3309 5300
607 427 732 491 158
1316 439 1551 480 Comment.
1585 438 1636 479 dc
1665 443 1710 480 S.
1732 438 1888 490 Script.
1920 452 2012 489 cap.
2046 451 2132 479 seo.
2163 441 2290 480 tract.
2321 435 2375 478 ΙΙ.

606 619 923 676 Ptolemaei
968 618 1362 694 Philadelphi,
1420 621 1850 696 Aegyptiorum
1897 621 2050 692 regis
2101 618 2445 694 praefectus,
2501 619 2628 691 regi
2675 619 2879 676 suadet
2921 615 3107 691 Legis

604 724 889 780 Mosaicae
934 741 1199 796 graecam
1244 723 1810 798 interpretationem.
1889 723 2035 780 Cum
2081 723 2446 780 Ptolemaeus
2489 721 2802 780 consilium
2845 723 2916 779 de
2961 741 3106 780 ver·

606 828 784 884 tenda
828 828 981 901 Lege
1026 829 1347 902 probasset,
1404 828 1535 886 Rex
1580 829 1653 884 ad
1692 847 1989 884 summum
2035 827 2071 884 J
2074 828 2389 884 udaeorum
2435 825 2769 902 pontificem
2813 828 3108 884 missurus

604 930 839 1004 legatos,
895 932 1143 989 Judaeos
1188 951 1384 989 omnes
1426 932 1595 990 bellis
1634 933 1712 989 ab
1743 933 2054 1008 Aegyptiis
2095 936 2291 1006 captos
2321 932 2388 987 in
2417 931 2751 988 libertatem
2781 930 3038 988 asseruit
3061 927 3104 986 ¹.

606 1035 942 1110 Splendidis
968 1037 1325 1106 muneribus,
1351 1056 1498 1113 quae
1522 1035 1762 1111 Templo
1786 1035 2304 1112 hierosolymitano
2335 1036 2567 1106 obtulit,
2601 1040 2660 1092 et
2683 1035 2872 1092 literis
2895 1034 3103 1107 regiis,

606 1140 818 1216 quibus
849 1140 1063 1214 Legis
1094 1141 1410 1197 codicem
1441 1145 1511 1197 et
1539 1141 1995 1214 interpretes
2024 1139 2300 1214 poposcit,
2329 1139 2606 1196 instructi
2630 1139 2828 1213 legati,
2855 1137 3105 1196 honori-

606 1243 981 1301 ficentissime
1038 1245 1465 1320 Hierosolymis
1525 1245 1836 1314 habentur,
1891 1243 2132 1320 votique
2183 1243 2356 1300 facile
2408 1248 2695 1317 compotes
2745 1244 3106 1300 redduntur.

608 1346 863 1405 Delectis
894 1348 1109 1425 quippe
1133 1348 1401 1405 LXXII.
1434 1349 1670 1405 senibus
1683 1344 1725 1418 2,
1759 1348 2064 1405 hebraicae
2089 1353 2148 1404 et
2169 1366 2407 1421 graecae
2435 1347 2672 1421 linguae
2703 1346 3104 1421 peritissimis,

608 1453 947 1508 tradebatur
975 1453 1253 1509 volumen
1284 1449 1497 1526 Legis3
1526 1453 1718 1508 aureis
1750 1451 1940 1508 literis
1971 1451 2325 1527 descriptum
2349 1453 2421 1508 ad
2445 1471 2642 1524 regem
2665 1450 3105 1526 perferendum.

606 1555 736 1611 Rex
768 1557 1007 1613 nuntios
1035 1557 1071 1612 J
1076 1558 1391 1613 udaeorum
1433 1555 1856 1612 humanissime
1887 1561 2155 1630 exceptos
2186 1576 2221 1613 a
2251 1555 2552 1612 Demetrio
2589 1575 2694 1612 suo
2725 1555 2799 1612 ad
2823 1554 3110 1611 insulam

606 1659 868 1715 Pharum
894 1660 1173 1717 deducere
1198 1660 1359 1732 facit,
1395 1661 1495 1716 ubi
1521 1661 1999 1734 interpretationi
2024 1679 2258 1734 operam
2280 1660 2518 1728 dabant,
2547 1659 2848 1715 Demetrio
2872 1659 3108 1714 scribae

606 1782 847 1819 munere
863 1762 1164 1837 fungente.
1192 1765 1402 1842 Itaque
1418 1765 1643 1822 collatis
1661 1763 2114 1839 exemplaribus,
2134 1783 2367 1841 unaque
2385 1763 2723 1836 congregati
2751 1767 2847 1820 72.
2868 1764 3109 1819 dierum

610 1867 796 1941 spatio
828 1868 1375 1942 interpretationem
1406 1867 1721 1926 absolvunt
1739 1865 1780 1926 4.
1830 1867 2114 1929 Quamvis
2143 1887 2283 1926 vero
2315 1866 2622 1942 epistolam
2657 1868 2924 1924 Aristeae
2959 1886 3105 1942 sup-

608 1972 887 2046 posititiis
916 1977 1183 2030 veterum
1213 1973 1445 2048 scriptis
1470 1991 1902 2043 accenseamus3
1937 1973 2191 2030 multum
2225 1977 2422 2029 tamen
2443 1973 2607 2029 abest
2629 1976 2695 2028 ut
2718 1991 2847 2028 eam
2871 1971 3106 2028 nullius

606 2095 770 2146 usne,
834 2076 975 2153 quia
1018 2077 1391 2152 impudenter
1440 2097 1556 2134 non
1611 2077 1807 2134 minus
1852 2097 2030 2154 quam
2073 2077 2480 2152 imprudenter
2529 2077 2748 2132 mundo
2799 2077 3108 2133 obtrusam

606 2180 922 2236 habeamus
944 2178 985 2238 ⁵.
1017 2181 1097 2238 Et
1126 2182 1201 2238 ad
1230 2183 1527 2238 Aristeam
1558 2183 1796 2259 quidem
1825 2183 1977 2259 quod
2009 2183 2222 2238 attinet
2251 2180 2424 2238 facile
2455 2180 2762 2254 largimur,
2797 2180 3107 2236 hominem

607 2285 787 2340 istum
838 2285 991 2341 male
1036 2305 1340 2361 personam
1385 2287 1625 2360 gentilis
1670 2287 1980 2355 sustinere;
2031 2305 2248 2363 suaque
2297 2285 2525 2357 merita,
2582 2285 2999 2343 auctoritatem
3045 2287 3110 2340 et

606 2387 1071 2446 familiaritatem
1110 2392 1263 2465 apud
1294 2392 1692 2448 Ptolemaeum
1718 2390 2194 2465 Philadelphum,
2229 2408 2403 2466 quem
2429 2408 2738 2464 perperam
2769 2408 2873 2464 pro
2903 2387 3105 2446 Ptole-

608 2512 769 2549 maeo
802 2495 993 2566 primo
1023 2494 1170 2567 Lagi
1210 2493 1335 2552 filio
1367 2497 1578 2571 posuit,
1614 2491 1772 2567 μάλα
1805 2496 2019 2567 σεμνῶς
2057 2495 2482 2569 depraedicare.
2529 2493 2769 2550 Etenim
2789 2490 2813 2529 ⁶
2859 2491 3104 2549 serioris

821 2789 857 2849 1)
898 2787 1150 2838 Oratores
1206 2795 1359 2838 erant
1408 2789 1670 2851 Andreas,
1727 2790 2044 2853 praecipuus
2100 2789 2338 2852 corporis
2386 2788 2468 2837 sui
2519 2791 2714 2849 custos,
2771 2792 2822 2836 et
2859 2787 3103 2837 Aristeas

608 2876 835 2939 scriptor
872 2881 1052 2924 noster
1086 2876 1337 2925 famosus.
1401 2876 1441 2940 2)
1482 2875 1587 2925 Sex
1625 2876 1830 2925 scilicet
1867 2892 1896 2924 e
1921 2875 2145 2940 singulis
2183 2876 2444 2925 tribubus.
2507 2874 2547 2938 ³)
2576 2874 2700 2924 Una
2724 2890 2845 2923 cum
2872 2873 3106 2937 epistola

608 2962 675 3010 ab
710 2962 973 3011 Eleazaro
1010 2978 1213 3011 summo
1250 2963 1518 3027 pontifice.
1581 2964 1621 3028 ⁴)
1663 2964 1781 3011 Hoc
1807 2962 2123 3027 palmarium
2161 2961 2418 3026 epistolae
2442 2960 2686 3011 Aristeae
2712 2965 2794 3010 est
2817 2976 3102 3025 argumen-

606 3052 744 3111 tum3
780 3064 889 3113 qua
914 3050 1090 3097 evenit
1120 3054 1179 3097 ut
1205 3066 1339 3113 opus
1366 3051 1519 3114 quasi
1546 3050 1614 3099 ab
1642 3050 1744 3099 hac
1769 3050 1888 3115 ipsa
1912 3048 2181 3114 legatione
2207 3048 2536 3098 elaboratum
2563 3049 2727 3097 LXX.
2754 3049 3102 3112 interpretum

607 3150 801 3184 nomen
846 3136 1007 3185 fuerit
1044 3142 1403 3185 consecutum.
1465 3137 1550 3185 Ex
1587 3138 1689 3186 isto
1727 3136 1874 3185 fonte
1923 3138 2101 3185 omnia
2149 3151 2248 3186 sua
2294 3136 2473 3185 hausit
2513 3136 2820 3199 antiquitas.
2897 3136 2939 3197 5)
2979 3135 3099 3183 Non

609 3224 749 3271 enim
785 3223 963 3271 statim
1001 3224 1114 3272 sine
1153 3223 1410 3287 peculiari
1449 3225 1691 3272 examine
1728 3228 1853 3272 sunt
1883 3224 1976 3272 illa
2003 3240 2098 3288 pro
2129 3222 2328 3272 fabulis
2365 3222 2674 3283 reiicienda,
2713 3236 2850 3286 quae
2881 3222 3104 3270 tradunt

606 3308 728 3357 libri
776 3310 1115 3373 supposititii.
1178 3311 1521 3360 Narrationes
1568 3310 1860 3359 nonnullae
1910 3310 2170 3359 eiusmodi
2217 3312 2528 3375 scriptorum
2574 3324 2790 3374 prorsus
2829 3308 2894 3357 de
2931 3308 3101 3358 nihilo

607 3399 767 3443 natae
805 3399 945 3456 sunt,
984 3395 1123 3445 aliae
1147 3396 1349 3445 habent
1372 3397 1613 3445 nonnihil
1640 3397 1987 3446 fundamenti.
2038 3398 2228 3446 Utrum
2254 3397 2418 3457 hisce,
2457 3412 2526 3445 an
2553 3397 2686 3457 istis,
2724 3395 3096 3445 accensendas

608 3482 920 3531 Aristeanae
960 3482 1295 3547 disputatur?
1331 3488 1384 3531 et
1420 3483 1487 3531 ad
1524 3488 1764 3534 nostrum
1801 3500 2016 3549 quoque
2042 3486 2343 3534 institutum
2381 3485 2611 3547 pertinet
2649 3483 2966 3548 disquisitio,
3004 3484 3099 3532 ubi

609 3572 662 3617 et
688 3568 902 3633 quando
942 3574 1059 3617 orta
1096 3570 1177 3631 sit,
1214 3569 1309 3618 illa
1334 3570 1399 3618 de
1428 3586 1533 3635 qua
1570 3572 1745 3634 agitur
1782 3571 1944 3631 LXX,
1984 3567 2031 3617 oi
2053 3570 2153 3619 τῶν
2187 3565 2229 3629 ό,
2271 3568 2316 3617 οἱ
2353 3566 2380 3617 0'
2415 3571 2760 3635 interpretum
2796 3569 3096 3619 translatio.

608 3654 649 3719 6)
688 3656 733 3703 A
771 3656 979 3705 Judaeo
1031 3656 1262 3719 quodam
1298 3658 1538 3706 Aristeae
1576 3658 1790 3706 nomine
1840 3656 2120 3706 confictam
2169 3656 2333 3706 fuisse
2384 3658 2585 3717 statuit,
2635 3656 2686 3705 J.
2725 3655 2994 3721 Scaliger,
3045 3657 3101 3703 in

610 3743 876 3791 animadv.
913 3743 1114 3791 Euseb.
1154 3743 1222 3792 ad
1260 3760 1311 3792 n.
1353 3746 1501 3792 1734.
1540 3760 1590 3808 p.
1633 3746 1746 3792 133.
1785 3749 2001 3792 secutus
2037 3744 2101 3792 L.
2139 3744 2346 3805 Vivem,
2385 3745 2478 3807 qui
2521 3744 2720 3808 primus
2759 3744 2997 3791 omnium
3034 3742 3102 3791 de

607 3828 831 3877 historia
868 3828 1033 3878 hacce
1069 3830 1309 3879 Aristeae
1346 3830 1566 3879 dubium
1604 3832 1785 3891 movit,
1822 3834 1931 3879 not.
1970 3832 2024 3879 in
2062 3831 2110 3879 d.
2149 3830 2449 3895 Augustini,
2499 3830 2564 3879 de
2603 3829 2718 3879 civ.
2755 3830 3101 3891 Dei'xvln,

608 3918 689 3965 42.
731 3920 765 3964 t.
804 3917 867 3964 V.
908 3916 1007 3981 Op.
1070 3916 1483 3977 „Circumfer-tur
1530 3917 1744 3967 libellus
1790 3918 1902 3965 eius
1953 3918 2165 3965 nomine
2203 3916 2478 3979 confictus,
2529 3922 2589 3965 ut
2632 3920 2760 3981 puto
2809 3917 2878 3965 ab
2917 3916 3103 3980 aliquo

608 4004 952 4051 recentiore.“
1005 4004 1137 4052 Post
1170 4004 1359 4052 Vivem
1397 4007 1451 4051 et
1486 4002 1817 4068 Scaligerum
1842 4003 2058 4053 fuerunt
2093 4004 2306 4068 plurimi
2343 4018 2463 4052 cum
2491 4004 2674 4052 Critici
2697 4008 2808 4051 tum
2835 4002 3106 4067 Theologi

609 4088 859 4138 catholici
896 4105 1003 4138 non
1040 4090 1206 4138 infimi
1243 4091 1498 4139 nominis:
1533 4089 1582 4137 ,Α
1622 4088 1987 4151 Salmeron,
2026 4090 2232 4154 Proleg.
2270 4090 2360 4138 VI.
2398 4094 2436 4138 t.
2462 4090 2502 4150 I,
2531 4091 2613 4138 64.
2661 4090 2732 4139 Η.
2766 4088 3103 4152 ValesiuS,

610 4180 791 4225 annot.
812 4177 868 4224 in
886 4176 921 4226 1.
942 4177 1005 4238 V,
1028 4179 1075 4226 8.
1108 4178 1332 4226 Eusebii
1352 4178 1420 4225 H.
1440 4178 1504 4225 E.
1526 4194 1578 4242 p.
1599 4178 1683 4225 94.
1715 4177 1776 4225 R.
1799 4176 2040 4238 Simon,
2070 4177 2226 4237 Hist.,
2249 4192 2320 4225 cr.
2340 4178 2404 4225 V.
2424 4176 2487 4225 Τ.
2505 4177 2575 4236 Π,
2596 4178 2645 4225 2.
2665 4193 2716 4241 p.
2739 4178 2788 4225 6.
2811 4176 2876 4225 Ε.
2898 4177 3104 4241 Dupin,

610 4263 849 4327 praelim.
890 4263 1013 4313 diss.
1042 4265 1088 4323 ἓ.
1114 4264 1213 4312 ΙΙΙ.
1240 4278 1290 4326 p.
1318 4266 1401 4312 52.
1429 4278 1470 4313 s·
1518 4263 1791 4325 Calmet,
1831 4265 1972 4313 Diss.
2013 4264 2078 4313 de
2113 4264 2372 4313 Ver-sione
2409 4264 2573 4313 LXX.
2609 4265 2824 4330 interpr.
2850 4264 2922 4313 D.
2948 4265 3013 4313 V.
3041 4265 3103 4313 Τ.

608 4350 651 4411 Ι,
692 4351 774 4400 69.
812 4364 854 4399 s.
909 4349 1364 4411 Montfaucon,
1403 4350 1708 4399 Praelimin.
1745 4352 1800 4398 in
1839 4352 1974 4399 Hex.
2003 4350 2148 4415 Orig.
2173 4351 2270 4412 111,
2297 4353 2346 4400 9.
2384 4350 2426 4411 Ι,
2453 4353 2536 4401 53.
2564 4366 2603 4400 s.
2643 4366 2710 4401 ex
2745 4352 2970 4413 nostris,
3011 4352 3105 4415 qui

611 4436 853 4485 Aristeae
890 4450 1094 4485 merces
1132 4441 1459 4501 respuerent.
1509 4438 1591 4485 Ex
1619 4436 1941 4487 Acatholicis
1979 4452 2184 4487 summa
2221 4436 2500 4502 diligentia
2533 4438 2590 4486 id
2623 4439 2800 4501 ipsum
2837 4440 3106 4503 praestitit

610 4524 679 4571 H.
718 4524 942 4584 Hodius‚
999 4524 1033 4572 l.
1073 4540 1116 4572 c.
1169 4529 1221 4573 et
1254 4524 1317 4573 A.
1354 4539 1463 4573 van
1497 4523 1653 4584 Dale,
1703 4523 1830 4573 diss.
1881 4540 1921 4573 s.
1958 4524 2169 4573 Aristea
2197 4523 2278 4591 ¹de
2325 4525 2490 4573 LXX.
2537 4526 2756 4591 interpr.
2807 4526 2898 4574 cui
2936 4526 3103 4591 ipsius

610 4612 878 4673 praetensi
917 4611 1157 4659 Aristeae
1195 4615 1370 4660 textus
1408 4611 1746 4675 subiungitur
1780 4610 1999 4661 Amstel.
2043 4613 2190 4661 1705.
2247 4611 2454 4671 Quibus
2492 4611 2620 4661 licet
2655 4628 2714 4661 se
2752 4613 3106 4676 opposuerint
