3309 5300
1206 441 1436 491 Versiones
1463 443 1672 491 Arabicae
1700 444 1753 490 N.
1783 444 1832 491 ¹1⁴.
2635 434 2759 503 195

271 625 423 674 1591.
462 621 693 689 aliisque
730 624 1007 675 codicibus
1043 626 1432 691 manuscriptio.
1478 627 1825 691 Quiscunque
1849 626 2008 676 fuerit
2032 626 2145 675 eius
2170 626 2446 691 interpres,
2484 628 2760 692 antiquum

268 716 531 761 monstrat
558 712 611 761 S.
636 712 985 761 Librorum
1023 712 1207 776 ord03
1244 713 1301 761 in
1325 728 1429 777 quo
1456 712 1714 777 Epistolis
1740 712 1877 763 Acta
1903 712 2274 778 Apostolorum
2297 715 2596 779 postposita
2619 718 2760 764 sunt.

268 798 333 846 V.
351 814 405 863 p.
426 799 512 848 66.
553 798 705 859 Quae
731 814 859 848 vero
885 800 942 847 in
966 798 1283 863 Polyglottis
1309 800 1698 849 Parisiensibus
1724 814 1773 849 a.
1795 801 1946 849 1645.
1974 800 2117 849 edita
2141 806 2265 850 sunt
2283 800 2571 850 Volumina
2596 800 2764 850 Sacra

268 884 335 933 N.
370 884 435 932 F.
474 890 529 933 et
564 887 751 949 paucis
786 886 1001 935 mutatis
1044 887 1099 933 in
1134 885 1571 935 Londinensibus
1612 886 1901 949 habentur,
1950 887 2093 952 quod
2131 886 2200 936 ad
2235 887 2536 955 Evangelia
2572 888 2762 935 attinet

268 976 475 1021 textum
514 987 581 1020 ex
618 972 849 1021 editione
885 972 1144 1035 Romana,
1182 973 1277 1023 sed
1312 988 1421 1022 non
1458 974 1573 1022 sine
1610 974 1940 1023 correctione
1978 973 2242 1023 exhibent.
2290 973 2376 1022 Ad
2406 974 2545 1023 hanc
2580 989 2762 1022 recen·

270 1060 477 1107 sionem
514 1060 633 1108 cod.
671 1076 775 1125 reg.
818 1062 901 1108 27.
954 1064 1007 1109 et
1045 1059 1207 1110 Coisl.
1246 1062 1363 1109 239.
1411 1059 1677 1110 adhibitos
1724 1076 1757 1109 a
1794 1059 2046 1110 Gabriele
2097 1059 2303 1110 Sionita
2348 1061 2542 1125 probat
2587 1058 2763 1109 Gilde-

270 1146 504 1206 meister,
543 1144 579 1195 l.
613 1162 659 1195 c.
696 1163 747 1211 p.
774 1149 857 1196 42.
910 1147 1019 1195 Ubi
1055 1146 1327 1209 dissident,
1368 1147 1770 1212 diligentissime
1807 1148 2044 1196 narravit
2081 1146 2144 1196 G.
2183 1147 2242 1196 C.
2282 1147 2443 1209 Storr,
2483 1147 2548 1196 de
2583 1148 2764 1196 Evan-

270 1232 426 1296 geliis
462 1231 723 1283 Arabicis.
760 1233 899 1282 Tub.
938 1235 1089 1283 1775.
1126 1250 1177 1299 p.
1217 1236 1264 1283 8.
1303 1250 1344 1283 s.
1406 1235 1710 1296 Editionem
1753 1239 2058 1284 accuratam
2095 1234 2292 1283 codicis
2328 1234 2762 1283 Vindobonensis

269 1317 519 1384 vulgavit
566 1320 625 1369 P.
675 1320 741 1369 de
782 1320 1046 1385 Lagarde,
1099 1319 1185 1369 die
1234 1322 1347 1369 vier
1394 1320 1732 1386 Evangelien
1779 1321 2044 1370 arabisch.
2094 1322 2278 1385 Leipz.
2326 1322 2475 1370 1864.
2537 1320 2766 1369 Textum

271 1406 389 1454 eius
444 1422 556 1457 non
608 1406 896 1457 admodum
950 1422 984 1456 a
1034 1410 1183 1456 textu
1236 1407 1530 1457 Bibliorum
1583 1406 1945 1457 Romanorum
2001 1423 2049 1457 a.
2103 1408 2253 1457 1590.
2312 1408 2536 1469 distare,
2599 1422 2765 1456 anno·

268 1493 409 1541 tavit
443 1492 603 1543 idem.
662 1494 805 1544 Prol.
841 1511 893 1559 p.
930 1494 1023 1543 IX.

484 1580 645 1630 Anno
674 1583 825 1630 1671.
874 1581 1077 1631 Romae
1102 1581 1356 1645 impensis
1394 1586 1449 1630 et
1476 1582 1727 1646 auspiciis
1752 1582 1962 1631 Urbani
1983 1582 2148 1643 VIII„
2189 1582 2362 1631 studio
2389 1581 2560 1646 Sergii
2595 1582 2766 1631 Risii

270 1668 789 1734 Archiepiscopi
836 1668 1189 1717 Damasceni:
1242 1668 1309 1716 ad
1346 1684 1501 1717 usum
1535 1668 1904 1719 Ecclesiarum
1947 1669 2282 1719 orientalium
2319 1684 2450 1719 cusa
2486 1674 2568 1718 est
2605 1670 2765 1720 editio

272 1754 576 1805 Bibliorum
603 1754 889 1805 Sacrorum
911 1756 1197 1804 Arabica
1222 1755 1298 1803 ad
1322 1756 1696 1821 vulgatam,
1725 1771 1864 1821 quae
1887 1756 1966 1805 illi
1990 1772 2019 1805 e
2039 1758 2256 1821 regione
2285 1756 2467 1806 addita
2493 1762 2587 1820 est,
2614 1773 2766 1807 revo-

275 1847 415 1891 cata.
454 1842 609 1903 Quae
634 1858 790 1908 porro
810 1844 866 1891 in
886 1841 1073 1891 eadem
1092 1842 1387 1907 Religionis
1414 1842 1724 1892 Catholicae
1743 1842 2026 1907 Metropoli
2046 1858 2080 1891 a
2101 1844 2252 1892 1703.
2273 1843 2432 1892 duob.
2452 1843 2556 1893 vol.
2576 1858 2766 1909 rogan-

273 1930 421 1978 tibus
459 1929 720 1978 Joanne
757 1928 1058 1979 Safrensi
1095 1934 1148 1978 et
1185 1928 1520 1994 Stephano
1567 1929 1906 1979 Edenensi
1941 1930 2326 1979 Maronitarum
2360 1930 2676 1995 patriarchis
2712 1932 2770 1980 in

274 2032 432 2065 usum
455 2015 826 2065 Ecclesiarum
849 2016 1287 2066 Maroniticarum
1312 2023 1535 2067 curante
1570 2018 1819 2067 Fausto
1851 2016 2194 2078 Naironio,
2233 2016 2625 2067 carshunice
2662 2032 2769 2067 una

276 2119 400 2152 cum
434 2103 689 2153 Peschito
725 2103 871 2152 facta
906 2109 988 2153 est
1022 2102 1186 2152 editio
1212 2106 1379 2168 typis3
1420 2121 1448 2153 e
1475 2104 1660 2153 codice
1691 2103 1886 2168 Cyprio
1915 2103 2180 2167 descripta
2212 2103 2454 2166 habetur,
2494 2108 2628 2154 teste
2651 2106 2770 2169 ipsa

276 2191 632 2255 praefatione.
694 2191 943 2255 Repetita
984 2192 1201 2241 Parisiis
1251 2192 1400 2240 1824.
1446 2206 1479 2239 a
1522 2190 1573 2239 S.
1622 2190 1689 2239 de
1735 2189 1915 2254 Sacy.
1976 2190 2240 2239 Arabicae
2286 2191 2562 2240 Versionis
2604 2192 2668 2240 V.
2719 2196 2772 2239 et

277 2278 343 2325 N.
374 2278 706 2327 Testamenti
730 2292 765 2326 a
788 2277 1049 2327 Joanne
1072 2279 1405 2343 Episcopo
1432 2277 1825 2342 Hispalensi
1865 2277 2157 2325 adornatae
2183 2278 2325 2325 circa
2351 2293 2546 2326 annum
2575 2278 2772 2328 Christi

281 2366 402 2413 717.
439 2365 682 2429 vestigia,
722 2365 965 2428 quamvis
1002 2380 1111 2413 non
1146 2380 1255 2413 uno
1292 2366 1347 2412 in
1384 2363 1501 2413 loco
1542 2368 1750 2412 exstare
1789 2363 2049 2425 dicantur,
2097 2362 2386 2413 hodiedum
2421 2364 2602 2414 latent.
2657 2366 2769 2413 Imo

278 2450 601 2515 Lagardius,
626 2450 663 2499 l.
686 2467 728 2499 c.
750 2468 802 2516 p.
822 2451 914 2500 XI.
936 2467 979 2500 s.
999 2454 1053 2499 et
1072 2450 1458 2513 Gildemeister,
1483 2450 1517 2499 l.
1540 2467 1584 2499 c.
1608 2468 1660 2515 p.
1681 2452 1766 2499 44.
1785 2465 2057 2514 nunquam
2085 2450 2344 2499 eiusmodi
2367 2451 2773 2501 translationem

276 2538 339 2585 in
375 2552 554 2585 rerum
590 2541 785 2587 natura
822 2538 1101 2598 exstitisse,
1140 2537 1502 2586 demonstrare
1540 2541 1784 2601 pergunt.
1839 2536 2198 2601 Reperiuntur
2235 2536 2409 2586 adhuc
2446 2554 2541 2602 per
2575 2538 2773 2587 Biblio-

273 2622 471 2674 thecas
514 2653 573 2662 -·
610 2639 657 2674 e.
697 2641 745 2690 g.
784 2624 1049 2674 Vaticana
1093 2623 1258 2673 habet
1304 2622 1554 2673 Codicem
1591 2623 1683 2672 IX.
1730 2623 1947 2686 saeculi,
1993 2623 2042 2673 d.
2081 2639 2131 2688 q.
2169 2640 2219 2672 v.
2259 2622 2476 2687 Scholz,
2523 2624 2654 2674 bibl.
2691 2624 2772 2674 kr.

274 2711 464 2760 Reise.
500 2728 551 2776 p.
592 2713 709 2761 117.
748 2728 789 2761 s.
844 2711 1269 2761 Berolinensium
1305 2712 1543 2760 meminit
1577 2711 1629 2759 J.
1667 2711 1736 2759 H.
1769 2712 2106 2771 Petermann,
2146 2727 2228 2776 ep.
2267 2711 2336 2760 ad
2372 2711 2668 2761 Philemon.
2707 2712 2777 2761 ad

278 2796 447 2846 fidem
484 2813 623 2847 vers.
650 2799 837 2847 orient.
863 2803 969 2847 vet.
1008 2813 1119 2847 una
1141 2813 1262 2846 cum
1298 2811 1479 2847 earum
1517 2801 1667 2846 textu
1703 2798 1831 2862 orig.
1858 2813 1934 2862 gr.
1962 2813 2007 2847 e.
2033 2798 2209 2846 Berol.
2241 2800 2420 2862 1844.;
2457 2799 2774 2864 Parisiensis

280 2885 725 2949 copto-arabicae
763 2886 905 2950 Hug,
942 2885 977 2933 l.
1016 2901 1061 2934 c.
1099 2902 1150 2950 p.
1188 2886 1307 2934 440.
1346 2900 1417 2948 s.;
1464 2885 1571 2934 duo
1606 2884 1890 2934 Bodleiani
1927 2902 1968 2935 s.
2006 2885 2155 2935 XIII.
2192 2885 2336 2950 apud
2373 2887 2564 2950 Pusey,
2605 2886 2776 2935 Catal.

276 2971 415 3021 Mss.
456 2971 655 3021 Orient.
693 2971 847 3020 Bodl.
884 2973 953 3034 H,
995 2973 1141 3036 564.;
1188 2971 1505 3022 Psalterium
1542 2986 1577 3020 a
1612 2972 1899 3034 Cureton0,
1952 2972 2069 3022 Cat.
2106 2972 2244 3021 Mus.
2281 2973 2409 3021 Brit.
2448 2973 2778 3038 descriptum

278 3058 355 3119 II,
394 3060 447 3107 4.
502 3058 919 3124 Petropolitani,
959 3073 1045 3125 ap.
1081 3059 1458 3120 Tischendorf,
1503 3057 1706 3108 Anecd.
1745 3057 1797 3108 S.
1831 3063 1890 3108 et
1924 3060 2012 3108 Pr.
2048 3060 2197 3124 Lips.
2236 3060 2388 3108 1855.
2425 3076 2477 3125 p.
2515 3061 2596 3108 71.
2633 3074 2674 3110 ε.
2711 3087 2778 3096 -

280 3144 437 3194 haud
484 3147 644 3210 pauci
690 3147 1181 3211 interpretationum
1234 3147 1573 3196 arabicarum
1618 3145 1741 3195 libri
1793 3147 2163 3210 manuscripti,
2221 3146 2288 3195 de
2338 3145 2530 3211 quibus
2581 3145 2776 3194 ardens

282 3231 620 3282 eruditorum
662 3238 847 3283 votum
884 3238 1184 3298 exspectat,
1230 3238 1289 3282 ut
1324 3249 1507 3282 eorum
1545 3231 1707 3282 editio
1745 3232 1854 3282 fiat.
1915 3233 2002 3281 Ex
2049 3233 2260 3282 ineditis
2303 3232 2482 3282 nullus
2521 3231 2779 3282 celebrior

280 3319 407 3380 illo,
454 3335 609 3384 quem
646 3319 710 3368 C.
747 3320 1102 3370 Tischendorf
1132 3336 1199 3370 ex
1236 3319 1455 3391 Oriente
1503 3321 1732 3369 advexit.
1796 3319 1874 3368 Cf.
1912 3319 2113 3368 Anecd.
2155 3319 2300 3368 Sacr.
2341 3324 2394 3368 et
2427 3319 2564 3383 prof.
2602 3336 2654 3384 p.
2694 3321 2778 3368 65.

282 3405 543 3456 Continet
590 3407 992 3456 translationem
1036 3407 1453 3472 Evangeliorum
1502 3407 1773 3456 arabicam
1811 3422 1839 3455 e
1879 3406 2040 3467 „Sim
2050 3392 2247 3470 plicia·
2297 3406 2509 3455 factam.
2570 3405 2778 3455 Arabes

284 3509 421 3544 suas
454 3493 831 3544 translationes
858 3510 889 3543 e
914 3493 1119 3544 Graeco
1157 3495 1305 3544 fonte
1336 3494 1647 3555 instituisse,
1674 3492 1834 3558 longe
1859 3474 2070 3558 plurimi
2107 3493 2392 3543 admittunt
2421 3494 2522 3542 viri
2559 3493 2779 3555 eruditi3

288 3609 355 3618 —-
396 3581 634 3631 Arabum
678 3583 923 3632 notitiam
966 3583 1228 3646 insignem
1277 3580 1546 3630 literarum
1594 3595 1908 3646 graecarum
1962 3581 2262 3629 evicerunt:
2314 3579 2376 3629 G.
2429 3579 2492 3628 Ο.
2539 3579 2779 3644 Fluegel,

288 3668 357 3717 de
399 3669 627 3717 arabicis
664 3669 979 3733 scriptorum
1017 3683 1329 3733 graecorum
1362 3669 1759 3733 interpretibus.
1802 3668 1960 3718 Misn.
2001 3668 2150 3716 1841.
2212 3668 2263 3716 J.
2303 3666 2367 3717 G.
2403 3667 2672 3729 Wenrich,
2714 3665 2779 3714 de

290 3755 585 3805 Auctorum
634 3754 959 3805 Graecorum
1006 3769 1142 3804 vers.
1198 3761 1251 3804 et
1288 3770 1473 3804 comm.
1510 3769 1613 3818 syr.
1653 3754 1885 3803 arabicis
1923 3769 2120 3803 armen.
2157 3769 2295 3820 pers.
2351 3755 2496 3818 Lips.
2539 3755 2688 3802 1842.
2727 3769 2779 3817 p.

290 3844 381 3891 22.
410 3869 473 3880 -—
498 3858 527 3892 e
556 3842 830 3906 Syriaco
858 3847 1036 3892 autem
1058 3842 1199 3892 idem
1224 3842 1433 3903 fecisse,
1467 3841 1612 3890 haud
1636 3841 1798 3906 pauci
1822 3845 2088 3905 negarunt
2112 3841 2318 3890 eruditi.
2370 3839 2478 3889 Sed
2503 3855 2658 3889 omne
2682 3839 2782 3888 hac

290 3929 361 3978 de
400 3945 455 3978 re
491 3929 711 3979 dubium
748 3929 962 3980 sustulit
998 3929 1165 3979 codex
1200 3929 1619 3994 Evangeliorum
1652 3926 2158 3978 Tischendorfianus
2196 3928 2494 3992 Lipsiensis
2531 3926 2780 3976 laudatus

286 4031 439 4066 saec.
474 4017 550 4065 X:
578 4031 689 4066 non
724 4016 960 4078 inferior,
998 4031 1153 4081 quem
1190 4021 1439 4065 accurate
1478 4014 1732 4078 expendit
1768 4013 2154 4075 Gildemeister,
2193 4013 2229 4063 l.
2257 4029 2301 4062 c.
2326 4006 2378 4078 p.
2406 4015 2454 4062 6.
2481 4030 2522 4064 s.
2571 4013 2782 4078 Episto—

286 4103 470 4152 larum
516 4119 643 4152 vero
692 4103 973 4153 translatio
1022 4119 1051 4152 e
1101 4101 1329 4167 simplici
1378 4116 1639 4150 conversa
1685 4105 1991 4151 asservatur
2037 4101 2092 4148 in
2141 4100 2277 4150 libro
2325 4115 2449 4149 mss.
2501 4113 2641 4148 saec.
2688 4099 2782 4147 IX.

286 4191 535 4255 Petrop
549 4190 821 4242 olitano.
872 4190 1208 4254 Quamquam
1242 4191 1393 4238 iuxta
1429 4189 1704 4253 disputata
1730 4188 2000 4237 versiones
2035 4185 2300 4236 Arabicae
2338 4186 2557 4250 reliquis
2596 4184 2782 4234 Orien-

289 4277 495 4327 talibus
532 4277 1060 4342 interpretationibus
1098 4277 1421 4325 recent-iores
1459 4276 1590 4336 sint,
1640 4280 1820 4324 tamen
1857 4275 2038 4338 aliquo
2077 4288 2176 4322 usu
2215 4273 2398 4322 critico
2437 4288 2547 4321 non
2584 4276 2782 4321 carent.

292 4363 529 4414 Saadiae
565 4365 745 4414 versio
782 4365 1083 4429 cumprimis
1108 4365 1164 4412 in
1190 4362 1432 4412 Psalmos
1471 4361 1826 4426 etymologica
1861 4360 2084 4425 praebet
2119 4360 2362 4410 subsidia
2398 4359 2468 4408 ad
2497 4358 2784 4408 eruendam

292 4453 646 4502 obscurarum
691 4467 886 4500 vocum
921 4450 1291 4500 hebraicarum
1328 4451 1461 4511 vim,
1508 4449 1651 4498 unde
1688 4449 2058 4498 Hebraeorum
2096 4431 2308 4512 quoque
2351 4447 2616 4511 magistri,
2667 4460 2785 4493 cum

293 4539 365 4586 iis
400 4553 546 4603 aqua
580 4538 783 4599 haeret,
822 4537 892 4586 ad
928 4537 1199 4587 arabicam
1232 4536 1471 4601 linguam
1508 4535 1840 4601 confugiunt.
1872 4563 1938 4570 —
1976 4533 2146 4582 Lectu
2183 4533 2348 4598 digna
2384 4538 2508 4582 sunt
2545 4547 2683 4596 quae
2722 4531 2786 4579 de

294 4625 527 4676 utilitate
572 4625 803 4676 maxima
837 4624 995 4674 huius
1042 4624 1253 4674 dialecti
1300 4624 1569 4689 congessit
1604 4624 1850 4686 Walton,
1897 4621 2195 4686 Prolegom.
2233 4621 2375 4682 XIV,
2413 4623 2460 4670 3.
2498 4637 2550 4685 p.
2589 4621 2706 4668 520.
2745 4633 2786 4666 s.

2378 4706 2478 4757 13*
