3309 5300
1272 414 1417 455 simia
1442 415 1706 467 ungarica.
2608 401 2736 469 245
2837 418 2842 423 ·

252 594 303 651 S.
336 592 392 651 S.
423 592 761 651 Bibliorum
794 598 1003 670 partes,
1038 596 1112 652 ad
1140 594 1317 652 fidem
1346 596 1854 671 interpretationis
1886 594 2135 654 Latinae
2166 616 2464 672 expressas
2488 618 2500 655 :
2533 596 2730 668 Ruth3

249 698 475 770 Judith;
506 698 753 770 Esther3
786 700 1047 771 Baruch;
1078 699 1319 770 Danie13
1352 699 1488 756 XII
1517 701 1840 776 Prophetas
1879 702 2168 759 Minores:
2202 702 2254 758 E
2282 701 2552 759 Danielis
2582 720 2630 759 c.
2671 705 2730 758 4.

250 805 397 860 deest
422 823 483 860 v.
524 808 836 875 12-25,;
878 824 911 861 e
939 804 1235 862 Malachia
1267 836 1349 845 --
1380 806 1545 861 cuius
1574 807 1692 863 duo
1719 805 1866 863 folia
1895 824 2102 863 manus
2131 806 2339 883 iniqua
2367 805 2616 864 abstulit
2648 838 2734 847 —-

248 908 411 965 hiant
444 912 501 978 1,
544 912 647 965 13.
667 940 750 949 -—-—
772 913 828 980 3,
871 913 968 965 12.
1016 909 1272 965 Additus
1302 912 1388 965 est
1416 927 1646 986 quoque
1677 910 1945 984 prologus
1976 911 2032 967 d.
2065 909 2442 987 Hieronymi.
2497 909 2732 983 Lingua

247 1016 491 1069 utimtur
520 1012 903 1071 translatores
933 1014 1116 1088 proba
1146 1018 1205 1070 et
1235 1032 1494 1071 amoena.
1546 1014 1704 1071 Olim
1733 1015 1884 1071 forte
1915 1020 1974 1071 et
2004 1014 2150 1072 alios
2178 1014 2386 1072 Libros
2417 1014 2598 1071 codex
2627 1012 2732 1070 ille

248 1116 462 1185 tenuit3
497 1136 642 1173 nam
673 1118 989 1174 eorundem
1020 1137 1139 1175 esse
1169 1118 1643 1193 deprehenditur,
1679 1121 1783 1196 qui
1813 1118 2134 1181 Quatuor
2159 1118 2568 1193 Evangelia
2596 1137 2730 1177 ver-

246 1219 446 1277 nacula
475 1222 807 1295 hungarica
849 1222 1250 1279 reddiderunt.
1312 1221 1475 1285 Quae
1512 1224 1686 1280 hodie
1732 1228 2108 1282 asservantur
2147 1224 2210 1281 in
2247 1224 2501 1301 quodam
2539 1223 2731 1279 codice

246 1326 577 1383 Monacensi
604 1324 641 1383 ¹.
702 1327 908 1403 Neque
960 1326 1209 1384 aliorum
1264 1346 1382 1384 esse
1428 1331 1718 1402 putantur
1763 1328 2112 1405 quibusdam
2157 1328 2258 1385 illa
2302 1328 2359 1385 S.
2400 1327 2730 1385 Bibliorum

246 1430 723 1503 Hungaricorum
752 1431 1084 1504 fragmenta
1099 1477 1112 1503 ,
1156 1450 1302 1507 quae
1344 1430 1532 1488 Albae
1573 1430 1875 1489 Carolinae
1915 1434 1980 1489 in
2011 1432 2378 1490 Bibliotheca
2419 1431 2730 1507 episcopali

244 1533 672 1592 custodiuntur.
741 1535 1049 1609 Leguntur
1093 1536 1158 1593 in
1203 1537 1313 1593 hoc
1356 1536 1549 1593 codice
1593 1556 1763 1594 mss.:
1819 1537 2126 1596 Canticum
2171 1537 2254 1609 0.,
2304 1537 2340 1594 J
2343 1538 2415 1594 ob
2461 1534 2725 1607 mutilus,

244 1637 481 1708 Psalmi3
516 1640 755 1696 demum
785 1640 1087 1715 pericopae
1111 1641 1501 1714 Evangelicae
1526 1646 1587 1698 et
1607 1642 1906 1716 Epistolae
1929 1662 1964 1699 a
1986 1643 2306 1700 recentiore
2329 1660 2510 1698 manu
2537 1646 2566 1698 1
2581 1644 2725 1698 508.

244 1743 303 1799 Β.
328 1742 691 1801 Halabori
723 1744 1043 1819 descriptae
1062 1740 1103 1801 ².
1148 1746 1282 1802 Non
1305 1745 1407 1803 diu
1431 1749 1560 1820 post
1582 1746 1799 1804 claruit
1821 1747 1921 1803 Fr.
1948 1748 2016 1804 L.
2048 1746 2402 1823 Bathory,
2437 1765 2469 1801 e
2499 1746 2726 1821 princi·

244 1848 403 1921 pibus
435 1846 935 1920 Transsilvaniae,
984 1849 1223 1906 Ordinis
1252 1848 1309 1905 S.
1344 1849 1515 1907 Pauli
1547 1850 1811 1909 Eremita
1841 1851 1906 1907 in
1936 1851 2288 1908 monasterio
2320 1850 2378 1907 S.
2412 1848 2724 1907 Laurentii

244 1970 410 2026 prope
454 1952 709 2009 Budam.
743 1954 777 2026 †
817 1957 1001 2011 1456.
1063 1954 1289 2011 Studiis
1332 1954 1643 2011 literarum
1692 1974 1806 2011 non
1855 1955 2052 2013 minus
2082 1974 2148 2013 ac
2185 1957 2395 2030 pietati
2440 1948 2722 2025 intentus,

245 2061 381 2112 tota
418 2055 477 2112 S.
512 2056 757 2115 Biblia
796 2076 927 2113 cum
974 2058 1363 2133 plurimorum
1394 2058 1743 2115 Sanctorum
1782 2060 2070 2131 historiis,
2121 2079 2152 2116 e
2183 2060 2368 2117 latino
2399 2060 2464 2115 in
2494 2059 2724 2131 hunga-

244 2160 421 2216 ricum
445 2159 670 2217 idioma
692 2162 1060 2218 transtulisse
1090 2162 1282 2220 fertur
1299 2160 1341 2220 3.
1381 2163 1567 2220 Nemo
1600 2168 1796 2220 tamen
1826 2164 2104 2227 Veterum
2128 2168 2362 2220 narrat:
2395 2182 2471 2219 an
2502 2162 2722 2219 alicubi

243 2265 493 2320 locorum
526 2286 698 2323 mssa.
738 2263 1050 2335 haereat⁴;
1092 2271 1150 2324 et
1187 2271 1387 2324 utrum
1419 2268 1484 2323 in
1522 2268 1715 2324 codice
1755 2267 2386 2344 ,Jordsnszkyano‘
2435 2265 2722 2339 Strigonii

240 2374 497 2427 servetur
518 2368 561 2440 ⁵,
596 2371 856 2428 nondum
886 2372 959 2427 ad
990 2370 1348 2429 evidentiam
1380 2372 1844 2430 demonstratum
1873 2372 2143 2429 habetur.

440 2596 479 2661 ¹)
522 2594 584 2645 A.
614 2597 764 2645 1466.
802 2595 1085 2662 descripte,
1126 2598 1215 2662 qui
1241 2596 1371 2646 folia
1404 2599 1519 2647 108.
1556 2598 1612 2645 in
1637 2596 1740 2647 1v0
1765 2596 1956 2662 habet3
1996 2597 2120 2646 olim
2144 2596 2196 2646 J.
2223 2596 2283 2646 A.
2310 2594 2722 2645 Widmanstadii

240 2682 283 2731 d.
318 2699 367 2748 q.
397 2699 447 2732 v.
488 2701 544 2748 p.
568 2684 683 2732 189.
717 2685 799 2732 90.
854 2684 939 2732 De
976 2682 1079 2732 hoc
1116 2684 1299 2733 codice
1336 2685 1649 2734 Monacensi
1686 2686 1968 2750 sequentia
2002 2685 2279 2734 nobiscum
2316 2683 2725 2732 communicavit

238 2786 283 2818 v.
308 2786 348 2819 s.
374 2786 413 2818 r.
439 2769 494 2818 J.
522 2768 670 2818 Bach
710 2770 920 2819 Monac.
961 2771 1043 2820 20.
1069 2771 1193 2819 Jan.
1224 2772 1401 2820 1867.:
1442 2771 1573 2820 Cod.
1610 2787 1736 2820 mss.
1761 2771 1899 2820 Bibl.
1923 2771 2054 2835 Reg.
2084 2771 2294 2820 Monac.
2318 2770 2542 2835 hungar.
2581 2773 2720 2818 cont.

238 2857 475 2917 Quatuor
523 2857 731 2922 Evang.
781 2857 942 2922 hung.
979 2873 1118 2907 vers.
1155 2857 1246 2907 fol.
1298 2859 1520 2908 8-108,
1570 2858 1802 2907 chartac.
1850 2873 1987 2922 quae
2034 2856 2307 2922 praecedit
2345 2855 2564 2906 Calend.
2603 2856 2721 2905 ead.

238 2943 413 3007 lingna
440 2945 726 3008 conscript.
768 2944 857 2992 fol.
887 2946 1036 2994 1-7,
1074 2945 1365 2995 membran.
1395 2946 1487 2994 IV.
1550 2945 1591 3009 2)
1632 2944 1814 2994 Codex
1839 2945 2270 2994 vindobonensis
2306 2950 2361 2994 et
2381 2944 2721 2994 Monacensis

238 3029 357 3078 editi
394 3035 525 3079 sunt
559 3033 615 3079 in
652 3047 736 3096 op.
774 3031 1084 3094 Dfibrentei,
1122 3029 1235 3096 regi
1269 3046 1489 3097 magyar
1523 3031 1948 3096 nyelvemlekek.
1984 3031 2119 3082 Bud.
2149 3033 2299 3082 1838.
2335 3032 2379 3094 Ι,
2405 3033 2454 3080 3.
2485 3047 2528 3081 s.
2569 3031 2720 3079 1842.

236 3117 325 3178 ΠΙ,
352 3119 434 3166 17.
464 3133 509 3166 s.
564 3115 869 3182 Specimina
904 3117 1101 3166 codicis
1140 3117 1386 3168 Albensis
1424 3123 1549 3169 sunt
1583 3118 1729 3184 apud
1764 3117 1853 3169 Fr.
1880 3118 2070 3184 Toldy,
2105 3119 2332 3183 Magyar
2358 3119 2423 3168 N.
2451 3117 2720 3166 Irodalom

237 3201 537 3252 Tor-tenete.
564 3204 706 3253 Pest.
736 3205 885 3253 1862.
922 3205 967 3266 1,
994 3207 1110 3254 247.
1174 3205 1214 3270 3)
1250 3205 1297 3254 A
1334 3205 1791 3271 Historiographis
1824 3205 2067 3255 Ordinis:
2104 3207 2414 3271 Eggerer,
2451 3204 2719 3270 Fragmen

238 3291 382 3354 panis
422 3291 573 3339 corvi
608 3297 925 3355 protoerem.
954 3308 994 3340 s.
1026 3291 1143 3340 Rei.
1180 3292 1371 3341 Annal.
1411 3308 1567 3342 erem.
1608 3308 1758 3342 coen.
1796 3293 1883 3342 Fr.
1910 3294 1974 3342 E.
2004 3292 2067 3342 O.
2097 3293 2148 3342 S.
2173 3292 2329 3342 Pauli
2365 3308 2414 3356 p.
2445 3307 2489 3341 e.
2510 3291 2718 3340 .Vienn.

238 3379 380 3425 1663.
420 3395 475 3442 p.
504 3379 621 3426 220.
661 3377 728 3426 ad
766 3393 813 3426 a.
842 3380 959 3427 220.
1009 3378 1095 3426 Fr.
1136 3378 1366 3441 orosz,
1407 3378 1632 3444 Synops.
1670 3366 2111 3428 Anna1.¹Paulin.
2151 3377 2481 3444 Sopr.1747.
2519 3395 2570 3443 p.
2599 3379 2717 3426 300.

234 3464 281 3513 J.
316 3462 626 3528 Pongracz,
674 3465 995 3530 Triumphus
1044 3465 1215 3515 Pauli.
1253 3466 1376 3516 Pos.
1418 3468 1567 3515 1752.
1615 3483 1666 3530 p.
1706 3468 1788 3516 51.
1827 3468 1910 3515 65.
1971 3466 2211 3531 Scriptor
2259 3481 2506 3530 anonym.
2546 3480 2716 3528 comp.

235 3550 364 3598 Hist.
393 3550 449 3600 S.
478 3552 539 3600 R..
568 3550 631 3600 Ο.
670 3567 711 3600 s.
738 3551 909 3600 Pauli.
947 3552 1076 3601 Vac.
1107 3553 1256 3601 1804.
1284 3569 1334 3617 p.
1363 3554 1444 3601 50.
1505 3553 1547 3617 ⁴)
1585 3545 1654 3601 A?
1683 3550 2007 3618 Horanyi,
2045 3552 2358 3617 Hungariae
2395 3551 2716 3601 eruditorum

235 3636 574 3702 biographus,
613 3637 739 3686 data
773 3637 843 3687 ad
880 3637 945 3687 cl.
983 3638 1080 3687 Ad.
1108 3639 1261 3688 Viser
1285 3667 1351 3676 —
1375 3639 1627 3689 Hermen.
1666 3641 1730 3689 N.
1757 3641 1818 3689 T.
1857 3640 1979 3689 Pos.
2016 3641 2166 3690 1785.
2204 3641 2252 3702 4,
2285 3640 2367 3689 65.
2399 3667 2460 3676 -·-
2489 3638 2718 3703 epistola

235 3723 314 3772 die
362 3725 412 3772 2.
452 3724 585 3774 Dec.
626 3725 776 3774 1783.
828 3727 1175 3775 existimavit:
1226 3727 1592 3792 interpretem,
1645 3729 1798 3776 cuius
1845 3727 2084 3776 meminit
2130 3726 2228 3776 cel.
2270 3722 2433 3775 Kaldi
2470 3725 2521 3774 S.
2559 3725 2611 3774 J.
2649 3752 2716 3768 —.

237 3812 380 3860 1626.
420 3825 470 3860 a.
511 3809 711 3860 Oktat6
748 3812 887 3860 intes
925 3829 977 3862 n.
1001 3813 1093 3862 IV.
1131 3829 1181 3877 p.
1210 3814 1258 3862 4.
1285 3813 1335 3863 h.
1360 3829 1411 3862 v.
1452 3811 1678 3874 „nekem
1714 3815 1989 3878 bizonyos,
2027 3811 2085 3863 es
2123 3809 2496 3862 hitelre-melto
2536 3813 2718 3862 ember

234 3897 522 3960 mondotta,
562 3898 704 3963 hogy
738 3895 873 3949 latta
908 3914 972 3948 az
1009 3901 1135 3949 irott
1160 3899 1385 3964 Magyar
1406 3897 1700 3950 Biblianak
1729 3901 1979 3966 nagyobb
2016 3897 2206 3963 reszet,
2243 3899 2404 3965 melly
2439 3895 2715 3948 ketszaz

236 3983 565 4034 esztendss
617 3983 793 4035 elsstt
840 3985 1187 4036 sorditatott.“
1229 4015 1292 4023 —
1331 3986 1641 4036 Ladislaum
1677 3983 1970 4052 Bathory
2007 3988 2300 4050 exstitisse3
2348 3985 2442 4038 scd
2480 4001 2509 4035 e
2536 3986 2715 4035 verbis

235 4071 459 4122 laudatis
496 4069 703 4135 Ktildii,
748 4087 815 4122 ne
853 4073 1105 4138 augurari
1142 4074 1353 4138 quidem
1392 4075 1702 4123 coniectura
1734 4074 1888 4136 licet,
1937 4089 2096 4139 quam
2134 4073 2537 4142 translationem
2583 4085 2714 4137 prae

236 4159 399 4209 oculis
437 4158 685 4208 habuerit
719 4161 803 4208 vir
836 4159 927 4208 ille
948 4196 961 4221 ,
1001 4161 1089 4225 qui
1136 4157 1332 4210 Kaldio
1378 4162 1637 4222 narravit,
1687 4160 1831 4226 quod
1877 4161 2069 4210 viderit
2113 4161 2406 4225 hungarica
2452 4159 2632 4210 Biblia
2669 4176 2713 4210 c.
2793 4210 2797 4212 .

237 4260 279 4294 a.
307 4247 457 4295 1426.
496 4259 668 4295 versa.
733 4247 775 4311 ⁵)
814 4246 866 4297 S.
896 4245 1221 4312 Scripturam
1246 4249 1303 4296 in
1326 4247 1676 4312 hungaricam
1711 4263 1923 4297 versam
1959 4249 2198 4297 continet
2223 4262 2269 4297 a.
2299 4249 2450 4297 1519.
2488 4248 2713 4312 scriptus

237 4331 544 4381 carthaceus
583 4332 752 4382 codex
789 4333 856 4382 ol.
891 4333 1039 4383 Alex.
1077 4334 1113 4382 J
1126 4329 1505 4398 ordanszky
1540 4335 1642 4399 Ep.
1669 4335 2034 4384 Tinniniensis
2072 4334 2130 4384 C.
2155 4335 2221 4384 E.
2247 4334 2318 4383 Μ.
2345 4334 2398 4384 S.
2424 4333 2595 4383 Exod.
2620 4333 2712 4396 VI,

239 4421 279 4467 7.
306 4433 415 4483 seq.
453 4419 585 4468 LeV.
622 4421 777 4469 Num.
815 4420 975 4470 Dent.
1013 4420 1127 4470 Jos.
1165 4420 1340 4469 Judic.
1378 4421 1441 4470 L.
1466 4421 1529 4469 L.
1569 4436 1752 4470 omnes
1788 4421 1924 4470 Novi
1961 4421 2288 4470 Testamenti
2325 4424 2537 4484 praeter
2565 4419 2712 4468 xm.

236 4505 501 4569 Epistolas
540 4505 592 4554 S.
617 4505 789 4555 Pauli.
835 4507 1082 4571 Denique
1120 4509 1490 4573 pericoparum
1524 4506 2008 4557 ecclesiasticarum
2034 4507 2202 4557 codex
2229 4507 2402 4556 Musei
2425 4506 2713 4556 nationalis

236 4591 573 4655 Pestinensis,
623 4594 873 4659 anonymi
909 4593 1155 4645 monachi
1194 4593 1550 4645 carthusiani.
1593 4597 1743 4644 1527.
1781 4596 2025 4660 scriptus,
2063 4595 2436 4646 memorandus
2475 4599 2570 4645 est.
