3309 5300
540 422 668 491 284
1234 438 1473 481 comment.
1501 438 1555 481 do
1584 439 1627 481 S.
1649 439 1861 491 Scriptur.
1889 451 1985 491 cap.
2013 440 2118 481 tert.
2145 440 2254 480 sect.
2283 438 2319 480 1.

720 721 779 801 ξ.
831 722 975 787 124.
1040 716 1307 782 Genus
1351 716 1623 781 Divini
1671 716 1992 783 Codicis
2039 716 2359 783 dicendi
2404 719 2833 829 poetipum.

742 910 808 959 In
854 910 1170 976 explicando
1226 925 1421 975 genere
1470 909 1681 959 dicendi
1731 908 1782 959 S.
1820 910 2121 959 Literarum
2173 912 2505 974 „poetieo“
2563 924 3031 975 supervacaneum

535 998 699 1047 foretz
740 996 805 1046 de
833 997 1152 1060 elocutione,
1193 1012 1351 1061 quam
1388 998 1601 1062 proprio
1640 997 1998 1061 strictiorique
2035 1013 2201 1047 sensu
2225 1026 2292 1033 —
2317 1013 2450 1047 voce
2475 997 2709 1046 barbara
2733 1024 2800 1033 —
2827 995 3029 1060 stylum

536 1084 746 1147 ‹licunt3
790 1085 917 1132 item
954 1084 1019 1133 de
1056 1083 1254 1149 figuris,
1294 1084 1487 1148 quibus
1526 1082 1675 1133 Sacri
1712 1084 1912 1133 Poetae
1949 1085 2277 1148 potissimum
2314 1088 2549 1146 utuntur,
2587 1083 2793 1147 dicere3
2832 1098 2954 1131 eum
2998 1098 3031 1132 e

536 1170 744 1235 legibus
792 1171 1027 1221 Poeseos
1072 1172 1128 1219 in
1178 1172 1481 1219 universum
1537 1172 1670 1220 satis
1717 1186 1887 1220 sermo
1933 1171 2154 1232 Vatum,
2204 1172 2506 1235 cumprimis
2554 1170 2616 1219 V.
2655 1171 2744 1231 T„
2792 1172 3030 1219 maxime

535 1256 833 1321 patheticus
869 1258 1114 1322 vivisque
1152 1257 1439 1306 affectuum
1477 1258 1740 1306 animatus
1790 1257 2053 1321 igniculis,
2103 1256 2420 1307 sublimibus
2469 1257 2749 1307 sententiis
2796 1262 3028 1306 ornatus

535 1342 737 1391 affatim
764 1345 1013 1408 cognosci
1039 1345 1207 1409 possit
1232 1348 1285 1393 et
1318 1343 1558 1392 iudicari.
1595 1343 1830 1407 Tempus
1864 1349 1917 1393 et
1941 1343 2241 1392 chartarum
2279 1344 2503 1408 penuria
2536 1343 2800 1408 prohibet,
2839 1343 3032 1407 aliqua

534 1427 675 1477 belle
712 1429 950 1479 florentis
987 1432 1043 1478 in
1068 1430 1267 1479 Divino
1306 1429 1505 1479 Codice
1542 1432 1800 1479 sermonis
1838 1432 2131 1495 specimina
2167 1430 2434 1480 exhibere.
2482 1430 2554 1479 At
2588 1446 2715 1480 vero
2755 1430 3032 1480 diversa

534 1530 793 1579 genera
840 1531 1190 1565 sacrorum
1241 1518 1640 1579 carminum,
1699 1523 1753 1567 et
1801 1522 2091 1566 externa
2137 1518 2353 1567 forma
2401 1517 2792 1567 consideranda
2846 1519 3030 1581 venit3

533 1602 676 1651 unde
714 1608 767 1652 et
801 1608 917 1653 tota
952 1604 1186 1653 Poeseos
1224 1603 1421 1653 Sacrae
1459 1606 1594 1653 ratio
1632 1604 1825 1653 clarior
1866 1604 2072 1654 evadet.

741 1705 788 1739 a.
829 1688 1013 1738 Omnis
1065 1690 1117 1740 S.
1155 1690 1453 1741 Literarum
1490 1692 1553 1740 V.
1591 1692 1651 1740 Τ.
1703 1692 1882 1756 poesis
1920 1692 2117 1755 duplici
2166 1693 2392 1741 maxime
2441 1707 2636 1756 genere
2685 1691 3027 1740 continetur:

535 1775 821 1839 „lyrico“
874 1792 1064 1841 nempe
1104 1781 1157 1825 et
1196 1777 1635 1838 „didactico.“
1700 1778 1746 1826 Ε
1787 1780 1979 1842 quibus
2028 1777 2252 1842 lyricum
2299 1782 2350 1827 et
2400 1778 2824 1842 antiquissimum
2873 1776 3032 1843 apud

530 1864 810 1912 Hebraeos
847 1864 949 1912 fuit
986 1869 1041 1913 et
1075 1863 1332 1914 latissime
1368 1869 1574 1929 patenS.
1613 1865 1842 1929 Lyricae
1879 1881 2105 1929 poeseos
2141 1881 2324 1914 rursus
2351 1865 2596 1913 diversae
2632 1870 2758 1914 sunt
2794 1866 3029 1929 species,

531 1964 628 2013 pro
668 1950 973 2000 diversitate
1011 1950 1312 2013 affectuum,
1352 1954 1445 2016 qui
1482 1952 1808 2016 exprimendi
1855 1957 1993 2001 sunt.
2048 1952 2338 2000 Enimvero
2379 1951 2522 2016 quod
2559 1953 2605 1999 si
2640 1953 2717 2016 pii
2753 1952 2809 1999 in
2843 1952 3032 2000 Deum

532 2050 720 2085 sensus
767 2038 1157 2102 profundantur
1206 2038 1552 2103 „hymnus“
1604 2039 1856 2102 habetur3
1911 2040 1955 2088 si
1993 2040 2154 2087 animi
2191 2038 2358 2101 dolor,
2405 2039 2633 2086 maxime
2671 2037 2738 2086 de
2775 2042 3027 2102 peccat0,

531 2127 832 2187 promatur:
873 2124 1133 2190 elegia,
1169 2124 1494 2189 lamentatio,
1532 2126 1782 2190 threnus;
1831 2127 1874 2175 si
1912 2127 2168 2175 victoriae
2206 2105 2546 2174 celebrantur
2585 2126 3026 2189 „epinicion“

530 2210 755 2260 canitur.

740 2297 806 2345 In
843 2300 1157 2363 quaestione
1193 2300 1426 2364 positum
1464 2304 1569 2349 est:
1610 2315 1705 2349 cur
1741 2300 1985 2350 Poesis
2025 2299 2478 2349 drammatica
2512 2302 2567 2348 et
2601 2299 2756 2363 epica
2779 2313 2814 2347 a
2837 2297 3030 2348 Sacris

531 2384 817 2449 Scripturis
857 2378 1069 2435 omnino
1108 2385 1323 2435 exulat?
1382 2386 1720 2451 Responsum
1758 2388 1811 2435 in
1848 2392 2060 2451 promtu
2105 2386 2238 2435 illud
2276 2386 2458 2435 datur:
2507 2386 2634 2450 quia
2669 2385 2912 2434 doctrina
2954 2384 3030 2433 de

528 2471 875 2521 Providentia
909 2472 1123 2535 Divina,
1174 2488 1312 2537 quae
1348 2490 1445 2538 per
1489 2474 1728 2539 singulas
1777 2475 2002 2539 paginas
2053 2474 2106 2527 S.
2146 2472 2360 2523 Codicis
2407 2472 2726 2533 inculcatur,
2773 2472 3030 2532 fatum,

529 2572 755 2622 quocum
792 2574 1033 2624 pugnare
1072 2558 1232 2610 debet
1268 2564 1417 2609 actor
1441 2560 1762 2622 drammatis,
1803 2560 2052 2627 excludit.
2097 2559 2257 2609 Unde
2294 2574 2464 2624 genus
2500 2574 2727 2623 poeseos
2754 2557 3030 2607 dramma-

527 2645 691 2695 ticum
737 2645 1018 2696 Revelatio
1054 2646 1119 2696 V.
1168 2646 1230 2696 F.
1280 2663 1388 2697 non
1437 2647 1664 2697 admisit.
1739 2646 1845 2697 Sed
1898 2663 2073 2712 neque
2127 2661 2366 2712 unquam
2423 2645 2491 2695 ab
2539 2645 2785 2695 hebraeis
2840 2646 3031 2710 poetis

529 2733 728 2781 cultum
782 2734 885 2782 fuit
933 2749 1205 2783 carmen
1259 2734 1637 2798 heroicum3
1700 2749 1934 2800 namque
1985 2750 2050 2783 ex
2096 2733 2342 2783 intuendi
2394 2733 2602 2782 ratione
2657 2732 3032 2781 theocratica:

528 2820 678 2869 Deus
714 2821 829 2884 ipse
866 2836 961 2884 pro
998 2819 1199 2885 populo
1238 2821 1343 2869 sibi
1380 2820 1549 2870 electo
1588 2825 1776 2870 contra
1809 2820 1991 2870 hostes
2018 2820 2321 2881 dimicabat,
2361 2819 2505 2885 quod
2529 2820 2576 2869 si
2606 2820 2766 2883 igitur
2788 2819 3034 2867 victoria

526 2911 797 2971 reportata
848 2911 1011 2969 esset,
1064 2923 1129 2956 ea
1178 2923 1519 2972 nequaquam
1565 2908 1836 2957 hominum
1873 2907 2197 2969 fortitudini,
2247 2907 2342 2956 sed
2392 2906 2491 2955 soli
2539 2905 2781 2955 Jehovae
2831 2905 3031 2954 virtuti

526 2993 812 3042 tribuenda
846 2995 961 3043 fuit.
999 2995 1063 3044 V.
1100 2995 1170 3044 H.
1208 2995 1270 3044 R.
1308 2995 1375 3044 D.
1415 2996 1478 3044 V.
1517 2996 1577 3044 Τ.
1615 3012 1669 3060 p.
1710 2997 1825 3044 130.

732 3080 784 3129 b.
833 3079 1073 3130 Alterum
1127 3082 1361 3131 Poeseos
1418 3082 1614 3132 Sacrae
1676 3098 1845 3147 genus
1901 3087 2008 3131 estz
2074 3079 2594 3144 „didacticum“3
2653 3080 2740 3128 cui
2793 3079 3032 3144 quidem

525 3166 855 3216 Psalmorum
912 3167 1095 3232 aliqua
1148 3183 1298 3233 pars;
1357 3169 1680 3232 Proverbia3
1740 3168 2098 3218 Ecclesiastes
2152 3167 2390 3232 Jobique
2445 3166 2568 3218 libri
2621 3165 3032 3240 adnumerandi

527 3255 763 3314 veniunt,
804 3259 856 3303 et
880 3254 949 3303 ad
974 3255 1198 3304 eandem
1237 3271 1356 3304 cum
1394 3269 1706 3320 graecorum
1744 3256 2066 3304 carminibus
2105 3255 2444 3320 gnominis
2481 3254 2714 3318 speciem
2747 3251 3035 3302 referendi

528 3355 645 3390 esse
684 3340 946 3390 videntur.
1007 3342 1304 3406 Utrumque
1341 3343 1576 3391 Poeseos
1611 3342 1676 3390 V.
1713 3342 1776 3391 F.
1815 3357 1982 3406 genus
2029 3344 2087 3390 in
2123 3341 2512 3405 Prophetarum
2559 3341 2826 3390 vaticiniis
2873 3351 3035 3389 com-

523 3428 757 3492 positum
803 3428 1129 3493 mixtumque
1176 3429 1529 3493 conspicitnr3
1579 3429 1671 3478 ubi
1720 3428 1882 3477 Vates
1930 3427 2146 3488 docent,
2196 3431 2439 3488 monent,
2490 3426 2788 3488 hortantur,
2841 3427 3034 3475 oratio

526 3528 709 3562 eorum
758 3512 827 3562 ad
876 3514 1195 3564 didacticam
1246 3515 1454 3564 accedit
1506 3515 1738 3579 poesim3
1795 3531 1976 3564 verum
2027 3515 2466 3578 quotiescumque
2515 3512 2712 3562 doloris
2761 3509 2849 3562 vel
2899 3513 3039 3576 spei

526 3615 714 3650 sensus
752 3602 1064 3664 exprimunt,
1115 3603 1271 3650 toties
1318 3601 1542 3665 lyricum
1588 3600 1822 3650 colorem
1869 3601 2110 3649 induunt.
2174 3599 2255 3648 Cf.
2295 3615 2341 3648 a.
2387 3615 2428 3648 r.
2465 3599 2528 3648 L.
2565 3599 2902 3664 Buchegger,
2961 3598 3037 3647 de

527 3687 654 3751 orig.
692 3703 734 3736 s.
775 3685 898 3737 Chr.
936 3688 1184 3737 Poeseos.
1221 3688 1365 3738 Frib.
1412 3689 1562 3737 1827.
1600 3705 1651 3752 p.
1691 3689 1737 3736 5.
1778 3705 1818 3737 s.

524 3963 724 4027 πλοσις,
762 3961 963 4032 κλίμαξ,
1002 3960 1243 4033 ἀνάφορα,
1290 3963 1675 4027 πολυσὺνθετον,
1723 3959 1995 4026 ἀσύνθετον,
2042 3962 2329 4032 ἐπιστροφή,
2368 3962 2654 4033 συμπλοκή,
2693 3961 3036 4032 ἐπανάληψις,

526 4047 771 4111 ἐπανοδός,
807 4049 1144 4114 πολύπτωτον,
1195 4047 1561 4113 ἀντανάκλασις,
1612 4049 1898 4118 ἐκφώνησις,
1937 4048 2282 4119 ἐπανόρθωσις,
2320 4046 2670 4116 ἀποσιώπησις,
2709 4045 3034 4120 ἀποστροφή,

522 4130 892 4206 προσωποπιΐα,
932 4135 1190 4205 ἐρώτησις,
1229 4133 1430 4206 ἀπορία,
1468 4133 1811 4200 ἀνακοίνωσις,
1847 4133 2115 4205 πρόληψις,
2164 4135 2418 4206 ἐπιτροφή,
2459 4136 2802 4208 συγχώρησις,
2857 4133 3036 4188 ἀιτιο-

524 4222 685 4293 λογία,
724 4222 1051 4286 ὑποτύπωσις,
1091 4220 1441 4293 συλλογισμός,
1482 4220 1760 4292 μετάβασις,
1798 4219 2048 4286 ἀντίθεσις,
2089 4221 2376 4292 ἓπεξήγεσις,
2418 4222 2734 4293 περίφρασις;
2783 4231 2838 4274 et
2875 4241 3040 4290 quae

526 4318 651 4365 sunt
675 4312 814 4362 aliae
839 4312 1059 4380 figurae,
1098 4328 1124 4360 e
1153 4311 1348 4378 regulis
1386 4312 1513 4361 artis
1552 4312 1814 4361 oratoriae
1851 4311 2191 4378 repetendae,
2227 4313 2369 4362 iusta
2406 4307 2659 4379 ἐξεργασία
2695 4312 3036 4378 expendere.
