3309 5300
471 404 599 471 278
1165 417 1401 459 Comment.
1432 418 1484 459 de
1513 418 1557 459 S.
1580 418 1791 469 script-ur.
1822 429 1916 469 cap.
1944 419 2050 459 tert.
2080 419 2188 459 sect.
2220 420 2252 460 Ι.

472 596 721 644 arabicae
757 595 973 659 linguae
1009 593 1260 642 thesauro
1288 594 1415 642 erui.
1462 594 1737 643 Tractavit
1774 592 1874 642 hoc
1911 598 2276 657 argumentum
2315 594 2677 658 copiosissime
2704 598 2758 642 et
2783 592 2970 643 erudi-

474 683 673 731 tissime
710 680 827 730 Alb.
858 679 1233 742 Schultens,
1274 679 1521 744 Origines
1558 680 1844 729 Hebraeae
1882 679 1963 728 ed.
1993 680 2062 728 H.
2100 680 2271 744 Lugd.
2309 680 2499 729 Batav.
2529 682 2676 730 1761.
2717 686 2772 729 et
2794 680 2847 730 J.
2874 680 2969 729 Fr.

475 767 760 831 Schelling,
800 767 935 816 Abh.
962 784 1012 815 v.
1041 766 1089 816 d.
1118 766 1279 816 Grebr.
1316 766 1365 815 d.
1402 767 1547 815 arab.
1576 766 1693 830 Spr.
1732 783 1777 815 z.
1803 782 1850 815 e.
1875 782 1953 831 gr.
1989 766 2137 815 Eius.
2175 768 2232 814 in
2269 766 2354 815 die
2391 766 2538 815 hebr.
2577 765 2770 831 Stuttg.
2810 767 2970 816 1771.

473 853 633 903 Aliud
670 854 988 915 subsidium,
1040 869 1146 918 quo
1187 853 1240 903 S.
1279 852 1331 902 S.
1370 854 1433 903 V.
1471 853 1532 902 F.
1570 868 1760 903 sensus
1810 854 2127 917 originarius
2178 853 2463 915 evolvitur,
2511 855 2568 903 in
2615 854 2969 903 veteribus

474 944 671 991 iactum
709 945 791 990 est
824 940 1537 1005 interpretationibus3
1577 957 1804 1005 quorum
1830 945 2075 991 auctores
2102 957 2207 1006 quo
2233 943 2451 1006 propius
2476 941 2763 991 abfuerunt
2797 942 2866 991 ab
2898 954 2974 990 ea

477 1032 667 1090 aetate,
707 1042 815 1092 qua
849 1026 1035 1092 lingua
1070 1027 1305 1077 hebraea
1353 1028 1644 1077 vernacula
1690 1028 1814 1089 fuit,
1865 1044 1928 1077 eo
1979 1030 2138 1077 etiam
2187 1027 2432 1094 ampliori
2477 1028 2696 1093 linguae
2741 1034 2972 1077 sanctae

475 1116 665 1164 notitia
688 1114 877 1163 imbuti
901 1114 1066 1164 fuisse
1093 1114 1396 1163 creduntur.
1433 1114 1497 1164 V.
1526 1113 1726 1163 Comm.
1755 1114 1806 1163 h.
1832 1132 1884 1180 p.
1914 1116 2029 1163 144.
2067 1114 2329 1165 Subsidiis
2359 1115 2576 1180 linguae
2599 1114 2886 1165 Hebraeae
2914 1119 2976 1163 et

478 1200 825 1251 dialectorum
862 1206 1205 1266 cognatarum
1242 1201 1708 1265 intelligendarum
1757 1202 2160 1251 annumeranda
2196 1206 2347 1251 sunt:
2397 1218 2475 1267 op
2493 1216 2607 1251 era
2654 1216 2894 1267 gramm
2909 1216 2973 1250 a·

478 1287 743 1351 ticalia,
796 1288 1055 1350 lexica,
1108 1288 1684 1351 concordantiae,
1737 1291 2214 1340 annotationes
2264 1295 2328 1339 et
2377 1291 2848 1339 commentaria
2899 1290 2976 1337 in

476 1375 714 1424 Libros
754 1375 806 1424 S.
844 1376 906 1425 V.
945 1376 1036 1439 F.;
1074 1376 1583 1425 observationes
1622 1381 1785 1440 atque
1824 1376 2370 1439 dissertationes,
2408 1377 2601 1441 quibus
2637 1375 2722 1425 vel
2757 1377 2976 1441 integra

479 1460 600 1511 loca
624 1462 688 1510 V.
714 1462 794 1523 F„
823 1461 909 1510 vel
935 1462 1177 1527 singulae
1202 1462 1500 1513 locutiones
1528 1462 1900 1513 dilucidantur.
1944 1465 2123 1513 Etiam
2159 1464 2434 1514 traditio
2472 1464 2978 1514 hermeneutica

479 1565 588 1598 non
615 1554 695 1598 est
720 1548 820 1597 hac
846 1551 901 1598 in
927 1565 984 1598 re
1015 1550 1216 1598 minimi
1251 1550 1524 1614 facienda3
1565 1551 1716 1599 cuius
1753 1555 1914 1600 testes
1953 1555 2166 1615 praeter
2201 1551 2586 1616 Josephum,
2623 1550 2975 1599 Philonem

481 1634 724 1700 aliosque
761 1635 1014 1699 Judaeos,
1052 1638 1238 1686 merito
1278 1638 1331 1689 S.
1366 1638 1597 1687 Patres
1637 1642 1691 1686 et
1729 1636 2105 1702 Scriptores
2144 1638 2650 1688 ecclesiasticos
2687 1652 2804 1686 esse
2842 1651 2974 1685 cen-

479 1738 672 1771 semus.
733 1723 931 1771 Verum
968 1724 1137 1773 isthac
1173 1739 1333 1789 super
1367 1723 1652 1773 traditione
1689 1724 1846 1788 plura
1881 1726 1935 1772 in
1973 1723 2079 1773 fine
2116 1723 2274 1774 huius
2311 1725 2670 1773 commentarii
2706 1740 2758 1788 p.
2779 1726 2896 1773 304.
2925 1739 2976 1771 s-

483 1809 736 1858 dicemus.
772 1810 875 1859 Pro
901 1811 1076 1860 Libris
1102 1811 1165 1859 V.
1190 1811 1252 1860 F.
1282 1826 1413 1875 quos
1442 1812 1658 1875 quidam
1685 1811 2364 1860 deutero-canonicos
2389 1815 2599 1871 vocant,
2627 1811 2783 1875 quive
2808 1809 2979 1859 hodie

480 1897 536 1944 in
572 1895 841 1945 volumine
890 1895 1174 1945 Sacrarum
1211 1897 1601 1962 Scripturarum
1650 1898 1751 1947 nisi
1797 1900 1854 1947 in
1902 1913 2151 1961 graecum
2189 1898 2398 1962 aliaque
2434 1896 2688 1946 idiomata
2722 1895 2981 1945 translati

482 1981 746 2047 leguntur,
786 1984 947 2031 etiam
984 1983 1199 2048 linguae
1236 1999 1518 2049 graecae
1556 1985 1749 2033 notitia
1784 1990 1866 2033 est
1900 1986 2220 2033 necessaria.
2271 1984 2406 2033 Sunt
2440 1985 2540 2033 viri
2577 1984 2735 2043 docti,
2773 1984 2866 2047 qui
2905 1996 2981 2030 ex

483 2068 904 2134 Aethiopica
940 2085 1169 2135 quoque,
1209 2070 1648 2120 Samaritana
1685 2076 1739 2120 et
1774 2072 2058 2120 Persica
2091 2070 2290 2135 lingua,
2328 2071 2600 2135 suppetias
2635 2085 2730 2134 pro
2761 2069 2978 2118 Hebra-

482 2156 615 2205 ismo
654 2156 945 2219 advocant3
994 2172 1217 2222 quarum
1252 2162 1431 2207 tamen
1470 2174 1590 2207 cum
1626 2172 1803 2223 pauca
1839 2159 1940 2205 nisi
1976 2158 2300 2206 monimenta
2336 2159 2622 2222 supersint,
2665 2158 2721 2204 in
2757 2154 2982 2203 enucle-

484 2241 637 2291 andis
674 2244 980 2293 notionibus
1016 2242 1262 2293 hebraeis
1300 2246 1390 2292 vix
1426 2259 1651 2309 magnus
1691 2246 1790 2293 erit
1824 2259 1969 2293 usus.

605 2314 613 2335 ⁸
690 2329 993 2379 Ecclesiam
1018 2346 1125 2379 non
1150 2346 1309 2395 posse
1329 2331 1660 2396 Linguarum
1685 2332 1922 2392 istarum,
1943 2331 2182 2395 inprimis
2204 2329 2504 2391 Hebraeae,
2525 2331 2753 2379 scientia
2771 2344 2984 2390 carere,

487 2429 625 2480 quae
662 2416 838 2464 fontes
875 2416 1037 2465 tradit
1074 2416 1125 2465 S.
1154 2416 1206 2465 S.
1234 2418 1296 2466 V.
1322 2418 1401 2480 R,
1442 2434 1469 2467 e
1499 2418 1693 2482 quibus
1733 2422 1787 2466 et
1824 2416 1875 2466 S.
1905 2417 1956 2467 S.
1982 2418 2046 2466 N.
2074 2416 2136 2465 F.
2176 2416 2549 2478 dilucidantur,
2587 2417 2718 2465 satis
2743 2420 2984 2465 constat.

488 2500 737 2550 Omnium
763 2502 891 2564 fere,
932 2505 1021 2567 qui
1048 2502 1357 2569 disciplinas
1384 2504 1712 2569 theologicas
1740 2504 2048 2553 Catholicas
2079 2503 2263 2553 sedulo
2291 2504 2489 2565 colunt,
2522 2503 2654 2553 haec
2681 2504 2986 2552 communis

488 2592 569 2637 est
605 2589 899 2638 sententia:
942 2589 1007 2638 In
1044 2590 1277 2656 Vulgata
1311 2591 1569 2640 Versione
1610 2591 1930 2656 explicanda
1966 2597 2019 2640 et
2057 2590 2392 2639 defendenda
2432 2606 2646 2657 quoque
2683 2606 2816 2656 opus
2854 2604 2986 2639 esse

488 2677 793 2739 cognitione
830 2676 1148 2741 linguarum,
1188 2680 1337 2742 queis
1374 2678 1740 2743 Archetypum
1775 2676 1841 2728 U.
1870 2678 1932 2727 F.
1960 2683 2234 2727 exaratum
2273 2684 2369 2727 est.
2418 2679 2551 2727 Rem
2574 2679 2650 2726 ita
2673 2693 2731 2727 se
2755 2677 2987 2738 habere,

488 2777 584 2826 per
620 2779 677 2812 se
717 2765 941 2828 quisque
978 2765 1240 2830 intelligit.
1281 2765 1592 2816 Catholicae
1628 2768 1868 2816 veritatis
1906 2766 2114 2815 Inimici
2151 2781 2184 2814 a
2218 2765 2494 2815 Romanae
2519 2764 2797 2814 Ecclesiae
2835 2780 2989 2813 com-

489 2849 739 2898 munione
777 2850 955 2912 alieni,
995 2857 1054 2900 ut
1090 2853 1332 2902 sinistras
1370 2867 1494 2903 suas
1528 2852 1743 2903 Codicis
1779 2854 2024 2917 inspirati
2063 2853 2422 2917 expositiones
2459 2856 2721 2913 tueantur,
2759 2850 2988 2916 amplis-

491 2935 680 2984 simum
718 2939 948 2986 excitare
987 2938 1161 2988 solent
1195 2939 1465 2988 literarum
1506 2940 1842 2989 orientalium
1881 2945 2213 3005 apparatum,
2252 2954 2409 3004 quem
2434 2940 2619 3003 quanti
2650 2940 2868 2986 cuiusve
2909 2939 2994 2986 sit

490 3023 776 3088 ponderis?
814 3027 1118 3074 examinare
1143 3028 1331 3090 nequit
1352 3029 1409 3075 in
1432 3026 1513 3075 his
1545 3028 1710 3077 literis
1737 3037 1942 3093 parum,
1979 3008 2064 3077 v⁹el
2089 3027 2249 3093 plane
2275 3043 2385 3076 non
2417 3026 2652 3076 eruditus
2676 3025 2990 3092 theologus.

490 3111 644 3159 Haec
682 3127 799 3160 cum
836 3113 1115 3162 verissima
1150 3115 1271 3176 sint,
1312 3113 1611 3163 Clemens
1648 3115 1710 3163 P.
1749 3115 1811 3164 V.
1851 3114 1979 3164 Oec.
2019 3113 2260 3165 Concilio
2299 3115 2590 3163 Viennensi
2639 3113 2994 3178 approbante

493 3199 702 3247 statuit:
751 3203 1032 3248 teneantur
1077 3201 1176 3248 viri
1226 3200 1500 3262 catholici,
1546 3201 1898 3250 sufficientem
1947 3201 2204 3251 habentes
2241 3202 2570 3262 Hebraicae,
2622 3200 2884 3250 Arabicae
2931 3205 2996 3249 et

494 3284 818 3335 Chaldaicae
853 3285 1155 3351 linguarum
1190 3289 1448 3352 peritiam,
1499 3288 1633 3336 alios
1672 3288 1878 3338 docere.
1933 3289 2222 3337 Decretum
2265 3287 2409 3336 istud
2446 3287 2589 3352 quod
2625 3292 2678 3337 et
2711 3289 2767 3336 in
2805 3287 2994 3336 Clem.

492 3371 556 3421 V.
587 3375 632 3433 1,
662 3375 707 3421 1.
747 3377 920 3421 exstat
944 3401 1010 3409 —
1037 3373 1120 3422 Cf.
1154 3373 1353 3423 Comm.
1381 3389 1428 3424 a.
1456 3374 1505 3423 h.
1533 3391 1577 3423 c.
1604 3375 1661 3423 in
1689 3375 1812 3424 edit.
1844 3374 2016 3440 Lugd.
2045 3375 2195 3424 1571.
2228 3390 2281 3438 p.
2310 3375 2460 3423 1027.
2497 3391 2540 3424 s.
2587 3374 2650 3423 A.
2687 3375 2996 3435 Barbosae,

496 3455 716 3508 Collect.
752 3461 909 3510 Doct.
946 3460 1081 3509 Ven.
1111 3461 1260 3509 1718.
1298 3461 1388 3521 IV,
1415 3462 1532 3522 320,
1560 3477 1601 3509 s.
1627 3489 1713 3523 —,
1739 3460 2018 3510 Ecclesiae
2056 3461 2331 3510 Romanae
2368 3475 2550 3509 curam
2587 3463 2728 3510 circa
2751 3462 2998 3510 Textum

496 3546 853 3610 originarium
902 3551 1174 3596 monstrat.
1234 3547 1383 3596 Idem
1430 3549 1537 3611 egit
1586 3547 1637 3596 S.
1677 3549 1736 3596 P.
1775 3547 2019 3597 Paulus
2056 3549 2136 3609 V.,
2182 3549 2271 3611 qui
2320 3545 2469 3596 bulla
2519 3547 2596 3608 „A
2606 3547 2999 3612 postolicae

498 3635 874 3682 servitutis“
910 3648 958 3682 a.
989 3635 1137 3683 1610.
1164 3633 1363 3684 Bullar.
1404 3634 1485 3683 ed.
1512 3634 1771 3684 Luxemb.
1810 3635 1904 3696 111,
1933 3636 2052 3684 485.
2077 3635 2260 3684 iussit:
2297 3637 2396 3694 „ut
2425 3633 2694 3683 scholae
2726 3633 2998 3700 lingua-

497 3737 631 3769 rum
661 3720 1034 3770 huiusmodi
1068 3723 1539 3785 quamprimum
1572 3722 2039 3782 instituantur,
2083 3720 2571 3784 earundemque
2609 3721 3000 3785 linguarum

496 3807 909 3856 lectionibus
960 3805 1303 3856 scholares
1354 3809 1805 3871 assignentur,
1855 3809 1963 3872 qui
2009 3806 2150 3856 illis
2200 3805 2493 3855 sedulam
2542 3811 2603 3856 et
2650 3807 3002 3857 assiduam

500 3909 761 3958 operam
812 3897 1103 3942 navent.“
1160 3893 1229 3942 D.
1268 3909 1317 3958 q.
1354 3893 1555 3943 utiliter
1590 3894 1696 3959 legi
1733 3895 1926 3959 poterit
1964 3893 2015 3943 S.
2056 3892 2346 3956 Seemiller‚
2387 3900 2662 3942 comment.
2702 3893 2766 3942 de
2805 3894 3001 3943 studio

498 3981 715 4046 linguae
752 3979 1036 4030 hebraicae
1064 3995 1183 4028 cum
1215 3978 1511 4045 Theologia
1548 3981 1937 4046 coniungendo,
1975 3980 2095 4030 add.
2135 3979 2272 4046 expl.
2319 3981 2406 4028 Ps.
2447 3983 2564 4030 119.
2600 3980 2791 4030 Vienn.
2833 3983 3000 4031 1790.

499 4085 549 4133 p.
589 4070 673 4118 41.
711 4084 751 4117 s.
803 4067 1050 4117 Ceterum
1088 4067 1455 4117 Institutiones
1506 4067 1898 4118 Grammaticae
1933 4068 2278 4117 Hebraeae
2327 4068 2679 4131 scripserunt:
2731 4068 2784 4117 J.
2819 4067 3002 4131 Jahn,

503 4155 565 4203 G.
618 4154 902 4215 Gesenius,
958 4155 1027 4202 H.
1063 4153 1279 4216 Ewald,
1334 4155 1576 4217 Roorda,
1632 4157 1696 4206 R.
1733 4154 1896 4217 Stier,
1943 4155 2011 4204 H.
2049 4154 2314 4219 Hupfeld,
2367 4153 2428 4203 G.
2467 4153 3004 4217 Bottcher-Miihlau,

502 4242 760 4307 Freytag,
810 4240 1176 4305 Niigelsbach,
1225 4242 1458 4304 Reinke,
1512 4243 1779 4304 Dietrich,
1828 4243 2025 4292 Vosen.
2074 4242 2286 4291 Lexicis
2336 4241 2722 4291 concinnandis
2769 4257 3006 4306 operam

504 4333 731 4382 dabant:
786 4331 1008 4380 Sanctes
1044 4331 1333 4396 Pagninus,
1370 4329 1666 4392 MichaeliS,
1715 4329 1961 4391 Simonis,
2000 4330 2200 4391 Winer,
2240 4327 2810 4394 Gesenius-Roediger,
2857 4329 3005 4391 Lee,

502 4418 678 4480 Fiirst,
716 4419 780 4466 E.
817 4417 1002 4480 Meier,
1040 4417 1248 4481 Drach3
1288 4417 1694 4467 Concordantiis
1739 4417 1968 4467 Buxtorf
2001 4422 2054 4466 et
2085 4415 2265 4475 ,Fiirst
2303 4418 2545 4480 Linguae
2584 4415 3006 4466 chaldaicae

505 4505 863 4554 addiscendae
910 4507 1206 4554 inserviunt
1243 4503 1662 4554 Grammaticae:
1708 4504 1970 4565 Zanolini,
2019 4502 2312 4565 Michaelis,
2349 4504 2552 4565 Winer,
2592 4503 2769 4564 Fiirst‚
2809 4504 3008 4552 Peter-

504 4607 681 4653 mann,
720 4591 926 4656 Drach3
965 4593 1089 4641 item
1128 4591 1473 4642 vocabularia
1498 4596 1552 4641 et
1576 4591 1864 4657 glossaria:
1904 4591 2165 4653 Zanolini,
2202 4590 2444 4652 Landau,
2483 4591 2769 4652 Dessauer,
2807 4590 3010 4640 Karle.
