3309 5300
1218 440 1281 481 De
1310 440 1591 484 versionibus
1617 442 1802 483 Latinis.
2628 431 2755 495 227

264 705 319 782 ξ.
373 705 477 767 95.
546 700 977 765 Romanae
1040 700 1106 765 S.
1154 702 1633 766 Bibliorum
1679 703 2116 788 Vulgatae
2181 706 2759 768 correctionis

1256 817 1770 880 auctoritas.

472 991 763 1040 Decretum
790 992 973 1055 itaque
1001 990 1392 1040 oecumenicae
1420 989 1621 1055 Synodi
1656 990 1999 1040 Tridentinae
2039 991 2148 1053 „de
2183 992 2500 1057 Vulgata“
2543 1008 2759 1042 exsecu-

264 1077 398 1125 tioni
423 1078 733 1125 mandatum
762 1077 877 1125 fuit.
928 1077 1061 1125 Cum
1088 1081 1265 1126 autem
1291 1076 1383 1125 illa
1408 1077 1477 1125 sit
1500 1076 1764 1126 humanae
1792 1078 2112 1127 conditionis
2137 1078 2490 1142 imbecillitaS,
2527 1085 2589 1129 ut
2613 1096 2678 1128 ne
2705 1081 2760 1128 in

266 1162 697 1229 diligentioribus
740 1162 950 1227 quidem
989 1164 1295 1213 immunitas
1334 1164 1401 1212 ab
1441 1164 1708 1212 erroribus
1748 1163 1927 1227 detur;
1969 1164 2104 1213 liber
2140 1163 2403 1230 vulgatae
2441 1180 2605 1231 opera
2639 1165 2762 1216 Aldi

265 1250 585 1315 descriptus,
636 1252 691 1298 in
738 1249 1007 1298 nonnullis
1044 1249 1207 1298 habet
1255 1249 1517 1315 quaedam
1564 1250 1787 1315 indigna
1835 1249 1926 1299 fidi
1972 1251 2292 1316 typographi
2331 1250 2524 1301 officio.
2599 1250 2759 1301 Suam

265 1336 479 1401 quidem
519 1338 708 1386 naevis
745 1335 1004 1385 medelam
1039 1335 1217 1385 attulit
1242 1335 1403 1385 editio
1441 1323 1668 1401 repetita
1704 1350 1752 1385 a.
1794 1338 1970 1401 1593.;
2016 1336 2109 1386 sed
2144 1339 2449 1405 praecipue,
2489 1338 2584 1387 illa
2621 1352 2758 1402 quae

264 1422 400 1470 Aldo
453 1427 663 1471 mortuo
702 1421 901 1488 prodiit
938 1424 1087 1471 1598.
1126 1438 1245 1471 cum
1295 1438 1502 1472 annexo
1538 1422 1737 1487 triplici
1785 1424 1960 1472 indice
1999 1428 2303 1473 erratorum.
2364 1423 2573 1473 Abhinc
2611 1426 2760 1472 iuxta

268 1508 720 1558 Constitutionem
743 1509 1031 1559 Clementis
1053 1512 1097 1559 V
1100 1510 1199 1558 ΠΙ.
1226 1525 1400 1575 neque
1421 1509 1653 1572 publica,
1681 1526 1854 1575 neque
1880 1512 2092 1575 privata
2118 1512 2450 1573 auctoritate,
2471 1511 2761 1559 Vaticanas

267 1595 531 1645 editiones
559 1594 823 1657 deserere,
850 1610 1125 1661 novasque
1149 1596 1403 1647 inducere
1428 1596 1593 1645 licuit.
1632 1596 1885 1657 Quamvis
1913 1602 2090 1646 autem
2114 1596 2216 1645 hac
2241 1598 2450 1647 ratione
2477 1612 2682 1647 summa
2707 1598 2761 1646 in

264 1680 519 1731 Ecclesia
556 1684 873 1732 auctoritate
925 1681 977 1731 S.
1013 1684 1311 1733 Bibliorum
1347 1683 1612 1749 Vulgatae
1649 1684 1914 1734 Editionis
1959 1684 2256 1735 emendatio
2295 1685 2364 1733 sit
2399 1684 2570 1735 facta:
2607 1684 2761 1734 nihil-

266 1770 475 1818 ominus
516 1769 669 1818 salva
707 1769 996 1819 Clementis
1032 1768 1179 1819 VIII.
1220 1771 1599 1819 constitutione
1637 1786 1776 1835 quae
1813 1771 2000 1836 incipit
2027 1770 2207 1833 '„Cum
2243 1770 2523 1821 Sacrorum
2561 1769 2760 1821 Biblio-

264 1861 445 1907 rum“:
494 1873 543 1907 a.
581 1856 689 1905 Fas
728 1861 809 1905 est
837 1857 1121 1906 manifesta
1155 1858 1542 1923 typographiae
1580 1859 1774 1907 menda
1811 1861 2100 1923 corrigere3
2141 1863 2264 1908 sunt
2301 1860 2440 1908 enim
2475 1857 2609 1907 haec
2633 1858 2761 1908 Vul-

264 1951 425 2009 gatae
464 1944 749 1993 vulnera
785 1960 913 1993 non
950 1950 1193 2009 partes.
1240 1945 1333 1994 Uti
1357 1960 1545 1993 revera
1569 1945 1771 1994 sactum
1800 1950 1880 1995 est
1904 1946 1959 1994 in
1986 1946 2233 2009 editione,
2263 1960 2420 2010 quam
2447 1946 2762 1994 auctoritate

265 2030 544 2097 pontificia
569 2032 776 2079 curavit
801 2029 854 2079 S.
880 2030 1173 2081 Moretus
1202 2030 1523 2096 Antverpiae
1551 2048 1615 2081 ex
1642 2031 1858 2081 officina
1881 2032 2226 2082 Plautiniana
2253 2035 2401 2083 1599.
2427 2034 2483 2081 in
2511 2033 2558 2081 8.
2597 2031 2761 2081 Nefas

267 2123 449 2166 autem
489 2118 588 2165 erit
624 2117 674 2166 b.
724 2118 781 2165 in
829 2116 946 2181 ipso
988 2116 1152 2167 Sacro
1189 2116 1485 2167 Bibliorum
1522 2119 1697 2167 Textu
1735 2123 1999 2180 correcte,
2048 2118 2350 2167 recudendo
2388 2134 2458 2167 ne
2493 2119 2761 2168 minimam

267 2205 485 2269 quidem
511 2202 827 2269 particulam
853 2220 1008 2253 secus
1038 2220 1193 2269 quam
1221 2205 1276 2252 in
1294 2204 1557 2255 Vaticano
1586 2205 1875 2270 exemplari
1903 2209 1984 2254 est
2007 2210 2228 2267 mutare,
2255 2205 2450 2254 addere
2475 2203 2562 2253 vel
2588 2205 2760 2254 detra-

266 2292 413 2341 here.
452 2290 558 2339 Sed
584 2290 785 2340 bonum
811 2296 890 2341 est
915 2292 983 2341 ab
1010 2292 1390 2357 interpretibus
1418 2308 1462 2341 c.
1490 2291 1619 2341 alibi
1645 2307 1806 2357 quam
1830 2292 1885 2341 in
1909 2292 2059 2342 Sacri
2078 2292 2280 2342 Textus
2305 2308 2524 2357 corpore
2550 2292 2760 2354 menda,

266 2380 310 2426 si
350 2392 494 2443 quae
530 2383 745 2442 praeter
780 2378 1064 2427 manifesta
1100 2378 1195 2426 illa
1230 2378 1618 2443 typographica
1664 2385 1969 2442 occurrant,
2015 2385 2217 2430 notare.
2279 2380 2556 2429 Eiusmodi
2594 2395 2761 2429 anno-

266 2470 385 2514 tata
410 2466 456 2515 si
482 2465 550 2513 ab
579 2464 891 2529 Apostolica
917 2464 1056 2513 Sede
1086 2470 1605 2529 recognoscerentur,
1638 2471 1860 2531 possent
1884 2471 2072 2530 postea
2097 2466 2284 2515 eadem
2312 2466 2363 2516 S.
2391 2466 2528 2515 Sede
2567 2481 2761 2531 appro-

266 2553 449 2613 bante,
487 2552 723 2613 iubente,
752 2556 845 2600 aut
869 2556 1013 2600 certe
1038 2555 1323 2614 annuente,
1349 2553 1406 2599 in
1430 2553 1655 2601 Textum
1680 2552 1890 2601 inferri:
1927 2554 2004 2601 ita
2026 2558 2086 2602 ut
2117 2554 2419 2614 correctior,
2458 2553 2760 2623 perfectior,

266 2640 611 2704 numerisque
649 2638 890 2704 pluribus
930 2638 1224 2688 absolutior
1258 2638 1345 2688 hic
1382 2638 1557 2689 adhuc
1592 2640 1841 2704 prodiret.
1899 2638 2004 2688 cfr.
2031 2640 2096 2689 N.
2136 2638 2330 2690 Serarii
2368 2657 2397 2689 e
2436 2638 2488 2689 S.
2520 2639 2590 2702 J„
2628 2640 2760 2689 Pro-

266 2727 461 2792 legom.
498 2725 641 2774 Bibl.
680 2726 823 2791 Mog.
866 2729 1015 2774 1612.
1054 2726 1198 2788 XIX,
1226 2728 1307 2775 21.
1345 2743 1397 2792 p.
1433 2729 1549 2776 127.
1598 2727 1649 2776 J.
1687 2727 1953 2776 Bonfrerii
1991 2743 2036 2776 e.
2075 2725 2146 2790 S.,
2185 2727 2433 2792 Praeloq.
2469 2729 2525 2775 in
2562 2731 2597 2775 t.
2627 2727 2678 2776 S.
2707 2725 2761 2776 S.

269 2815 389 2876 XV,
416 2815 465 2862 3.
505 2813 588 2862 ed.
616 2829 803 2864 comm.
841 2812 1111 2862 Menochii
1148 2813 1281 2862 Ven.
1310 2815 1461 2862 1722.
1500 2829 1621 2878 app.
1660 2831 1710 2878 p.
1738 2816 1821 2863 40.
1870 2813 1921 2864 J.
1959 2815 2236 2863 Marianae
2275 2815 2338 2864 ei.
2379 2814 2516 2876 Soc„
2556 2813 2760 2864 dissert.

267 2917 366 2965 pro
406 2900 488 2949 ed.
514 2899 673 2965 Vulg.
713 2917 757 2949 c.
797 2902 879 2948 21.
906 2900 979 2948 ib.
1017 2917 1069 2964 p.
1095 2901 1179 2949 81.
1204 2916 1245 2949 s.
1298 2899 1355 2949 C.
1392 2900 1725 2963 Vercellone,
1764 2900 1930 2965 praef.
1971 2900 2038 2949 ad
2075 2900 2196 2950 lect.
2236 2901 2316 2950 ed.
2343 2901 2482 2950 Bibl.
2523 2899 2574 2949 S.
2601 2900 2759 2966 Vulg.

270 2988 352 3036 ed.
389 2987 543 3036 Rom.
588 2988 737 3036 1861.
776 2987 855 3034 Id.
894 2985 1192 3051 Prolegom.
1231 2987 1355 3035 Var.
1392 2986 1512 3036 lect.
1550 3003 1602 3052 p.
1640 2988 1724 3036 44.
1762 3004 1812 3036 n.
1853 2989 1900 3036 2.
1959 2987 2044 3036 Ei.
2085 2986 2238 3037 Sulla
2274 2983 2586 3037 autenticita
2621 2986 2762 3036 delle

269 3073 479 3139 singole
522 3075 663 3139 parti
710 3072 853 3122 della
892 3074 1087 3123 Bibbia
1127 3073 1345 3138 volgata
1387 3089 1492 3123 sec.
1536 3073 1574 3121 il
1618 3073 1758 3122 decr.
1805 3074 2106 3123 tridentino.
2164 3074 2314 3124 Rom.
2356 3075 2506 3123 1866.
2546 3073 2671 3139 gall.
2707 3075 2763 3122 in

267 3162 453 3210 Revue
492 3160 633 3210 cath.
679 3161 805 3210 Lov.
848 3162 997 3210 1866.
1035 3177 1087 3226 p.
1127 3162 1243 3210 641.
1283 3177 1323 3210 s.
1363 3162 1481 3210 687.
1521 3177 1561 3210 s.
1604 3162 1754 3210 1867.
1793 3178 1843 3225 p.
1883 3163 1930 3210 5.
1969 3177 2011 3210 s.

268 3330 579 3379 incuriae
616 3329 970 3379 manifeste
1008 3327 1517 3378 adscribendum
1553 3329 1672 3378 sit“
1712 3329 1852 3393 typis
1879 3329 2121 3378 mandari
2159 3329 2522 3378 admittuntur.
2572 3329 2762 3390 Quoad

269 3417 498 3467 formam
538 3422 808 3468 externam
853 3417 1012 3467 editio
1053 3417 1341 3466 Clementis
1380 3416 1627 3467 foliorum
1671 3417 2036 3480 magnitudine
2081 3414 2360 3481 figuraque
2407 3415 2541 3466 adeo
2579 3415 2764 3465 similis

272 3511 355 3555 est
380 3506 641 3568 Sixtinae,
679 3510 736 3554 ut
762 3504 981 3554 difficile
1004 3521 1111 3554 non
1136 3506 1220 3566 sit,
1258 3519 1420 3553 unam
1446 3519 1575 3569 prae
1601 3503 1708 3552 alia
1733 3504 1966 3553 editione
1996 3519 2104 3553 non
2128 3503 2288 3553 valde
2324 3504 2506 3568 peritis
2535 3503 2762 3552 obtrudi.

270 3593 655 3644 Annotandum
691 3597 869 3642 tamen
907 3597 1013 3654 est,
1064 3591 1207 3657 quod
1244 3591 1290 3641 si
1327 3595 1574 3642 accurate
1622 3592 1762 3640 inter
1796 3589 2081 3655 Vulgatam
2130 3589 2298 3639 Sixti
2346 3595 2400 3640 et
2446 3591 2583 3640 inter
2618 3590 2764 3639 illam

273 3681 637 3730 Clementis
674 3679 823 3729 vm.
862 3694 1086 3728 examen
1122 3679 1452 3740 instituatur,
1489 3679 1547 3727 in
1573 3677 1706 3727 locis
1733 3693 1897 3743 prope
1929 3682 2027 3726 ter
2063 3677 2241 3727 mille
2279 3677 2576 3740 discedere3
2615 3677 2765 3725 nulla

270 3775 456 3817 tamen
493 3767 615 3817 ideo
654 3770 735 3816 est
769 3767 907 3816 inter
943 3771 1223 3829 utrumque
1259 3763 1570 3814 Pontificem
1610 3780 1818 3830 pugna3
1863 3764 2042 3826 „nulla
2075 3766 2132 3813 in
2155 3766 2394 3830 utrisque
2430 3764 2620 3813 Bibliis
2657 3764 2766 3812 alia

273 3855 546 3915 credendi,
586 3859 680 3902 aut
714 3853 908 3918 agendi
943 3853 1311 3918 repugnantia,
1357 3852 1507 3901 nulla
1542 3852 1910 3902 substantialis
1948 3853 2243 3913 diversitas,
2283 3851 2378 3902 sed
2415 3850 2764 3901 accidentalis

272 3941 659 3992 solummod0.“
708 3941 783 3990 Ut
814 3941 1087 3990 verissime
1125 3941 1309 3990 scribit
1343 3939 1413 3988 H.
1438 3939 1827 4004 Bukentopius,
1866 3941 1922 3989 in
1960 3956 2044 4004 op.
2081 3939 2202 3988 Lux
2239 3939 2305 3988 de
2341 3939 2492 3987 Luce
2529 3937 2762 3987 Bruxell.

276 4031 432 4079 1710.
468 4027 637 4094 praef.
676 4027 747 4076 ad
780 4026 815 4076 1.
852 4027 949 4076 ΙΙΙ.
987 4043 1037 4091 p.
1077 4027 1196 4076 316.
1246 4026 1516 4091 Quidquid
1554 4026 1848 4076 adversarii
1886 4026 2142 4075 obiiciant
2178 4026 2276 4074 Th.
2314 4026 2516 4087 James,
2553 4024 2765 4074 Bellum

273 4115 499 4181 papale,
550 4116 663 4165 sive
702 4113 1003 4164 Concordia
1051 4114 1253 4163 discors
1305 4113 1438 4163 Sixti
1474 4113 1535 4174 Q.
1576 4117 1628 4164 et
1667 4112 1955 4162 Clementis
1994 4112 2058 4162 O.
2109 4113 2252 4162 circa
2287 4112 2764 4176 Hieronymianam

277 4203 402 4252 edit.
441 4201 613 4252 Lond.
650 4203 799 4250 1600.
825 4229 894 4237 —
919 4201 1061 4266 quod
1099 4200 1413 4266 opusculum
1449 4200 1552 4250 sibi
1588 4201 2014 4250 resuscitandum
2054 4215 2170 4248 esse
2203 4200 2412 4265 putavit
2447 4200 2498 4249 J.
2531 4199 2596 4247 E.
2638 4197 2765 4247 Cox.

276 4289 451 4338 Lond.
492 4291 651 4354 1840.
680 4305 777 4351 -;
828 4293 881 4337 et
918 4289 1010 4352 qui
1046 4288 1335 4338 Jamesium
1386 4288 1622 4337 imitatus
1672 4292 1752 4337 est
1788 4287 1912 4335 olim
1950 4285 2070 4335 Chr.
2118 4285 2453 4347 Kortholtus,
2502 4285 2567 4334 de
2604 4286 2766 4350 yariis

279 4377 585 4441 Scripturae
625 4375 963 4424 editionibus.
1001 4375 1198 4436 Kiloni,
1228 4376 1377 4423 1686.
1404 4391 1455 4440 p.
1484 4376 1566 4423 51.
1594 4390 1635 4424 s.
1685 4375 1974 4423 Enimvero
2007 4374 2147 4422 inter
2183 4388 2386 4438 aequos
2424 4388 2597 4421 rerum
2633 4371 2765 4420 iudi-

279 4479 372 4512 ces
399 4467 635 4512 constat:
675 4461 922 4510 nullam
960 4477 1077 4511 esse
1115 4461 1357 4510 realem
1396 4462 1976 4525 contrarietatem3
2013 4461 2046 4510 i.
2075 4477 2120 4510 e.
2157 4459 2289 4509 nihil
2314 4459 2383 4509 ad
2411 4460 2768 4524 integritatem

282 4555 339 4599 et
372 4565 627 4599 summam
673 4547 797 4597 fidei
835 4553 995 4613 atque
1042 4564 1248 4598 morum
1291 4552 1565 4613 spectans,
1616 4549 1755 4597 inter
1803 4547 1938 4598 duas
1985 4546 2150 4598 hasce
2199 4546 2459 4596 editiones
2505 4545 2767 4610 Vulgatae

283 4651 465 4686 secum
501 4638 733 4686 invicem
767 4650 1024 4702 pugnare.
1058 4655 1064 4659 ·

2361 4718 2459 4772 15³*
