3309 5300
561 406 648 473 52
1241 421 1472 463 Commeat.
1507 418 1559 461 de
1588 423 1636 462 S.
1658 420 1871 472 Scriptur.
1904 432 1997 472 cap.
2030 419 2157 471 prim.
2188 421 2297 462 sect.
2326 419 2362 461 1.

563 602 749 676 Perqit
769 608 964 673 postea
988 601 1300 674 Anonymus
1330 620 1620 657 sermonem
1641 602 1836 671 facere
1860 603 1925 657 de
1946 603 2216 673 Epistolis
2243 601 2564 657 Catholicis:
2602 600 2897 679 „Epistola
2924 618 3059 653 saue

561 706 744 761 Judae
768 703 803 776 ¹,
848 714 898 761 et
928 707 1284 777 superscripti
1311 708 1584 761 Joba‘nuis
1617 708 1757 760 duas
1788 708 1847 761 in
1886 706 2171 761 Catholica
2202 700 2505 761 habentur“
2530 699 2569 758 ².
2624 704 2894 759 Subiicit:
2944 704 3059 781 „Et

561 802 876 881 Sapientia⁰
897 811 967 864 ab
999 811 1190 865 amicis
1228 809 1538 865 Salomonis
1569 813 1629 866 in
1660 812 1909 866 honorem
1953 812 2131 882 ipsius
2175 813 2383 882 scripta
2405 806 2448 867 3.
2494 808 2862 881 Apocalypsis
2892 809 3056 861 etiam

559 914 846 984 Jolzauuis,
888 921 936 969 et
970 915 1126 970 Petri
1145 911 1187 985 4,
1219 922 1429 970 tautam
1461 916 1768 985 recipimus,
1802 935 1960 987 quam
1994 916 2217 987 quidam
2249 934 2315 969 esc
2344 915 2545 969 nostris
2576 914 2687 986 le9i
2714 914 2773 967 iu
2803 914 3059 967 Ecclesia

560 1013 804 1074 nolunt.“
878 1020 1128 1090 Denique
1185 1021 1494 1075 concludit:
1562 1022 1951 1097 „Pastorem
2010 1040 2135 1075 vero
2192 1020 2585 1090 nuperrime
2646 1018 3060 1088 temporibus

560 1124 816 1180 nostris
859 1124 918 1177 in
976 1125 1115 1179 Urbe
1163 1126 1340 1181 Roma
1384 1127 1452 1179 H
1455 1144 1633 1181 erma
1682 1126 2003 1197 conscripsit
2046 1128 2260 1180 sedente
2312 1124 2587 1180 Catkedra
2644 1124 2805 1179 Urbis
2850 1123 3059 1177 Romae

558 1230 838 1284 Ecclesiae
883 1231 988 1284 Pio
1032 1231 1308 1301 Episcopo
1355 1229 1546 1299 fratre
1607 1232 1736 1286 eius.
1815 1233 1890 1285 Et
1943 1232 2066 1285 ideo
2130 1232 2236 1303 leyi
2292 1249 2405 1285 cum
2452 1229 2669 1300 quidem
2730 1236 2955 1297 oportet,
3002 1245 3060 1281 se

551 1336 841 1404 publicare
884 1354 1010 1390 vero
1053 1336 1112 1387 iu
1153 1336 1406 1390 Ecclesia
1441 1337 1671 1406 Populo,
1718 1354 1884 1407 neque
1927 1336 2069 1390 inter
2100 1336 2404 1405 Prophetas
2450 1334 2769 1403 completum
2815 1350 3055 1401 numero,

559 1458 725 1510 neque
754 1441 899 1493 iuter
927 1438 1213 1511 Apostolos
1242 1441 1302 1495 in
1321 1440 1488 1510 finem
1535 1447 1828 1511 temporum
1866 1448 2061 1511 potest.
2109 1438 2337 1493 Arsiuoi
2382 1444 2578 1507 autem,
2625 1455 2717 1491 seu
2762 1436 3058 1505 Valentini,

561 1545 641 1597 vel
679 1544 942 1599 Mitiadis
985 1544 1128 1598 nihil
1171 1545 1233 1599 iu
1279 1552 1445 1600 totum
1487 1544 1793 1615 recipimus,
1839 1546 1935 1617 qui
1978 1546 2141 1600 etiam
2186 1562 2382 1598 novum
2428 1544 2776 1597 Psalmorum
2825 1542 3055 1595 Librum

559 1648 840 1703 Marcioni
899 1648 1332 1719 conscripserunt
1391 1668 1504 1704 una
1567 1668 1685 1703 cum
1731 1650 1987 1705 Basilide
2032 1648 2327 1703 Assiauum
2376 1646 2735 1721 Catafryyum
2802 1647 3059 1700 constitu-

561 1759 750 1809 torum.
762 1747 792 1782 “

769 1922 912 1970 Hinc
947 1936 1142 1971 novam
1177 1923 1414 1986 incipere
1451 1923 1752 1988 scriptionis
1801 1924 2106 1986 sectionem,
2161 1924 2218 1971 in
2255 1921 2455 1971 Codice
2489 1936 2660 1970 vacuo
2698 1922 2873 1985 spatio
2922 1920 3059 1969 indi-

561 2013 724 2058 catur.
763 2009 914 2069 Quae
941 2014 1119 2058 autem
1145 2010 1212 2059 ad
1236 2017 1572 2074 praesentem
1599 2010 1801 2059 calcem
1832 2010 1987 2060 huius
2025 2011 2308 2076 fragmenti
2344 2008 2606 2073 leguntur,
2638 2010 2766 2057 satis
2802 2007 3054 2073 produnt,

561 2096 756 2145 abhinc
816 2095 1070 2146 librorum
1124 2098 1192 2147 ab
1248 2097 1530 2147 haereticis
1587 2098 1992 2163 compilatorum
2051 2098 2355 2147 inchoatam
2411 2112 2528 2145 esse
2584 2097 3057 2146 enumerationem.

562 2181 813 2231 Ceterum
852 2185 968 2247 quis
1008 2185 1074 2232 sit
1109 2184 1378 2234 Arsenous
1418 2190 1471 2234 et
1505 2185 1770 2247 Mitiades,
1818 2186 2087 2250 inquirere
2132 2201 2243 2235 non
2288 2189 2369 2234 est
2418 2183 2576 2233 huius
2624 2183 2758 2248 loci3
2807 2200 2915 2250 quo
2952 2184 3059 2232 nisi

557 2268 822 2334 Anonymi
861 2270 1164 2337 catalogum
1189 2272 1242 2321 S.
1271 2271 1322 2322 S.
1348 2272 1412 2322 N.
1439 2274 1500 2321 Τ.
1526 2272 1791 2322 illustrare
1816 2274 2164 2337 tentavimus3
2200 2272 2334 2322 illud
2356 2273 2515 2323 modo
2542 2272 2783 2321 addimus
2825 2286 3057 2332 „novum

559 2356 892 2407 Psalmorum
923 2358 1165 2421 librum“,
1202 2361 1373 2409 videri
1409 2348 1573 2409 {mum
1611 2376 1729 2411 esse
1754 2377 1819 2410 ex
1846 2360 1962 2410 aliis
1988 2376 2022 2411 a
2044 2361 2317 2411 Marcione
2344 2360 2668 2410 elucubratis
2692 2359 3059 2409 voluminibus

560 2446 766 2506 erroriS,
807 2462 1028 2510 quorum
1065 2450 1372 2497 memoriam
1407 2450 1589 2497 iniecit
1625 2447 1679 2497 S.
1716 2448 2067 2512 EpiphaniuS,
2105 2449 2247 2498 haer.
2288 2450 2371 2509 42,
2400 2450 2447 2497 9.
2484 2465 2536 2513 p.
2564 2449 2681 2497 309.
2719 2445 3056 2506 Quibusdam

560 2530 767 2581 Criticis
805 2533 984 2597 placet
1019 2536 1177 2583 etiam
1215 2535 1318 2584 huc
1355 2536 1563 2585 trahere
1600 2535 1710 2598 illa,
1748 2550 1887 2601 quae
1925 2536 1990 2585 de
2026 2535 2251 2585 Psalmis
2277 2551 2311 2585 a
2335 2534 2638 2597 ValentinO,
2677 2533 3056 2583 Gnosticorum

558 2617 715 2669 facile
769 2622 1033 2687 principe,
1090 2624 1381 2689 composita
1434 2624 1594 2674 tradit
1639 2623 2030 2686 Tertullianus,
2086 2623 2150 2674 de
2206 2638 2367 2674 carne
2414 2622 2612 2672 Christi
2656 2638 2706 2671 n.
2749 2623 2828 2671 17.
2876 2627 2929 2672 et
2965 2622 3055 2671 20.

555 2723 608 2771 p.
647 2709 731 2757 83.
769 2711 879 2773 87.;
916 2714 976 2758 ut
1010 2711 1087 2758 sic
1121 2711 1450 2777 intelligatur
1485 2711 1621 2761 liber
1655 2711 1988 2761 Psalmorum
2024 2713 2237 2762 nomine
2272 2711 2560 2760 Marcionis
2598 2711 2896 2776 insignitum

555 2959 787 3009 Hermae
836 2960 1053 3022 Pastor,
1106 2959 1186 3022 ΙΙ,
1237 2962 1284 3009 5.
1335 2960 1416 3010 ed.
1467 2961 1660 3010 Hefele
1708 2978 1759 3026 p.
1808 2963 1927 3010 357.
1970 2989 2029 2996 —
2068 2961 2113 3010 si
2166 2961 2243 3008 uti
2298 2964 2579 3010 contextus
2634 2959 2933 3025 postularet
2977 2959 3052 3008 ad

561 3045 841 3110 epistolam
879 3045 948 3095 ad
984 3047 1264 3096 Hebraeos
1302 3047 1616 3098 referantur.
1678 3049 1798 3098 Etsi
1836 3049 1977 3096 enim
2014 3047 2079 3096 de
2118 3046 2261 3097 illius
2312 3047 2629 3097 auctoritate
2678 3047 3051 3112 scriptoreque

557 3131 890 3196 aliquamdiu
930 3132 1306 3198 disputaretur,
1345 3134 1689 3184 nihilominus
1726 3135 1906 3200 magni
1942 3135 2099 3199 pretii
2135 3132 2319 3183 habita
2352 3139 2433 3184 est
2468 3135 2536 3183 ab
2575 3134 2834 3184 omnibus·

768 3221 805 3286 ¹)
845 3220 1039 3270 Omisit
1075 3221 1354 3286 epistolam
1383 3221 1434 3271 S.
1461 3222 1673 3284 Jacobi,
1712 3227 1767 3272 et
1797 3221 1941 3287 quod
1978 3221 2183 3271 mireris
2219 3226 2502 3286 utramque
2537 3223 2605 3270 D.
2636 3221 2797 3270 Petri.
2848 3220 3050 3270 Verum

560 3307 980 3358 obliviscendum
1017 3325 1126 3358 non
1164 3313 1259 3371 est,
1299 3310 1661 3360 testimonium
1698 3293 1963 3374 Anonymi
2006 3325 2116 3358 non
2165 3307 2323 3357 modo
2369 3307 2701 3372 acephalum,
2752 3307 2849 3356 sed
2886 3309 3045 3356 etiam

557 3394 797 3443 mutilum
836 3411 980 3460 esse3
1021 3401 1076 3445 et
1099 3396 1185 3446 vel
1209 3396 1408 3446 idcirco
1434 3396 1721 3446 verisimile
1747 3397 1821 3459 fit,
1859 3398 1914 3446 in
1940 3401 2194 3446 contextu
2221 3394 2557 3444 antecedenti
2582 3394 2666 3443 vel
2694 3395 3046 3459 subsequenti

557 3482 714 3530 etiam
751 3481 849 3532 hos
884 3481 949 3531 N.
987 3484 1048 3532 Τ.
1086 3483 1251 3534 libros
1289 3483 1540 3534 adfuisse.
1598 3482 1638 3550 2)
1680 3483 1789 3533 Cur
1825 3483 1963 3532 duae
1998 3485 2238 3532 tantum?
2294 3482 2401 3531 Sed
2438 3481 2793 3545 antiquissimi
2830 3495 3046 3546 quoque

555 3585 596 3618 s.
636 3583 676 3617 s.
713 3569 902 3620 Patres
941 3585 986 3619 e.
1025 3587 1074 3634 g.
1111 3571 1178 3620 D.
1206 3571 1478 3633 Irenaeus,
1519 3570 1638 3620 adv.
1678 3569 1823 3620 haer.
1861 3570 1958 3634 111,
1997 3573 2075 3634 16,
2114 3573 2161 3620 8.
2200 3588 2251 3635 p.
2279 3571 2397 3619 511.
2436 3555 2726 3618 secundam
2762 3566 3045 3633 epistolam

557 3670 676 3704 cum
711 3656 882 3719 prima
916 3656 996 3705 ita
1031 3657 1435 3719 coniunxerunt,
1474 3662 1534 3706 ut
1568 3672 1729 3706 unam
1766 3661 1973 3707 tantum
2009 3657 2309 3716 laudantes,
2346 3654 2503 3705 modo
2543 3670 2572 3704 e
2610 3655 2781 3720 prima
2816 3655 2976 3704 modo
3015 3670 3045 3703 e

557 3741 819 3804 secunda,
869 3744 1023 3807 quasi
1073 3759 1136 3792 ex
1184 3759 1294 3793 una
1343 3744 1637 3809 eademque
1676 3744 1985 3809 allegarent.
2046 3745 2189 3793 Hinc
2236 3743 2433 3792 inferre
2469 3741 2595 3790 licet
2630 3742 2789 3790 etiam
2826 3741 3043 3806 Anony-

556 3843 723 3891 mum,
775 3829 980 3894 priores
1017 3831 1274 3896 epistolas
1319 3836 1576 3896 tanquam
1611 3847 1789 3893 unam,
1834 3832 2045 3881 tertiam
2084 3847 2211 3881 vero
2249 3835 2502 3896 tanquam
2543 3829 2765 3878 alteram
2802 3829 3046 3878 conside-

557 3931 720 3966 rasse.
795 3915 834 3981 3)
871 3918 1149 3978 Quomodo
1197 3917 1286 3967 hic
1335 3920 1500 3968 Liber
1535 3935 1564 3968 e
1604 3918 1824 3968 Canone
1861 3919 1924 3967 V.
1964 3919 2024 3968 T.
2061 3919 2116 3967 in
2150 3918 2299 3968 illum
2336 3919 2403 3967 N.
2440 3919 2501 3967 Τ.
2539 3916 2831 3968 translatus
2866 3917 3046 3979 fuerit,

555 4003 769 4052 omnino
807 4004 1078 4069 singulare
1117 4010 1221 4068 est,
1268 4021 1368 4054 nec
1405 4006 1460 4054 in
1498 4005 1607 4055 ullo
1646 4006 1753 4056 alio
1790 4007 1967 4072 prisco
2015 4006 2275 4072 Catalogo
2318 4006 2421 4055 hac
2456 4007 2663 4056 ratione
2701 4009 3045 4055 enumeratus

552 4092 829 4155 reperitur.
884 4090 926 4156 ⁴)
953 4092 1057 4152 Qui
1081 4108 1206 4141 vero
1229 4091 1541 4158 Anonymus
1565 4093 1947 4158 Apocalypsin]
1971 4094 2132 4156 Petri,
2154 4119 2216 4128 -
2248 4109 2384 4159 quae
2410 4094 2626 4143 interim
2651 4091 2771 4143 coll.
2799 4093 3043 4154 Eusebii,

551 4177 622 4226 H.
641 4178 706 4226 E.
733 4178 830 4241 III,
858 4180 941 4228 25.
967 4195 1019 4244 p.
1039 4181 1123 4228 97.
1163 4180 1380 4230 saeculo
1407 4181 1513 4230 iam
1539 4180 1776 4231 secundo
1803 4180 2274 4230 circumferebatur
2300 4207 2364 4216 —-
2392 4181 2459 4230 ab
2486 4180 2735 4230 Ecclesia
2768 4183 3042 4244 receptam

553 4263 819 4315 affirmare
869 4267 1125 4330 potuerit,
1175 4269 1478 4333 perspicere
1525 4269 1821 4333 nequimus
1883 4268 2044 4318 Forte
2090 4284 2153 4318 eo
2201 4283 2363 4318 sensu
2410 4283 2515 4332 quo
2552 4266 2803 4329 RufinuS,
2857 4283 3040 4332 expos.

550 4354 607 4402 in
645 4354 814 4418 symb.
841 4352 1214 4418 Apostolorum
1251 4371 1302 4403 n.
1330 4357 1410 4404 38.
1451 4356 1667 4420 scripsit
1700 4371 1753 4420 p.
1780 4357 1897 4404 206.
1951 4355 2045 4416 „In
2081 4370 2221 4404 novo
2260 4371 2385 4404 vero
2424 4355 2768 4404 Testamento
2806 4353 3039 4416 libellum,

553 4442 642 4505 qui
680 4440 874 4490 dicitur
907 4442 1148 4491 Pastoris
1186 4443 1299 4490 sive
1323 4442 1608 4504 Hermetis,
1649 4443 1739 4507 qui
1771 4441 2073 4505 appellatur
2111 4442 2249 4490 duae
2288 4443 2421 4505 viae,
2461 4441 2547 4490 vel
2584 4441 2839 4490 iudicium
2865 4443 3039 4505 Petri3

551 4542 690 4591 quae
729 4529 908 4577 omnia
947 4528 1162 4594 quidem
1200 4527 1304 4593 legi
1341 4529 1397 4576 in
1432 4529 1693 4579 Ecclesiis
1731 4529 2029 4593 voluerunt,
2079 4545 2187 4580 non
2224 4533 2405 4579 tamen
2440 4529 2663 4594 proferri
2702 4529 2771 4581 ad
2808 4529 3037 4579 auctori-

551 4617 714 4662 tatem
752 4632 815 4664 ex
853 4615 936 4665 his
973 4601 1096 4664 fidei
1139 4615 1646 4665 communiendam.“
