3309 5300
1152 422 1215 461 no
1244 421 1682 472 interpretationibus
1712 422 1918 471 Syriacis.
2657 410 2778 473 189

280 591 853 657 Heracleensis
913 615 1226 677 graecum
1297 594 1672 679 exemplum
1742 618 1967 679 presse
2037 604 2294 677 secuta,
2355 595 2630 659 verbum
2695 596 2776 659 dc
2869 640 2874 647 ⁴

280 704 489 769 verbo
556 705 801 788 reddit,
878 706 1131 790 singula
1190 706 1329 770 fere
1392 706 1627 787 verba,
1689 708 1818 770 imo
1855 698 2028 793 *ipsa
2101 730 2362 792 quoque
2429 707 2776 771 verborum

286 820 667 882 consecutio
718 828 977 882 servata
1021 817 1301 882 habetur
1324 823 1361 882 ¹.

418 1116 479 1192 ξ.
530 1116 635 1179 82.
703 1112 1108 1176 Recensus
1156 1113 1589 1176 editionum
1636 1112 1701 1177 S.
1753 1112 1818 1177 S.
1867 1113 1950 1177 U.
1997 1114 2073 1177 F.
2123 1113 2642 1198 Syriacarum.

498 1308 711 1379 Operae
739 1312 976 1379 pretium
1010 1310 1217 1379 forsan
1251 1310 1430 1379 fuerit
1461 1311 1814 1381 epiphonema
1859 1312 1934 1363 de
1979 1313 2205 1366 variis
2257 1313 2780 1367 Translationis
2817 1298 2819 1301 Α

280 1412 625 1484 Syriacae
687 1414 1103 1468 editionibus
1151 1416 1371 1469 addere.
1446 1416 1599 1468 Licet
1644 1416 1795 1469 haud
1837 1418 2008 1485 pauci
2055 1416 2260 1479 codices
2306 1435 2430 1473 mss.
2479 1418 2780 1471 versionum

284 1515 655 1588 Syriacamm
700 1519 761 1571 in
806 1518 1156 1572 Bibliothecis
1198 1520 1514 1589 Europaeis
1560 1526 1830 1572 eoestarent
1851 1538 1868 1571 :
1921 1520 2120 1594 editum
2169 1528 2346 1573 tamen
2380 1522 2500 1589 fuit
2541 1524 2778 1591 primum

284 1622 507 1675 Novum
544 1622 935 1675 Testamentum
985 1623 1213 1677 Viennae
1243 1623 1510 1676 Austriae.
1530 1626 1706 1678 1555.
1739 1624 1792 1679 d.
1825 1624 2175 1677 Ferdinandi
2205 1625 2250 1679 I.
2283 1626 2435 1681 Rom.
2459 1626 2598 1695 Imp.
2629 1629 2782 1680 iussn,

285 1732 337 1779 et
382 1726 737 1781 liberalitate.
801 1726 859 1779 J.
907 1727 972 1781 A.
1020 1726 1117 1779 Wi
1130 1728 1229 1779 dm
1246 1728 1615 1781 austadius
1658 1730 1748 1781 vir
1793 1728 2075 1781 literarum
2123 1728 2360 1783 Orientis
2395 1732 2782 1801 peritissimus,

288 1835 337 1881 et
363 1829 793 1883 Provinciarum
814 1830 1099 1899 inferioris
1123 1831 1377 1885 Austriae
1404 1830 1798 1897 Cancellarius,
1825 1832 2181 1885 Ferdinando
2199 1834 2476 1901 persuasit
2497 1842 2558 1888 ut
2579 1842 2784 1889 sumtus

279 1933 516 2000 faceret.
562 1934 688 1987 Etsi
720 1934 1136 2004 frontispicium
1169 1935 1302 1988 libri
1332 1953 1533 1987 annum
1570 1936 1756 1991 1562.
1779 1936 2138 2005 praeseferat,
2181 1944 2357 1991 tamen
2389 1957 2524 2007 opus
2569 1941 2682 1993 iam
2729 1958 2778 1993 α.

290 2040 481 2092 1555.
526 2038 831 2091 absolutum
862 2038 1042 2107 fuisse
1081 2040 1156 2091 ad
1188 2039 1385 2091 calcem
1418 2044 1527 2091 tam
1555 2039 1748 2107 primi,
1780 2058 1940 2109 quam
1981 2042 2202 2094 secundi
2241 2042 2529 2095 voluminis
2572 2044 2782 2096 adscri-

291 2143 457 2198 bitur.
506 2142 699 2195 Editio
734 2142 995 2211 princeps
1040 2144 1111 2197 N.
1166 2142 1226 2197 T.
1272 2142 1479 2211 syriaci
1523 2142 1786 2195 versionis
1833 2143 2078 2197 Peschito
2111 2150 2146 2197 t.
2190 2144 2238 2197 I.
2288 2145 2390 2197 hac
2434 2146 2784 2215 inscriptione

287 2246 531 2315 prodiit.-
568 2218 817 2323 „Liber
856 2246 1207 2300 Sacrosancti
1239 2247 1533 2317 Evanyelii
1563 2247 1627 2299 de
1656 2246 1789 2299 Jesu
1825 2245 1878 2301 G.
1907 2248 1979 2303 D.
2013 2255 2060 2300 et
2093 2249 2166 2304 D.
2196 2242 2304 2302 N.“
2343 2256 2378 2303 t.
2404 2249 2482 2303 II.
2531 2248 2588 2304 S.
2616 2250 2786 2303 Pauli

290 2351 401 2419 Ep.
438 2350 597 2405 XIV.
629 2370 670 2406 s.
700 2352 880 2404 Lucae
910 2350 1100 2420 Apost.
1132 2351 1277 2406 Hist.
1314 2350 1369 2405 S.
1404 2351 1468 2404 A.
1500 2350 1701 2403 Jacobi
1745 2351 1900 2403 Petri
1945 2359 1992 2405 et
2037 2350 2277 2405 Johann.
2313 2355 2456 2408 328.
2479 2354 2532 2420 f.
2579 2354 2637 2405 in
2679 2355 2713 2407 I
2723 2355 2777 2412 V.

292 2455 491 2509 Editio
535 2456 847 2524 rarissima,
910 2455 1195 2508 accuratia
1244 2461 1291 2507 et
1338 2456 1511 2507 nitore
1574 2472 1752 2507 omnes
1798 2455 1945 2507 alias
1991 2457 2299 2508 subsecutas
2344 2457 2578 2525 vincens,
2625 2466 2783 2529 alque

290 2558 574 2611 codicibus
621 2578 819 2631 maqna
867 2559 1216 2629 antiqu-itatis
1262 2560 1425 2641 laude
1471 2559 1641 2611 claris
1689 2559 2023 2627 confirmata.
2094 2560 2564 2615 Widmanstadius
2607 2570 2784 2615 noster

279 2683 401 2732 pro
448 2665 727 2718 laboribus
771 2665 886 2718 suis
932 2665 1229 2717 innumeris
1272 2665 1331 2716 in
1378 2665 1475 2716 hoc
1520 2681 1656 2733 opus
1701 2663 1974 2732 impensis,
2022 2665 2116 2718 hoc
2162 2667 2332 2718 solum
2375 2669 2676 2736 praemium
2724 2672 2783 2722 in

282 2768 405 2838 fine
432 2768 615 2838 praef.
664 2771 733 2821 ab
774 2769 1107 2838 Imperatore
1130 2769 1325 2838 petiit:
1369 2775 1429 2821 ut
1459 2786 1494 2821 a
1525 2768 1870 2840 maqistratu,
1909 2786 2057 2838 quem
2103 2773 2319 2842 9erebat
2365 2771 2534 2841 abire,
2577 2781 2625 2827 et
2656 2777 2782 2828 reli-

294 2892 467 2943 quum
511 2875 656 2928 vitae
707 2891 839 2926 suae
885 2879 1091 2942 tempus
1134 2871 1310 2926 literis
1356 2889 1553 2925 vacare
1595 2879 1787 2940 posset.
1865 2871 2020 2934 Quod
2065 2875 2227 2927 etiam
2273 2875 2586 2945 impetravit
2629 2886 2785 2949 atque

302 2977 622 3032 Cano-nicus
656 2977 847 3046 factus
880 2961 991 3032 est.
1018 2978 1278 3030 Recusum
1322 2983 1397 3030 est
1429 2978 1498 3030 N.
1538 2977 1594 3032 T.
1640 2977 1777 3031 Gen.
1812 2979 2006 3044 1569„
2053 2979 2146 3030 sed
2176 2979 2488 3034 incredibili
2510 2986 2782 3051 perversi-

293 3086 427 3138 tate.
454 3113 533 3122 —-
565 3084 645 3136 Ne
675 3084 809 3152 quid
838 3085 1088 3136 dicamus
1113 3083 1177 3134 de
1203 3081 1333 3134 aliis
1361 3082 1564 3135 eruditi
1593 3081 2027 3136 Widmanstadii
2047 3083 2300 3151 partibus
2325 3085 2470 3155 typis
2499 3087 2786 3157 descriptis

293 3195 345 3240 et
389 3187 801 3258 manuscriptis,
850 3189 943 3256 qui
987 3189 1047 3240 in
1081 3187 1253 3240 variis
1303 3186 1756 3239 Bibliothecarum
1798 3187 2020 3241 latebris
2052 3189 2288 3256 haerent,
2332 3189 2572 3244 instituti
2615 3195 2788 3246 nostri

294 3292 515 3344 ratione
553 3292 921 3361 prohibemur.
971 3291 1364 3344 Praestiterunt
1409 3291 1537 3344 hoc:
1581 3289 1637 3344 J.
1677 3289 1744 3348 G'.
1793 3289 1841 3343 S
1848 3291 2120 3345 chelhor
2133 3311 2186 3358 n,
2247 3295 2423 3348 sched.
2470 3296 2591 3351 hist.
2642 3298 2781 3354 liter.

293 3398 361 3450 de
410 3397 625 3450 eximiis
671 3387 962 3450 Sv'evorum
1009 3397 1066 3448 in
1112 3395 1485 3448 Literaturam
1534 3395 1864 3448 Orientalem
1906 3397 2128 3464 meritis,
2206 3397 2265 3449 in
2310 3399 2568 3453 Amoenit.
2615 3401 2785 3456 Liter.

514 3569 552 3632 1)
590 3569 829 3616 Vocibus
857 3565 1075 3615 Graecis
1112 3565 1256 3613 haud
1292 3580 1411 3614 raro
1438 3565 1507 3613 ad
1530 3565 1768 3614 taedium
1803 3581 1972 3630 usque
2008 3567 2310 3632 respondet,
2348 3569 2425 3618 ita
2447 3576 2508 3619 ut
2533 3571 2785 3636 Syriacae

292 3658 520 3722 linguae
556 3655 790 3704 indolem
828 3659 881 3703 et
916 3653 1062 3718 leges
1098 3651 1288 3714 violet3
1341 3657 1393 3700 et
1430 3653 1516 3700 vix
1552 3652 1779 3716 intelligi
1824 3655 1993 3718 possit
2039 3654 2142 3702 nisi
2179 3670 2243 3702 ex
2280 3655 2452 3704 Textu
2489 3659 2786 3721 originario.

294 3744 457 3795 Unde
502 3747 653 3808 patet
702 3741 783 3790 his
832 3741 1040 3790 duabus
1078 3739 1363 3804 Polycarpi
1412 3745 1465 3788 et
1510 3739 1748 3788 Thomae
1797 3740 2248 3803 translationibus,
2305 3747 2488 3806 utpote
2527 3760 2556 3792 e
2595 3745 2786 3808 quibus

296 3831 555 3896 cognosci
594 3834 771 3894 potest
806 3833 981 3876 textus
1021 3827 1261 3876 Graecus
1300 3842 1483 3876 eorum
1520 3827 1916 3891 exemplarium,
1955 3843 2092 3892 quae
2129 3833 2383 3892 tanquam
2419 3831 2501 3878 sui
2536 3833 2787 3896 temporis

295 3918 691 3968 correctissima
728 3916 989 3965 duumviri
1025 3916 1111 3963 isti
1149 3914 1479 3977 iudicarunt3
1529 3913 1674 3962 haud
1723 3916 1965 3978 exiguam
2005 3916 2058 3962 in
2095 3931 2151 3962 re
2189 3916 2374 3965 critica
2415 3919 2787 3967 auctoritatem

295 4020 420 4054 esse
482 4003 896 4052 concedendam.
970 4003 1215 4052 Habetur
1274 4001 1531 4050 fasciculo
1600 4003 1802 4050 14.664.
1875 4001 2045 4051 Musei
2109 4003 2432 4065 Britannici,
2498 4007 2789 4068 pretiosum

292 4091 577 4139 literarum
626 4091 950 4153 syriacaruni
1000 4095 1053 4137 et
1100 4091 1312 4138 testium
1366 4091 1600 4137 veterum
1648 4089 1712 4136 N.
1761 4089 1822 4136 T.
1875 4090 2266 4150 monimentum,
2317 4092 2609 4156 scripturae
2655 4094 2787 4139 anti-

296 4178 615 4242 quissimae3
655 4177 797 4240 quod
834 4176 1249 4240 Evangeliorum
1286 4177 1582 4240 pericopas,
1620 4175 1860 4224 Psalmos
1901 4192 1929 4223 e
1969 4177 2209 4225 versione
2245 4177 2410 4226 Lxx.
2451 4193 2569 4226 cum
2607 4195 2788 4228 nume—

297 4265 509 4314 ratione
560 4264 815 4313 hebraica
862 4263 1163 4312 translatos.
1226 4263 1464 4327 Reperiit
1513 4268 1565 4311 et
1610 4261 1891 4326 descripsit
1943 4263 2088 4312 istud
2137 4260 2334 4331 ἕρμαιον
2381 4265 2432 4313 J.
2471 4265 2530 4314 P.
2568 4265 2788 4326 Laud,

300 4352 591 4416 Symbolae
618 4349 887 4414 Syriacae.
912 4351 1084 4415 Lugd.
1110 4351 1295 4399 Batav.
1320 4350 1470 4400 1862.
1496 4367 1552 4414 p.
1570 4351 1651 4398 43.
1675 4365 1714 4398 s.
1755 4349 2048 4399 Servantur
2073 4366 2285 4416 quoque
2310 4353 2364 4400 in
2391 4351 2577 4400 eodem
2601 4351 2788 4401 Museo

298 4439 425 4488 libri
462 4439 811 4502 manuscripti
858 4439 943 4500 τῆς
986 4437 1389 4502 „Simplicis“
1430 4455 1479 4501 q.
1519 4437 1586 4499 d.‚
1639 4452 1773 4501 quos
1817 4437 2034 4486 strictim
2076 4431 2409 4486 enumeravit
2443 4437 2580 4485 idem
2618 4438 2788 4500 Land,

299 4525 336 4574 l.
364 4542 408 4574 c.
435 4542 487 4590 p.
519 4527 601 4574 13.
628 4542 669 4574 s.
728 4524 976 4574 Ceterum
1000 4526 1216 4573 uberior
1252 4526 1472 4574 istorum
1498 4525 1687 4573 notitia
1724 4530 2059 4588 exspectatur
2085 4540 2118 4572 a
2144 4523 2204 4572 G.
2232 4523 2511 4588 Wright,
2551 4525 2635 4572 cui
2672 4530 2793 4592 post

302 4612 632 4662 Curetonum
668 4612 921 4661 traditum
958 4617 1054 4674 est,
1092 4627 1283 4660 munus
1319 4611 1545 4676 parandi
1582 4611 1882 4676 catalogum
1921 4613 2184 4676 syriacum
2215 4611 2388 4659 Musei
2412 4610 2721 4660 Britannici.
