3309 5300
514 394 643 458 290
1206 406 1443 447 Commeat.
1472 406 1525 445 de
1556 409 1600 447 S.
1622 407 1835 457 scriptur.
1867 419 1961 457 cap.
1990 409 2092 449 tert.
2123 408 2230 447 sect.
2261 407 2295 447 I.

616 704 674 781 ἓ.
726 705 869 769 129.
932 701 1046 764 De
1089 700 1543 786 Prophetiis
1588 702 1669 765 V.
1719 702 1797 765 F.
1848 723 2276 787 earumque
2326 700 2888 786 explicatione.

722 926 773 977 S.
800 927 1015 976 Literae
1051 928 1191 977 Novi
1227 928 1481 977 Foederis
1508 927 1668 977 fidem
1703 930 1997 993 superstrui
2033 928 2221 977 volunt
2254 929 2378 977 Pro
2396 928 2650 993 phetiis
2687 930 2819 979 Luc.
2850 932 2896 991 1,
2923 930 3025 977 ’10.

511 1014 709 1063 Joann.
748 1016 795 1076 5,
835 1015 919 1063 39.
969 1014 1038 1063 II.
1076 1014 1211 1063 Tim.
1251 1016 1299 1076 3,
1341 1016 1420 1063 15.
1469 1015 1512 1063 I.
1549 1015 1695 1063 Petr.
1742 1016 1795 1075 1,
1838 1017 1946 1078 11.;
2000 1016 2130 1079 quin
2177 1016 2338 1063 etiam
2389 1015 2741 1065 vaticinia
2787 1015 3026 1081 reliquis

510 1100 915 1164 probationibus
941 1100 1261 1166 praeferunt.
1308 1099 1441 1150 coll.
1468 1101 1640 1151 Exod.
1671 1103 1752 1163 15,
1781 1102 1862 1151 18.
1911 1102 1953 1149 I.
1983 1100 2102 1150 Cor.
2133 1104 2213 1161 15,
2242 1104 2290 1150 1.
2337 1101 2408 1150 11.
2434 1102 2576 1151 Petr.
2607 1104 2653 1163 1,
2683 1105 2762 1152 19.
2789 1118 2830 1153 s.
2872 1101 3026 1151 Cum

508 1202 637 1235 vero
663 1187 858 1236 diversi
883 1189 1093 1252 generis
1119 1188 1499 1253 impedimenta
1530 1202 1794 1238 sensum
1830 1187 2348 1252 Prophetiarum
2379 1188 2742 1237 difficilem
2774 1188 3023 1237 faciant:

508 1274 732 1323 interest
769 1273 953 1338 aliqua
979 1279 1211 1325 attexere
1248 1279 1556 1339 praecepta,
1596 1276 1788 1339 quibus
1826 1274 2298 1339 intelligentia
2333 1276 2819 1324 Vaticiniorum
2855 1276 3024 1325 adiu-

509 1364 677 1409 vetur.
741 1359 1203 1410 Cassiodorio:
1256 1360 1653 1426 „Prophetia
1703 1366 1800 1411 est
1837 1362 2166 1425 aspiratio
2217 1362 2472 1425 divina,
2525 1377 2691 1427 quae
2729 1368 3023 1412 eventus

511 1461 747 1507 rerum,
794 1450 908 1494 aut
942 1462 1059 1511 per
1092 1446 1300 1508 facta,
1339 1452 1453 1495 aut
1487 1462 1602 1511 per
1638 1446 1821 1496 dicta
1858 1448 2296 1512 quorumdam
2332 1448 2670 1498 immobili
2702 1450 3023 1498 veritate

507 1532 959 1597 pronuntiat.“
1010 1532 1183 1581 Praef.
1235 1534 1291 1581 in
1327 1533 1415 1583 Ps.
1448 1548 1493 1581 c.
1536 1535 1581 1582 1.
1633 1532 1735 1598 Op.
1775 1533 1856 1583 ed.
1897 1532 2100 1583 Garetii
2135 1535 2324 1584 Venet.
2365 1536 2514 1584 1729.
2550 1535 2620 1597 Π,
2658 1538 2706 1584 2.
2757 1536 2840 1584 De
2877 1549 3022 1599 qua,

510 1621 804 1683 continuat,
840 1618 975 1671 bene
1004 1619 1219 1683 quidam
1245 1619 1403 1667 dixit:
1442 1619 1736 1683 Prophetia
1760 1624 1841 1670 est
1870 1621 2050 1669 suavis
2076 1620 2238 1669 dictio
2267 1620 2512 1671 coelestis
2539 1620 2809 1670 doctrinae
2834 1622 3022 1681 favos,

514 1711 569 1755 et
605 1705 783 1755 dulcia
820 1705 986 1754 divini
1024 1703 1224 1769 eloquii
1260 1705 1422 1754 mella
1458 1721 1798 1771 componens.
1848 1706 1984 1755 Ibid.
2023 1706 2397 1771 Prophetae
2431 1708 2494 1755 V.
2522 1707 2582 1755 Τ.
2610 1722 2792 1757 omnes
2817 1722 2930 1756 una
2961 1712 3024 1755 et

508 1791 617 1841 alta
655 1808 787 1841 voce
824 1792 1087 1841 fatentur:
1127 1806 1244 1841 esse
1269 1792 1374 1840 Dei
1400 1790 1677 1856 Spiritum,
1705 1808 1810 1856 quo
1839 1793 1945 1841 acti
1971 1796 2024 1841 et
2051 1791 2264 1856 impulsi
2290 1792 2358 1841 ad
2384 1792 2615 1841 Divinae
2639 1793 3022 1843 Revelationis

508 1879 964 1928 annuntiationem
1002 1878 1255 1927 ferantur.
1306 1878 1369 1927 V.
1407 1878 1531 1927 Isai.
1560 1880 1642 1939 38,
1685 1880 1734 1927 4.
1771 1880 1857 1940 43,
1901 1879 1982 1927 12.
2019 1879 2217 1928 Jerem.
2245 1881 2291 1939 1,
2318 1879 2367 1927 4.
2396 1881 2443 1927 9.
2472 1881 2554 1928 10.
2591 1881 2673 1940 23,
2701 1881 2782 1928 21.
2809 1881 2893 1929 22.
2923 1879 3022 1927 28.

505 1958 712 2014 11150011.
744 1968 790 2026 1,
828 1967 877 2014 3.
925 1963 1064 2014 Joel.
1106 1967 1151 2026 l,
1194 1966 1238 2013 1.
1289 1964 1413 2014 Ose.
1457 1967 1501 2026 1,
1543 1966 1589 2013 1.
1628 1967 1676 2013 2.
1728 1964 1908 2013 Amos.
1947 1967 1994 2026 3,
2027 1966 2074 2013 7.
2115 1966 2164 2014 8.
2215 1966 2356 2014 Hab.
2394 1967 2443 2026 2,
2471 1966 2519 2013 2.
2569 1964 2729 2013 Zach.
2764 1966 2809 2027 l,
2843 1967 2892 2014 9.
2925 1966 3021 2013 14.

509 2051 629 2101 coll.
667 2052 823 2101 Num.
864 2054 945 2112 12,
981 2053 1027 2100 6.
1066 2052 1115 2099 8.
1166 2050 1209 2099 Ι.
1242 2051 1373 2115 Reg.
1411 2054 1461 2113 3,
1500 2053 1581 2099 21.
1631 2051 1702 2099 II.
1739 2052 1821 2113 23,
1863 2052 1912 2099 2.
1959 2051 2058 2100 ΙΠ.
2091 2053 2174 2113 20,
2214 2052 2296 2101 35.
2337 2053 2420 2100 36.
2469 2051 2586 2101 Act.
2621 2052 2667 2112 1,
2703 2053 2782 2100 16.
2833 2050 3020 2100 Hebr.

520 2142 566 2200 1,
598 2141 642 2188 1.
670 2140 717 2187 2.
756 2138 799 2187 I.
824 2138 967 2187 Petr.
995 2141 1041 2199 1,
1070 2140 1150 2186 11.
1192 2137 1263 2186 ΙΙ.
1289 2138 1431 2186 Petr.
1461 2140 1506 2199 1,
1534 2139 1615 2186 21.
1667 2137 1833 2202 Apoc.
1863 2140 1910 2199 1,
1939 2139 1984 2186 1.
2029 2138 2208 2203 Atque
2243 2138 2482 2202 profecto
2507 2137 2610 2186 hoc
2647 2138 2775 2187 satis
2811 2139 3022 2203 proba·

508 2229 607 2285 tur,
647 2224 805 2273 effato
832 2223 923 2272 illo
950 2224 1323 2273 usitatissimo:
1361 2225 1508 2291 17⁴1&ng
1531 2225 1633 2291 rrth)
1657 2231 1763 2295 1:333,
1802 2223 1971 2293 dicit
2005 2224 2328 2273 Dominus
2366 2224 2788 2272 exercituum
2819 2252 2886 2259 —
2915 2225 3026 2289 qui

506 2334 579 2368 sc.
618 2334 771 2367 suum
815 2318 1013 2367 dictum
1050 2326 1142 2390 1:33?
1178 2319 1238 2365 in
1282 2318 1553 2367 hominum
1601 2319 1791 2367 animis
1831 2323 1884 2367 et
1921 2319 2104 2367 audire
2142 2319 2272 2367 facit
2309 2321 2362 2367 et
2398 2324 2682 2367 conservat
2719 2337 2813 2382 ——3
2854 2318 3018 2384 quod

506 2415 561 2463 in
597 2412 972 2463 nonnullorum
1024 2413 1408 2478 Prophetarum
1458 2413 1682 2478 singulis
1731 2413 1844 2463 fere
1893 2414 2159 2477 capitibus
2209 2414 2506 2462 invenitur:
2555 2418 2616 2461 ut
2665 2413 3022 2467 auditoribus

506 2506 558 2550 et
593 2500 882 2550 lectoribus
918 2498 1231 2561 inculcetur,
1280 2516 1389 2549 non
1424 2499 1657 2548 humana
1697 2503 1749 2548 et
1783 2499 1928 2549 levia
1963 2500 2059 2549 sed
2094 2500 2295 2548 Divina
2334 2504 2388 2549 et
2424 2502 2612 2564 gravia
2649 2515 2680 2549 a
2716 2501 3020 2566 Prophetis

507 2587 691 2637 Sancti
740 2586 965 2652 Spiritus
1021 2588 1222 2636 nuntiis
1275 2587 1502 2652 proponi
1518 2605 1530 2649 3
1589 2588 1783 2650 quibus
1837 2585 1994 2635 fidem
2051 2586 2251 2635 habere
2306 2586 2548 2635 homines
2594 2592 2648 2636 et
2697 2589 2909 2654 possint
2965 2592 3026 2635 et

508 2675 757 2724 debeant.
819 2674 976 2723 Unde
1026 2679 1169 2723 recte
1218 2674 1471 2723 infertur:
1522 2688 1633 2722 non
1669 2675 1725 2722 in
1762 2673 2043 2738 Prophetis
2079 2675 2210 2739 ipsis
2248 2689 2367 2722 esse
2404 2674 2734 2723 vaticinandi
2769 2676 3020 2724 necessi-

506 2766 689 2823 tatem,
728 2761 821 2811 sed
860 2762 1037 2810 Deum
1072 2777 1169 2826 per
1205 2776 1329 2810 suos
1356 2759 1653 2825 Prophetas
1691 2759 1854 2825 loqui,
1893 2761 1984 2824 qui
2020 2760 2244 2824 proinde
2281 2761 2483 2809 Divina
2519 2777 2653 2811 voce
2690 2762 2857 2824 missi,
2895 2777 3021 2810 non

507 2865 571 2898 ex
618 2864 715 2898 suo
764 2848 859 2897 sed
908 2864 973 2897 ex
1020 2849 1125 2896 Dei
1172 2847 1430 2897 mandato
1479 2852 1661 2912 agunt.
1734 2847 1992 2896 Mandata
2045 2847 2479 2911 frequentissime
2524 2847 2806 2912 Prophetis
2857 2847 3020 2896 facta

505 2939 655 2983 sunt:
706 2939 767 2983 ut
815 2949 880 2984 ea
932 2949 1073 3000 quae
1122 2949 1157 2983 a
1190 2934 1309 2982 Deo
1360 2933 1682 2982 audiverant
1716 2933 1830 2982 sine
1869 2931 2289 2982 dissimulatione
2326 2932 2456 2995 ulla,
2496 2935 2614 2984 sine
2650 2948 3014 2998 personarum

505 3021 685 3085 aliquo
711 3023 905 3070 intuitu
930 3020 1159 3070 fideliter
1185 3021 1525 3069 annuncient.
1570 3019 1654 3070 Ad
1681 3035 1820 3084 quae
1845 3021 2138 3084 respiciens
2165 3035 2208 3068 s.
2234 3020 2322 3068 Au
2337 3022 2670 3085 gustinus,
2700 3021 3014 3085 quaestion.

502 3108 560 3156 in
594 3107 816 3172 Heptat.
853 3107 924 3169 11,
965 3109 1045 3155 17.
1082 3107 1178 3156 111.
1218 3121 1264 3155 a.
1292 3107 1410 3156 601.
1452 3107 1666 3155 scribit:
1709 3106 1867 3166 „Hic
1903 3106 2073 3155 Exod.
2110 3108 2160 3168 4,
2201 3109 2282 3155 16.
2319 3108 2726 3156 insinuatur
2762 3107 3012 3168 nobis,

505 3209 583 3243 ea
619 3194 684 3243 lo
702 3195 817 3258 qui
853 3193 1239 3258 Prophetas
1276 3193 1396 3254 Dei,
1438 3207 1613 3256 quae
1651 3193 1951 3242 audiunt
1986 3193 2065 3242 ab
2093 3193 2215 3254 Eo,
2267 3192 2591 3258 nihilque
2635 3191 2819 3242 aliud
2857 3208 3013 3242 esse

505 3280 924 3345 Prophetam
962 3281 1090 3342 Dei,
1141 3280 1281 3329 nisi
1320 3281 1838 3340 enuntiatorem
1874 3280 2236 3329 verborum
2273 3280 2378 3328 Dei
2414 3278 2841 3342 hominibus,
2887 3280 3014 3343 qui

510 3367 685 3416 Deum
721 3367 833 3416 vel
869 3383 1001 3416 non
1036 3370 1361 3431 possunt,
1398 3365 1508 3415 vel
1544 3382 1679 3416 non
1713 3371 2060 3415 merentur
2095 3365 2384 3414 audire.“

712 3478 1006 3543 Singularis
1055 3477 1441 3542 Prophetarum
1477 3478 1541 3527 V.
1590 3479 1652 3527 F.
1703 3493 1834 3543 prae
1882 3477 1999 3528 aliis
2046 3479 2175 3526 viris
2223 3477 2577 3526 Theocratiae
2623 3479 3012 3542 praerogativa

507 3565 836 3631 significatur
868 3580 1003 3614 voce
1039 3571 1153 3632 8⁵33,
1202 3578 1306 3628 quo
1346 3565 1559 3613 nomine
1596 3565 1653 3612 in
1691 3563 1745 3613 S.
1785 3563 2060 3628 Scriptura
2104 3579 2214 3613 non
2251 3579 2434 3613 omnes
2477 3565 2794 3627 interpretes
2842 3579 3010 3627 quos·

508 3676 759 3725 cumque,
810 3659 905 3710 sed
955 3660 1173 3709 nuntios
1226 3647 1377 3721 Dei3'
1414 3660 1505 3724 qui
1554 3675 1639 3708 res
1691 3660 1925 3721 divinas,
1981 3673 2120 3724 quae
2171 3660 2285 3708 sine
2334 3658 2438 3708 Dei
2491 3659 2843 3723 inspiratione
2901 3673 3010 3708 nec

504 3761 849 3812 cognoscere,
888 3762 987 3795 nec
1023 3746 1259 3810 proferre
1296 3750 1545 3810 possunt,
1593 3745 1898 3796 hominibus
1935 3747 2264 3808 renuntiant,
2314 3746 2488 3794 notari
2533 3743 2660 3794 alibi
2699 3745 3006 3794 docuimus.

502 3833 565 3882 V.
590 3833 659 3882 H.
686 3832 749 3881 V.
775 3833 836 3881 Τ.
862 3849 913 3897 p.
943 3834 1059 3882 228.
1109 3830 1308 3880 Affinia
1342 3837 1466 3881 sunt
1495 3834 1713 3881 nomina
1747 3828 1856 3899 Πζςῆ,
1894 3827 1980 3899 τρὶ-τ
2015 3859 2077 3868 —-
2109 3830 2266 3895 Vulg.
2303 3831 2493 3880 videns
2531 3860 2597 3868 —
2633 3831 3004 3896 antiquissimi

502 3941 629 3977 usus
681 3926 801 3976 coll.
847 3926 889 3975 1.
934 3927 1065 3992 Reg.
1114 3930 1172 3990 9,
1221 3931 1297 3992 9.;
1349 3941 1488 3993 quae
1535 3929 1612 3977 ita
1656 3930 1948 3991 iunguntur
2003 3927 2206 3976 nomini
2253 3933 2352 3996 ψῃ
2397 3929 2459 3974 ut
2507 3926 2730 3975 eandem
2783 3927 3008 3992 quidem

501 4023 613 4071 rem'
662 4021 838 4071 dicere
885 4022 1192 4084 videantur,
1244 4028 1328 4072 ast
1375 4028 1622 4088 respectu
1673 4021 2062 4086 aliquantulum
2114 4021 2341 4070 diverso.
2403 4021 2660 4071 Videntes
2710 4022 2744 4069 i.
2785 4037 2832 4070 e.
2880 4038 3006 4086 pro-

500 4114 771 4174 spector-es
809 4109 1057 4158 dicuntur
1101 4107 1429 4173 Prophetae,
1484 4109 1576 4173 qui
1626 4110 1960 4173 conspiciunt
2008 4124 2036 4156 e
2072 4106 2276 4156 Divina
2311 4105 2685 4169 Revelatione,
2727 4107 2875 4172 quod
2917 4113 3005 4159 est

501 4194 753 4245 futurum.
813 4195 899 4244 Ita
933 4194 992 4244 fit
1028 4200 1085 4244 ut
1137 4211 1256 4245 cum
1294 4195 1359 4243 de
1407 4194 1679 4243 locutione
1715 4195 1820 4243 Dei
1857 4199 2023 4260 agunt
2059 4194 2376 4259 Prophetae,
2416 4207 2596 4258 saepe,
2641 4209 2782 4258 quae
2820 4209 3002 4243 rerum

502 4288 640 4346 sunt,
690 4283 903 4346 verbis3
965 4287 1020 4332 et
1066 4297 1205 4347 quae
1243 4282 1527 4331 verborum
1565 4285 1706 4343 sunt,
1757 4281 1916 4330 rebus
1951 4281 2217 4330 tribuunt:
2271 4285 2332 4329 ut
2384 4280 2562 4329 dicant
2617 4294 2684 4329 se
2739 4279 3003 4330 vidisse

502 4369 795 4432 verbum,
833 4370 1155 4419 visionem
1192 4368 1505 4418 audiisse.
1554 4367 1635 4416 Cf.
1673 4367 1798 4416 Isai.
1840 4369 1885 4430 1,
1916 4371 1963 4417 1.
2001 4369 2048 4430 2,
2090 4369 2136 4416 1.
2199 4365 2505 4431 Synonyma
2540 4371 2680 4429 sunt,
2730 4357 2883 4434 0⁸17th
2907 4367 3004 4427 &³23

505 4465 583 4513 vir
607 4463 728 4526 Dei,
768 4465 803 4513 i.
830 4480 876 4514 e.
901 4469 1043 4514 totus
1068 4463 1186 4514 Deo
1225 4469 1278 4513 et
1304 4461 1496 4512 divinis
1534 4463 1694 4512 rebus
1732 4462 1971 4518 devotus,
2011 4461 2101 4526 qui
2137 4459 2194 4510 in
2231 4466 2284 4510 et
2319 4477 2439 4510 cum
2474 4460 2593 4510 Deo
2619 4459 2768 4511 vivit.
2792 4461 2836 4510 Ι.
2861 4462 3000 4527 Reg.

502 4553 550 4614 9,
587 4551 635 4599 8.
688 4549 1144 4616 cognominantur
1182 4545 1505 4611 Θεόπνευστοι,
1541 4556 1655 4618 [mgr
1679 4547 1785 4610 τύᾞ,
1834 4548 1914 4598 vir
1961 4547 2192 4613 spiritus,
2243 4563 2276 4598 a
2326 4545 2378 4596 S.
2418 4545 2619 4613 Spiritu
2655 4562 2728 4598 sc.
2770 4544 3000 4599 affectus
