3309 5300
963 429 1186 478 Historiae
1219 429 1384 478 Textus
1412 437 1463 478 N.
1494 433 1543 478 T.
1575 439 1692 489 typis
1719 435 1944 489 descripti.
2578 426 2701 492 129

248 619 498 668 lectionum
532 613 701 662 textui
740 613 1021 663 submissa.
1075 611 1334 662 Millius
1373 629 1482 662 non
1518 629 1682 662 unum
1719 618 1908 664 nactus
1948 617 2030 664 est
2067 629 2356 676 censorem,
2393 616 2531 664 inter
2567 631 2702 680 quos

247 701 607 755 celeberrimum
626 699 914 749 Danielem
938 699 1157 749 Whitb
1169 717 1229 763 y,
1257 701 1350 765 qui
1374 701 1429 748 in
1450 701 1692 749 examine
1713 701 2034 749 variantium
2053 699 2339 749 lectionum
2361 702 2412 750 J.
2434 702 2505 750 M.
2529 702 2700 752 Lond.

248 793 372 840 1⁷10.
396 787 458 836 II.
486 787 633 834 1727.
670 786 842 835 multa
870 786 1067 836 menda
1089 785 1244 835 Millii
1270 787 1511 835 correxit.
1560 786 1877 851 Exemplum
1901 787 2057 836 Millii
2083 791 2298 837 secutus
2324 788 2382 836 in
2412 787 2700 838 Germania

244 877 287 926 J.
308 875 361 924 A.
393 872 752 937 Bengelius
792 874 959 934 1734„
1000 873 1284 922 editionem
1322 873 1605 937 apparavit
1635 873 1944 938 Tubingae3
1983 888 2123 938 quae
2162 889 2206 922 e.
2235 889 2282 923 a.
2311 872 2701 938 Stuttgardiae3

246 970 289 1014 et
318 977 361 1010 a.
386 961 525 1010 1753.
562 975 751 1009 rursus
777 959 1057 1024 Tubingae
1094 960 1237 1008 exiit.
1289 958 1387 1008 Ille
1413 959 1625 1023 quidem
1664 960 1948 1024 genuinam
1987 961 2218 1009 cuiusvis
2253 960 2359 1009 loci
2397 959 2701 1024 lectionem,

244 1063 359 1116 quae
390 1049 440 1096 in
474 1045 797 1096 editionibus
835 1047 1073 1111 probatis
1111 1046 1454 1108 occurrebat,
1503 1046 1876 1110 investigando
1915 1047 1970 1094 in
2006 1047 2179 1095 Textu
2215 1049 2518 1112 proposuit3
2578 1064 2699 1096 cum

246 1137 342 1187 aliis
388 1137 495 1183 tota
540 1134 818 1183 nitebatur
867 1133 1222 1194 documentis,
1280 1147 1398 1182 eam
1452 1134 1706 1197 marginis
1756 1132 2098 1194 lectionibus,
2156 1135 2446 1198 conspicuo
2501 1134 2699 1184 iudicio

246 1223 461 1272 munitam
482 1221 734 1284 inseruit3
772 1225 1143 1286 praeterquam
1166 1221 1223 1268 in
1246 1219 1586 1284 Apocalypsi,
1625 1220 1719 1268 ubi
1753 1220 1952 1269 codicis
1977 1219 2323 1269 Alexandrini
2360 1221 2693 1286 aliorumque

244 1307 561 1358 subsidiorum
599 1323 719 1372 ope,
755 1307 945 1356 Textui
970 1309 1329 1356 sinceritatem
1364 1309 1533 1356 semet
1558 1307 1852 1356 restituisse
1889 1305 2180 1372 profitetur.
2232 1307 2471 1357 Subiecit
2494 1325 2546 1374 p.
2577 1311 2697 1360 369.

245 1396 402 1445 -884.
445 1399 762 1460 apparatum
799 1393 1011 1444 Criseos
1057 1408 1242 1443 sacrae
1278 1392 1569 1454 Millianae,
1620 1393 1717 1442 sed
1751 1409 1879 1442 vero
1929 1393 2261 1456 emendatae,
2309 1396 2697 1460 compendium.

243 1482 498 1532 Plurimum
546 1483 763 1530 criticas
811 1481 1212 1546 explanationes
1248 1479 1492 1545 Bengelii
1540 1484 1730 1530 auctas
1767 1484 1822 1529 et
1856 1483 2157 1545 recognitas
2205 1481 2420 1531 exhibet
2466 1483 2703 1532 eiusdem

243 1570 508 1634 Apparatus
564 1569 781 1617 criticus
830 1568 900 1616 ad
948 1569 1011 1617 N.
1051 1568 1130 1630 T.,
1169 1571 1389 1616 curante
1438 1565 1535 1616 Ph.
1572 1567 1639 1615 D.
1678 1567 1924 1616 Burkio
1975 1569 2111 1617 Tub.
2151 1570 2452 1618 1763.'*sec.
2505 1569 2696 1620 editus.

245 1657 295 1705 In
327 1671 421 1720 quo
467 1654 701 1704 habetur
734 1655 1065 1704 Introductio
1116 1654 1187 1703 ad
1235 1653 1477 1703 lectionis
1514 1654 1827 1702 varietatem
1871 1655 1927 1701 in
1963 1655 2270 1703 universum
2309 1660 2360 1704 et
2395 1657 2702 1721 singulatim

244 1741 629 1803 discernendam,
689 1757 810 1790 cum
858 1739 1067 1806 epilogo
1124 1741 1384 1789 rationem
1432 1738 1588 1789 huius
1644 1741 1888 1789 scrutinii
1942 1740 2012 1789 ad
2065 1757 2190 1791 suos
2249 1757 2376 1791 usus
2431 1743 2700 1793 referendi

244 1831 624 1879 demonstrante.
662 1828 977 1893 Bengelium
1014 1825 1221 1878 morose
1258 1827 1647 1876 inconstantiae
1685 1831 1738 1876 et
1777 1826 2008 1876 levitatis
2044 1827 2385 1892 reprehendit
2425 1829 2702 1880 Wetste-

243 1918 385 1977 nius‚
421 1915 631 1980 Proleg.
668 1917 727 1963 in
762 1915 826 1964 N.
854 1915 915 1963 T.
942 1931 995 1980 p.
1023 1915 1141 1963 157.
1176 1914 1355 1962 Etiam
1393 1912 1451 1962 C.
1478 1913 1539 1962 B.
1564 1913 1943 1974 Michaelis,
1981 1918 2133 1964 tract.
2175 1917 2287 1964 crit.
2328 1916 2392 1964 de
2429 1931 2541 1966 var.
2578 1917 2700 1968 lect.

242 2005 293 2053 N.
324 2004 378 2052 Τ.
411 2002 535 2052 Hal.
577 2003 730 2052 1749.
781 2006 835 2050 et
871 2000 930 2051 C.
965 2002 1028 2050 A.
1066 2001 1267 2062 Bode,
1313 1999 1716 2049 Pseudocritica
1751 1999 2293 2066 Millio-Bengeliana.
2345 2004 2392 2052 2.
2431 2004 2538 2054 vol.
2575 2004 2699 2054 Hal.

244 2091 368 2140 1767.
392 2092 437 2138 9.
486 2089 734 2154 Bengelii
760 2094 929 2138 artem
952 2089 1189 2137 criticam
1220 2091 1485 2136 taxarunt.
1537 2087 1786 2136 Ceterum
1822 2088 1937 2136 iure
1974 2089 2266 2152 meritoque
2304 2089 2530 2139 eundem
2560 2091 2698 2140 Ben-

242 2177 435 2243 gelium:
490 2192 637 2241 „pro
688 2176 1013 2235 acumine,
1065 2174 1424 2238 diligentia
1473 2179 1534 2222 et
1581 2173 1906 2239 religione
1963 2189 2102 2236 sua,
2159 2190 2284 2239 qua
2330 2177 2596 2226 Literas
2647 2176 2698 2227 S.

241 2257 579 2325 tractavit“,
617 2263 860 2312 laudavit
895 2261 1243 2323 Matthaei,
1281 2262 1345 2310 N.
1371 2262 1433 2310 T.
1460 2261 1527 2310 ΙΙ.
1555 2261 1687 2324 prol.
1714 2279 1763 2326 p.
1793 2264 1875 2310 30.
1913 2260 2061 2310 Idem
2086 2278 2242 2326 porro
2268 2263 2322 2311 J.
2347 2263 2399 2312 J.
2426 2264 2699 2313 Wetste-

239 2353 361 2401 nius
394 2355 593 2400 textum
630 2353 904 2415 receptum
941 2348 1027 2397 hic
1074 2349 1182 2398 illic
1232 2349 1542 2397 mutandum
1592 2354 1757 2410 ratus,
1807 2349 2064 2399 consultis
2103 2348 2168 2398 de
2212 2366 2350 2399 novo
2387 2365 2511 2400 mss.
2558 2351 2700 2401 codi-

239 2439 380 2500 cibus,
404 2439 757 2499 versionibus,
784 2437 836 2486 S.
858 2437 911 2486 S.
940 2437 998 2485 P.
1021 2437 1080 2485 P.
1108 2440 1269 2500 atque
1298 2435 1351 2485 S.
1376 2437 1442 2484 E.
1468 2435 1756 2485 Amstelod.
1786 2437 1936 2484 1751.
1965 2439 2009 2484 2.
2039 2435 2198 2486 duob.
2225 2437 2421 2486 volum.
2446 2439 2502 2486 in
2527 2438 2701 2488 lucem

240 2525 401 2574 edidit:
447 2526 510 2573 N.
549 2524 610 2573 T.
650 2540 727 2588 gr.
767 2523 849 2572 ed.
888 2528 1135 2589 receptae
1172 2539 1293 2572 cum
1340 2523 1459 2572 lect.
1498 2537 1608 2572 var.
1646 2523 1875 2571 Textum
1921 2539 1984 2572 ex
2021 2523 2366 2573 Elzeviriana
2403 2525 2700 2591 descripsit,

239 2613 407 2663 notatis
454 2613 682 2674 interim,
728 2612 1135 2676 subiunctisque
1178 2612 1339 2661 variis
1383 2611 1549 2675 signis
1593 2613 1647 2660 et
1689 2610 2152 2675 annotationibus,
2205 2612 2397 2677 quibus
2441 2628 2522 2675 ea,
2565 2628 2703 2679 quae

239 2700 505 2753 omittenda
541 2700 627 2749 vel
663 2700 949 2749 inserenda
984 2700 1087 2748 sibi
1124 2700 1241 2748 visa
1277 2703 1415 2759 sunt,
1454 2703 1538 2747 sat
1573 2704 1756 2763 aperte
1791 2698 2062 2747 indicavit.
2112 2698 2337 2749 Accedit
2370 2702 2510 2765 typis
2535 2703 2703 2751 mino-

240 2788 365 2836 ribus
408 2786 695 2836 lectionum
747 2786 1064 2835 variantium
1109 2787 1297 2851 ingens
1343 2786 1611 2850 descripta
1655 2785 1860 2850 farag0.
1922 2786 2078 2846 Quod
2126 2787 2284 2851 igitur
2330 2788 2400 2836 ad
2443 2789 2703 2838 internam

239 2874 461 2923 editionis
510 2874 870 2923 conditionem
917 2873 1117 2922 Textus
1164 2874 1228 2921 N.
1275 2873 1335 2921 T.
1388 2872 1668 2921 Wetstenii
1717 2861 1928 2933 attinet,
1979 2873 2244 2937 prioribus
2297 2875 2702 2941 quibuscunque

237 2962 468 3027 praeripit
501 2960 763 3025 palmam3
802 2960 1045 3025 quamvis
1085 2965 1137 3008 et
1172 2959 1306 3008 haec
1332 2975 1441 3008 non
1465 2958 1674 3008 levibus
1703 2960 1845 3007 vitiis
1883 2958 2105 3021 laboret,
2146 2965 2199 3008 et
2219 2960 2514 3009 -fluctuanti
2539 2977 2702 3028 saepe

241 3047 330 3096 fide
366 3049 580 3110 nitatur3
620 3046 745 3096 hinc
782 3047 984 3096 fructus
1024 3063 1052 3095 e
1089 3050 1237 3095 tanto
1274 3045 1459 3093 labore
1495 3045 1800 3095 redundans
1837 3046 2050 3094 minime
2085 3047 2187 3110 ipsi
2219 3048 2507 3111 respondet
2545 3063 2703 3098 exan-

238 3135 352 3184 tlato
386 3134 465 3183 W.
502 3134 693 3184 labori.
754 3133 919 3182 Plura
954 3133 1253 3195 immiscuit,
1294 3146 1431 3197 quae
1468 3135 1697 3179 mentem
1735 3133 1948 3196 impiam
1985 3134 2114 3181 satis
2152 3133 2397 3197 produnt,
2438 3141 2492 3184 et
2527 3137 2702 3200 ipsum

237 3222 742 3287 gravissimorum
779 3235 1066 3269 errorum
1102 3220 1167 3267 in
1205 3218 1513 3268 doctrina
1547 3218 1712 3266 fidei
1749 3224 2124 3283 suspectum
2167 3218 2406 3269 reddunt.
2456 3222 2612 3271 Unde
2651 3227 2702 3271 et

238 3310 541 3359 Wetstenius
580 3308 813 3370 Basilea,
851 3308 945 3355 ubi
981 3306 1329 3371 Theologiam
1362 3306 1557 3380 docuit,
1596 3320 1629 3355 a
1665 3322 1882 3355 munere
1920 3306 2134 3371 publico
2173 3306 2293 3356 ideo
2333 3306 2594 3370 dimissus,
2633 3310 2703 3358 ad

236 3396 729 3447 Amstelodamenses
768 3394 913 3456 abiit,
952 3409 1223 3459 penesque
1260 3394 1697 3444 Remonstrantes
1735 3391 1968 3442 officium
1991 3394 2232 3457 magistri
2263 3396 2442 3458 gessit.
2477 3396 2514 3457 †
2549 3398 2701 3445 1754.

240 3484 311 3533 cf.
345 3483 553 3533 Ordinis
591 3482 778 3531 Theol.
804 3481 965 3531 Basil.
1002 3481 1197 3530 declar.
1236 3480 1299 3529 de
1325 3481 1390 3529 N.
1416 3480 1477 3529 T.
1504 3480 1765 3530 Wetsten.
1806 3482 1956 3529 1757.
1993 3482 2048 3529 111
2085 3480 2222 3529 Bibl.
2259 3482 2492 3547 Hagana
2527 3482 2622 3545 ΠΙ,
2656 3485 2700 3532 1.

236 3570 354 3621 Acta
394 3569 690 3620 betreffend
736 3570 821 3618 die
859 3568 1149 3618 Irrthiimer
1186 3569 1237 3617 J.
1274 3568 1327 3617 J.
1365 3568 1450 3617 W.
1489 3568 1611 3617 Bas.
1655 3570 1806 3617 1730.
1867 3567 2107 3631 Ernesti,
2157 3570 2372 3633 specim.
2421 3571 2606 3635 castig.
2646 3572 2701 3618 in

237 3659 280 3707 J.
310 3658 357 3708 J.
388 3658 469 3707 W.
508 3658 634 3707 edit.
672 3657 737 3707 N.
775 3657 837 3705 T.
874 3656 1024 3720 Lips.
1062 3656 1212 3705 1754.
1250 3654 1602 3719 Hagenbach,
1640 3656 1698 3703 in
1734 3654 1886 3719 Ilgen
1924 3655 1981 3704 Z.
2011 3656 2159 3703 1839.
2198 3673 2250 3720 p.
2279 3658 2359 3705 73.
2387 3672 2427 3706 s.
2475 3658 2700 3706 Textum

240 3762 302 3811 gr.
323 3746 381 3794 N.
405 3746 464 3793 T.
500 3746 581 3794 uti
604 3744 951 3805 Wetstenius‚
990 3743 1037 3792 si
1072 3742 1328 3811 licuisset,
1367 3758 1488 3791 eum
1520 3742 1757 3791 editurus
1783 3742 1987 3804 fuisset,
2026 3743 2166 3807 typis
2194 3744 2474 3808 exscripsit
2497 3743 2700 3808 Anglus

242 3831 361 3881 Guil.
395 3832 763 3895 Bowyerus.
800 3830 973 3879 Lond.
1003 3832 1152 3879 1763.
1191 3832 1239 3879 2.
1271 3828 1375 3879 vol.
1412 3830 1617 3878 Meritis
1652 3828 1739 3877 hic
1777 3844 1991 3893 quoque
2027 3828 2275 3879 laudibus
2313 3830 2582 3879 ornandus
2621 3836 2703 3880 est

238 3919 365 3968 Rich.
400 3918 776 3979 Bentleius,
814 3920 895 3966 vir
920 3918 986 3966 de
1018 3916 1302 3965 collatione
1341 3915 1457 3966 cod.
1482 3930 1606 3965 mss.
1645 3915 2112 3965 celebratissimus.
2149 3916 2350 3980 Magna
2373 3918 2699 3981 exspectatio

238 4006 322 4055 fuit
354 4006 597 4055 editionis
634 4006 701 4055 ab
739 4007 856 4069 ipso
895 4005 1203 4069 promissae,
1244 4005 1397 4052 cuius
1432 4004 1704 4068 specimen
1742 4005 1894 4051 1720.
1941 4003 2236 4067 prodierat:
2274 4019 2316 4052 s.
2354 4008 2391 4052 t.
2433 4002 2526 4065 „‘H
2565 4000 2700 4066 καινὴ

238 4088 453 4157 Amoris-13⁶⁶
494 4108 570 4157 gr.
605 4093 669 4141 N.
696 4093 758 4140 T.
796 4093 1055 4141 versionis
1092 4091 1343 4155 vulgatae
1380 4106 1476 4155 per
1514 4090 1565 4139 S.
1603 4090 1986 4153 Hieronymum
2025 4089 2094 4138 ad
2130 4094 2342 4138 vetusta
2378 4089 2702 4156 exemplaria

240 4195 302 4242 gr.
329 4182 614 4244 castigatae
654 4183 708 4228 et
744 4184 980 4241 exactae,
1018 4182 1301 4242 utrumque
1340 4193 1404 4226 ex
1440 4178 1716 4241 antiquiss.
1755 4177 1872 4225 cod.
1904 4192 2029 4225 mss.
2068 4192 2188 4225 cum
2225 4193 2299 4241 gr.
2339 4181 2451 4225 tum
2487 4176 2578 4225 lat.
2619 4177 2699 4225 ed.

236 4266 289 4315 R.
330 4266 611 4316 Bentleius.
676 4264 983 4331 Specimen,
1034 4266 1179 4330 quod
1228 4264 1441 4330 quidem
1490 4264 1664 4314 solum
1710 4264 1884 4313 lucem
1933 4264 2089 4326 vidit,
2139 4265 2351 4328 repetiit
2396 4263 2458 4311 A.
2495 4263 2698 4327 Dyce,

238 4352 462 4404 Sermons
516 4352 787 4419 preached
840 4358 897 4402 at
949 4350 1165 4417 Boyle’s
1220 4353 1465 4401 Lecture.
1520 4351 1692 4401 Lond.
1745 4352 1897 4401 1838.
1952 4367 2004 4415 p.
2053 4353 2171 4401 487.
2227 4355 2281 4399 et
2332 4349 2700 4413 Tischendorf,

236 4440 305 4489 ed.
340 4457 405 4490 cr.
442 4440 562 4490 VII.
606 4457 660 4505 p.
698 4441 782 4490 88.
820 4456 861 4489 e.
921 4440 1216 4489 Perfectius
1266 4438 1489 4489 schedas
1535 4437 1766 4487 Bentleii
1817 4437 2059 4502 collegit:
2113 4438 2176 4485 A.
2222 4438 2435 4500 Ayres
2483 4437 2699 4501 Ellis,

233 4525 459 4590 Bentleii,
500 4527 699 4576 Critica
736 4542 904 4576 sacra.
960 4527 1125 4576 Notes
1164 4542 1234 4575 on
1269 4526 1359 4575 the
1386 4526 1563 4575 Greek
1602 4525 1709 4574 and
1732 4525 1894 4573 Latin
1930 4528 2043 4574 text
2077 4524 2136 4573 of
2169 4523 2256 4572 the
2293 4523 2422 4572 New
2448 4524 2698 4585 Testam.,

234 4616 485 4665 extracted
544 4616 681 4665 from
741 4614 830 4663 the
883 4614 1109 4679 Bentley
1170 4628 1292 4663 mss.
1354 4614 1409 4662 in
1463 4614 1672 4677 Trinity
1729 4612 1930 4677 Colleg.
1989 4610 2240 4662 cantabr.
2299 4612 2447 4661 1862.
2528 4613 2702 4673 Quam

325 4708 525 4757 Danko,
554 4709 673 4749 Hist.
702 4708 1000 4749 Revelationis
1026 4708 1217 4749 divinae.
1246 4708 1323 4747 111.
2359 4702 2388 4748 9
