3309 5300
1243 395 1413 436 Peutat.
1443 396 1490 436 ot
1516 395 1669 438 Versio
1695 396 1896 437 Samarit.
2693 386 2816 450 149

312 574 534 632 horum
566 574 835 654 plerique
878 575 1255 651 praeiudiciis
1302 578 1567 651 occupati
1612 577 1967 634 sententiam
1998 578 2108 648 ,de
2154 597 2244 652 pu
2260 577 2325 634 ri
2343 582 2414 635 ta
2431 583 2497 634 te
2544 577 2818 648 Textus

314 678 755 752 originarii
801 679 873 737 V.
916 679 1006 738 T.‘
1054 685 1528 756 propugnarunt:
1571 680 2190 738 Samaritanorum
2234 682 2817 739 Pentateuchum

312 782 527 840 labes
571 783 930 858 plurimas
974 785 1470 854 contraxisse;
1516 785 1658 842 hinc
1701 786 1765 841 in
1796 804 1997 868 parem
2037 804 2170 842 cum
2212 785 2404 844 Textu
2451 786 2809 844 Judaeorum

312 886 599 944 hebraico
650 888 899 960 gradum
945 888 1253 961 dignitatis
1295 907 1415 945 non
1456 907 1774 962 assurgere,
1839 894 1899 946 et
1936 889 2044 948 vix
2089 890 2153 946 in
2200 891 2468 947 secundis
2509 891 2817 967 tertiisque

310 990 643 1048 consistere
666 989 706 1049 ¹.
770 995 1122 1050 Accuratam
1150 992 1499 1070 fidelemque
1530 992 1593 1049 in
1624 994 2018 1051 conservando
2047 1012 2151 1050 suo
2180 993 2354 1067 Legis
2388 995 2582 1052 codice
2613 994 2816 1051 Sama-

310 1096 547 1154 ritanos
578 1095 953 1169 diligentiam
983 1096 1343 1167 adhibuisse3
1386 1115 1525 1171 prae
1570 1098 1778 1153 ceteris
1808 1097 1946 1154 iude
1976 1117 2012 1153 a
2040 1097 2186 1156 viris
2218 1098 2569 1171 dignitatem
2600 1098 2817 1156 Textui

314 1199 839 1258 Samaritanorum
862 1203 1269 1272 asserentibus,
1297 1195 1630 1258 conficitur:
1663 1197 1856 1276 quod2
1884 1201 2222 1258 testimonia
2243 1201 2523 1259 Veterum
2548 1181 2813 1276 probent,

312 1304 683 1364 conformem
725 1324 843 1360 esse
887 1309 1121 1362 textum
1165 1305 1672 1363 Samaritanorum
1713 1304 1822 1376 illi,
1870 1305 2059 1383 qualis
2105 1307 2339 1363 exstitit
2376 1310 2512 1364 ante
2553 1306 2719 1363 mille
2759 1311 2818 1364 et

310 1408 577 1484 amplius
618 1427 818 1466 annos,
884 1408 1069 1466 Plura
1114 1414 1443 1480 occurrunt,
1494 1409 1589 1466 ubi
1635 1409 2066 1478 Pentateuchus
2110 1409 2814 1468 Hebraeo-Samaritanus

310 1511 714 1570 Masorethico
738 1513 951 1570 clarior
973 1533 1091 1570 esse
1122 1513 1605 1588 deprehenditur3
1637 1516 1704 1570 in
1728 1513 2116 1570 Masorethico
2146 1533 2374 1591 quoque
2403 1518 2576 1571 textu
2608 1533 2808 1572 occur-

310 1622 464 1674 runt
492 1617 763 1675 diversae
793 1617 1086 1689 lectiones,
1120 1636 1267 1694 quae
1298 1617 1565 1675 meliores
1596 1623 1737 1675 sunt
1764 1617 2168 1676 Samaritanis.
2217 1620 2410 1676 Ambo
2440 1638 2576 1692 ergo
2606 1619 2717 1676 hac
2746 1618 2812 1675 in

310 1726 489 1797 parte
518 1741 709 1797 parce,
742 1722 1117 1792 concludunt,
1153 1723 1547 1797 reperiuntur.
1610 1726 1696 1779 At
1723 1723 1772 1778 si
1802 1741 1893 1779 res
1923 1722 2182 1796 penitius
2213 1722 2602 1793 examinetur,
2645 1721 2814 1779 nulla

310 1831 673 1900 argumenta
700 1831 1039 1901 suppetunt,
1072 1845 1219 1903 quae
1277 1827 1791 1883 Pentateucho
1838 1826 2290 1884 Samaritano
2332 1826 2804 1900 praecellentiam

311 1950 543 2006 supra
608 1932 805 1988 Maso
822 1931 1183 1988 rethicum
1250 1929 1677 1987 conciliant.
1765 1929 2247 2007 Quandoquidem
2313 1929 2623 1988 lectionem
2670 1930 2808 2004 ‚eius

316 2053 493 2110 saepe
524 2034 962 2091 concinniorem
992 2039 1051 2091 et
1088 2033 1430 2110 planiorem,
1472 2033 1820 2110 neutiquam
1861 2039 2171 2109 propterea
2201 2034 2639 2109 praeferendam
2671 2054 2808 2104 esse,

313 2139 463 2196 satis
514 2143 759 2196 constet.
828 2140 925 2196 Ex
978 2138 1249 2196 examine
1300 2139 1459 2196 enim
1507 2139 1814 2215 utriusque
1859 2137 2083 2195 Codicis
2136 2139 2439 2196 variarum
2491 2137 2812 2196 lectionum

316 2243 555 2300 abunde
607 2243 824 2320 liquet,
874 2243 1269 2300 Samaritanos
1314 2243 1694 2317 descriptores
1741 2243 2042 2299 liberiores
2090 2242 2298 2312 fuisse,
2356 2246 2415 2298 et
2459 2241 2591 2316 plus
2635 2261 2818 2318 aequo

316 2346 438 2404 sibi
472 2346 811 2416 indulsisse3
861 2349 978 2404 imo
1025 2346 1423 2404 Samaritanos
1454 2351 1655 2421 aperte
1686 2346 1812 2404 loca
1849 2347 2133 2422 quaedam
2164 2345 2434 2404 licentius
2465 2347 2812 2418 emendasse,

318 2451 441 2506 alia
470 2450 762 2507 addidisse
792 2455 852 2507 et
882 2450 1259 2526 supplevisse.
1307 2451 1470 2507 Hinc
1507 2450 1698 2523 igitur
1738 2451 1855 2507 dici
1885 2469 2004 2506 non
2034 2454 2238 2524 potest,
2281 2469 2482 2506 eorum
2513 2451 2817 2526 exemplar

316 2555 717 2612 Masorethico
750 2554 956 2612 Codice
995 2554 1182 2627 magis
1220 2554 1404 2612 fidum
1446 2574 1563 2610 esse
1606 2559 1781 2631 atque
1820 2555 2150 2629 probatum.
2213 2554 2447 2611 Nedum
2477 2574 2614 2613 vero
2645 2555 2813 2612 affir-

314 2660 475 2717 mari
522 2659 673 2737 quit,
726 2660 1088 2718 Hebraicum
1125 2659 1395 2731 Textum,
1439 2660 1542 2717 ubi
1581 2659 1952 2717 Samaritano
1998 2658 2278 2719 concisior
2323 2659 2544 2730 existit,
2594 2662 2806 2717 erroris

314 2768 380 2819 et
414 2762 807 2837 corruptionis
836 2764 1222 2821 accusandum
1254 2783 1390 2820 esse.
1438 2763 1585 2820 Cum
1606 2763 1804 2838 potius
1835 2764 2199 2821 commodum
2231 2768 2644 2836 argumentum
2673 2764 2809 2820 inde
2863 2824 2869 2837 ,

310 2865 631 2925 eliciatur:
678 2869 917 2924 maioris
963 2868 1087 2925 eius
1132 2886 1264 2924 cum
1312 2868 1693 2943 autographis
1739 2866 2091 2942 scriptorum
2137 2866 2591 2936 conformitatis3
2639 2886 2806 2942 prae-

310 2971 529 3027 sertim
567 2972 673 3028 ubi
716 2971 1003 3046 perfectus
1034 2976 1120 3028 est
1150 2990 1367 3028 sensus.
1424 2970 1589 3033 Quod
1633 2975 1831 3027 tamen
1874 2969 2030 3027 nihil
2063 2975 2242 3041 vetat,
2277 2970 2590 3047 quominus
2619 2975 2680 3028 et
2707 2970 2811 3027 ille

311 3076 671 3152 quandoque
722 3076 894 3132 iuxta
945 3075 1375 3133 Samaritanam
1424 3076 1733 3132 lectionem
1779 3074 2150 3147 castigandus
2201 3073 2308 3143 sit3
2364 3074 2581 3152 quippe
2635 3076 2813 3132 unius

312 3177 696 3255 eiusdemque
726 3178 895 3235 Libri
940 3179 1278 3253 apographa
1322 3180 1492 3236 ambo
1521 3183 1686 3247 sunt3
1735 3197 1881 3255 quae
1918 3196 2050 3235 cum
2081 3196 2212 3234 suas
2253 3177 2662 3252 perfectioneS‚
2711 3196 2816 3234 sua

312 3283 479 3341 vitia
505 3283 781 3351 habeant,
815 3288 1083 3341 mutuam
1111 3282 1223 3340 sibi
1256 3302 1423 3357 opem
1452 3283 1607 3339 ferre
1638 3287 1895 3357 possunt,
1930 3281 2050 3338 imo
2082 3283 2294 3339 debcnt
2314 3279 2354 3338 3.

536 3523 571 3589 ¹)
597 3524 634 3573 J
636 3523 922 3573 actantiam
948 3538 1093 3585 ver0,
1122 3537 1278 3587 quam
1315 3522 1621 3571 laudatores
1647 3522 1999 3571 Pentateuchi
2025 3520 2346 3572 Samaritani
2384 3527 2660 3583 venantur,
2699 3538 2806 3571 non

316 3626 441 3661 esse
477 3609 753 3659 ferendam
790 3610 1049 3658 dixerunt.
1097 3608 1477 3673 Apographum
1515 3609 1652 3657 enim
1683 3622 1800 3658 esse
1827 3624 1892 3657 ex
1930 3609 2198 3658 Hebraico
2237 3608 2524 3673 exemplari
2565 3608 2803 3673 deprom-

314 3702 449 3758 tum,
476 3701 678 3745 textum
703 3696 927 3745 reddens
952 3696 1007 3743 in
1033 3696 1367 3761 peregrinum
1395 3695 1723 3746 transfusum
1749 3694 2123 3756 characterem,
2157 3694 2434 3760 solumque
2461 3710 2578 3744 esse
2603 3699 2803 3743 textum

314 3783 673 3844 Hebraicum,
730 3798 793 3831 ex
848 3798 980 3847 quo,
1033 3786 1091 3831 ut
1138 3782 1603 3846 interpretationes
1658 3798 1867 3843 omnes,
1926 3780 2292 3832 Samaritanus
2347 3781 2530 3831 Codex
2584 3783 2803 3846 eiusque

316 3870 495 3919 versio
522 3868 857 3918 emendanda
884 3867 1307 3933 castigandaque
1333 3870 1494 3917 vetiit.
1532 3868 1851 3919 Universam
1889 3869 2288 3917 contentionum
2325 3869 2514 3917 seriem
2552 3873 2804 3917 enarrant

314 3956 369 4006 J.
399 3955 460 4005 C.
486 3955 650 4017 Wolf,
686 3954 825 4003 Bibl.
863 3954 1011 4003 hebr.
1049 3954 1120 4015 11,
1158 3954 1277 4003 427.
1335 3953 1397 4003 G.
1427 3954 1706 4017 Gesenius,
1756 3954 1821 4003 de
1862 3954 2212 4003 pentateuchi
2247 3953 2567 4003 Samaritani
2603 3955 2805 4019 origine

318 4042 501 4093 indole
551 4047 605 4091 et
654 4042 970 4091 auctoritate
1020 4056 1208 4090 comm.
1258 4040 1345 4105 ph.
1396 4056 1467 4089 cr.
1516 4041 1639 4090 Hal.
1694 4043 1842 4091 1815.
1890 4058 1941 4106 p.
1991 4043 2075 4090 22.
2121 4055 2161 4090 8.
2236 4039 2276 4106 ²)
2325 4041 2400 4089 Ut
2446 4040 2498 4090 S.
2548 4040 2614 4089 de
2662 4040 2803 4089 Muis

318 4144 535 4195 quoque
592 4128 881 4177 acerrimus
934 4127 1128 4177 Morini
1182 4127 1545 4192 impugnator,
1595 4127 1630 4177 l.
1669 4143 1714 4176 c.
1755 4128 1964 4177 fatetur.
2040 4126 2080 4192 ³)
2125 4128 2188 4175 In
2237 4126 2377 4176 hunc
2429 4127 2540 4176 fere
2593 4126 2806 4175 modum

316 4216 495 4267 sobrie
542 4214 803 4263 iudicavit
845 4213 910 4263 R.
950 4212 1148 4276 Simon,
1187 4212 1222 4261 l.
1260 4229 1304 4262 c.
1355 4227 1400 4262 c.
1447 4216 1526 4263 11.
1566 4218 1620 4263 et
1658 4216 1739 4263 12.
1775 4231 1827 4278 p.
1867 4216 1948 4264 63.
1987 4229 2028 4262 s.
2089 4212 2151 4262 R.
2200 4212 2401 4263 Simoni
2449 4214 2810 4263 assentiuntur

314 4301 378 4351 B.
405 4301 709 4362 Waltonus,
747 4300 1045 4365 Prolegom.
1070 4300 1165 4348 XI.
1205 4299 1271 4349 de
1308 4299 1653 4349 Samaritanis
1691 4316 1742 4349 n.
1773 4301 1854 4349 15.
1881 4316 1923 4349 s.
1949 4299 2028 4351 ed.
2055 4298 2143 4349 Fr.
2171 4299 2513 4364 Wrangham.
2553 4298 2808 4349 Cantabr.

318 4390 471 4439 1828.
504 4388 577 4449 11,
605 4389 723 4437 333.
758 4404 801 4437 s.
837 4386 889 4436 J.
929 4385 1186 4449 Clericus,
1227 4386 1427 4436 Comm.
1464 4388 1520 4434 in
1555 4387 1766 4436 Pentat.
1807 4386 1888 4435 ed.
1926 4386 2062 4435 Tub.
2105 4388 2254 4436 1733.
2293 4385 2394 4435 vol.
2432 4385 2500 4434 H.
2539 4384 2700 4434 index
2735 4386 2805 4434 H.

312 4493 367 4541 p.
396 4478 481 4525 24.
516 4475 570 4525 J.
598 4474 661 4524 G.
687 4474 975 4536 Eichhorn‚
1013 4472 1155 4523 Einl.
1192 4474 1275 4523 ins
1302 4474 1364 4523 A.
1391 4474 1451 4523 Τ.
1492 4474 1573 4523 ed.
1599 4474 1669 4523 11.
1707 4473 1880 4523 Reutl.
1910 4475 2059 4524 1790.
2099 4473 2168 4535 11,
2209 4474 2325 4522 149.
2351 4487 2392 4522 s.
2433 4472 2494 4521 G.
2521 4473 2582 4520 L.
2609 4472 2807 4533 Bauer,

315 4560 518 4611 Critica
556 4560 609 4611 S.
645 4561 689 4609 Ι.
724 4565 789 4610 tr.
825 4561 925 4623 ΙΙΙ,
962 4561 1045 4611 94.
1083 4576 1135 4625 p.
1174 4562 1291 4609 331.
1330 4576 1371 4608 s,
1433 4559 1494 4608 A.
1533 4560 1708 4624 Hayd,
1744 4558 2048 4609 Auctoritas
2085 4559 2285 4608 Textus
2322 4558 2540 4608 hebraei
2579 4563 2798 4607 asserta.

2840 3687 2872 3695 ..-
