3309 5300
549 404 673 471 172
708 448 713 453 -
1255 417 1491 458 comment.
1519 417 1573 459 de
1598 419 1644 460 S.
1665 419 1822 470 script.
1851 429 1946 470 cap.
1975 429 2063 462 seo.
2093 419 2217 460 tract.
2245 420 2301 461 II.

542 697 601 775 ἓ.
652 695 753 760 78.
827 693 947 758 De
1010 697 1524 781 corruptione
1588 706 1664 761 et
1723 696 2288 762 emendatione
2353 696 2743 762 editionis
2805 695 3032 762 LXX.

1329 830 1529 894 quae
1576 812 1791 890 ,Κοινὴι
1840 818 1958 874 est
2005 809 2236 874 dicta.

753 1003 954 1061 Versio
989 1002 1397 1061 Alexandrina
1425 1024 1529 1080 per
1560 1006 2017 1082 quadringentos
2047 1026 2230 1064 annos
2260 1008 2579 1065 duraverat
2606 1007 2746 1079 sola,
2795 1011 2856 1064 et
2901 1025 3037 1064 cum

544 1108 705 1164 inter
739 1107 986 1164 Judaeos
1018 1103 1446 1179 Ἑλληνίζοντας
1491 1129 1609 1166 non
1639 1109 1853 1180 minus,
1887 1130 2064 1188 quam
2095 1131 2268 1186 penes
2300 1111 2662 1168 Christianos
2692 1111 3038 1188 frequenter

545 1212 996 1280 describeretur3
1048 1213 1281 1270 incuria
1332 1212 1713 1271 librariorum
1760 1215 1987 1288 pariter
2031 1219 2205 1292 atque
2259 1221 2648 1272 correctorum
2701 1216 3037 1271 temeritate

544 1315 714 1373 valde
744 1317 1063 1391 depravata
1091 1315 1322 1388 vitiosa,
1357 1319 1684 1374 innumeris
1715 1319 1852 1376 locis
1884 1321 2282 1377 contaminata
2303 1323 2361 1376 et
2384 1337 2518 1377 cum
2540 1319 2784 1396 reliquis
2809 1318 3036 1392 graecis

544 1422 912 1478 versionibus
944 1421 1264 1478 commixta
1293 1421 1429 1480 fuit.
1491 1423 1752 1480 Ecclesia
1783 1442 1915 1480 cum
1945 1425 2137 1480 adhuc
2166 1422 2532 1493 adolesceret,
2572 1422 2800 1496 saepius
2831 1422 3037 1496 dispu-

546 1525 723 1582 tando
757 1524 1099 1602 Synagogae
1131 1525 1629 1598 committebatur,
1687 1528 1841 1585 unde
1872 1527 1936 1583 in
1982 1529 2380 1601 congressibus
2417 1527 2540 1584 sive
2573 1527 2854 1601 publicis,
2910 1525 3039 1583 sive

545 1629 796 1704 privatis
827 1629 1067 1686 accidit:
1100 1633 1168 1686 ut
1191 1629 1542 1688 Christianis
1574 1632 1643 1689 de
1675 1632 2058 1689 translatione
2089 1632 2320 1696 Graeca,
2333 1631 2669 1688 testimonia
2698 1630 3038 1706 petentibus

543 1733 580 1790 J
581 1733 751 1790 udaei
782 1732 847 1788 in
873 1734 1148 1790 cachinos
1179 1733 1638 1805 effunderentur,
1673 1738 2214 1813 exprobrarentque
2244 1736 2350 1793 illa
2380 1737 2546 1792 modo
2587 1755 2705 1792 non
2727 1736 2940 1792 haberi
2973 1735 3039 1790 in

546 1835 863 1907 Hebraico;
897 1839 1065 1894 modo
1097 1837 1275 1895 etiam
1306 1839 1641 1910 obiicerent,
1679 1841 1959 1896 eiusmodi
1991 1840 2538 1916 interpretationem
2567 1841 2634 1896 in
2665 1839 3036 1896 Christiano-

546 1960 678 1997 rum
709 1940 982 1998 Ecclesiis
1012 1942 1269 2016 praelegi
1300 1942 1500 2014 solere,
1536 1963 1684 2020 quae
1719 1944 2044 2002 Hebraicae
2075 1943 2318 2003 veritati
2348 1945 2412 2000 in
2445 1945 2716 2000 omnibus
2747 1963 2867 2001 non
2899 1961 3038 2000 con-

545 2046 791 2102 sentiret
814 2041 851 2101 ¹.
914 2044 1244 2123 Utrumque
1275 2051 1343 2103 ut
1377 2045 1625 2119 tolleret,
1664 2047 1919 2106 maculas
1947 2048 2226 2107 videlicet
2255 2067 2403 2125 quae
2433 2047 2500 2105 in
2530 2045 2727 2104 LXX.
2768 2065 3040 2104 occurre-

545 2150 690 2206 bant
748 2149 1104 2207 emendando
1158 2153 1214 2206 te
1267 2149 1581 2208 varietates
1632 2171 1708 2208 ex
1761 2151 1894 2208 aliis
1953 2152 2318 2209 versionibus
2377 2153 2684 2210 resecando
2695 2197 2714 2222 .,
2773 2150 3043 2208 laborem

545 2253 799 2328 suscepit
843 2253 1189 2328 Origenes
1233 2254 1337 2311 ille
1367 2250 1755 2332 Χαλκέντερος
1774 2251 1827 2331 ²3
1877 2275 2069 2334 ,quem
2115 2261 2244 2331 post
2288 2255 2596 2332 Apostolos
2641 2255 3043 2312 Ecclesiarum

548 2359 897 2432 magistrum
949 2377 1117 2415 nemo
1178 2359 1290 2415 nisi
1354 2359 1663 2433 imperitus
1723 2362 1981 2432 negabit‘
2003 2357 2044 2418 3.
2121 2361 2201 2418 Et
2252 2360 2452 2417 nullus
2512 2379 2650 2416 sane
2709 2379 2819 2434 par
2871 2364 3042 2416 tanto

547 2462 840 2519 molimini
880 2464 1063 2536 magis
1103 2467 1231 2520 erat
1270 2462 1541 2536 Origene.
1604 2464 1699 2519 Ad
1744 2463 1979 2521 firmam
2027 2465 2284 2540 corporis
2328 2463 2756 2535 valetudinem,
2804 2463 3042 2537 ingenii

548 2566 989 2642 perspicaciam,
1039 2570 1099 2623 et
1142 2567 1487 2642 stupendam
1533 2566 1706 2643 plane
1752 2568 2120 2640 memoriam,
2168 2569 2447 2628 adiunxit
2491 2587 2720 2643 parem,
2769 2565 3043 2625 omnium

547 2671 743 2729 forsan
790 2690 1133 2730 coaevorum
1178 2677 1569 2747 superantem,
1620 2672 1989 2747 diligentiam
2007 2670 2051 2730 4.
2106 2672 2472 2730 Insatiabilis
2517 2671 2737 2729 sciendi
2781 2670 3044 2729 aviditas

548 2796 744 2833 omnes
790 2776 1100 2850 Origenem
1146 2777 1358 2833 rimari
1402 2775 1645 2850 angulos
1677 2777 1834 2848 fecit,
1885 2782 1953 2834 ut
1982 2776 2232 2834 rariores
2263 2780 2322 2833 et
2351 2776 2610 2832 melioris
2656 2780 2828 2833 notae
2871 2774 3043 2832 colli·

547 2880 709 2955 geret
737 2880 944 2949 libros3
988 2885 1162 2957 atque
1192 2882 1599 2938 Maecenatum
1629 2880 1989 2938 liberalitate
2019 2881 2242 2937 factum
2273 2884 2375 2951 est,
2410 2884 2480 2937 ut
2509 2884 2568 2936 et
2599 2898 2692 2936 eos
2723 2880 3043 2937 obtineret.

548 2984 661 3041 His
690 2984 965 3041 subsidiis
991 2985 1311 3042 instructus
1343 2986 1492 3041 serio
1533 2984 1834 3058 cogitavit,
1886 2989 1955 3042 ut
1984 2988 2312 3042 occurreret
2341 2982 2538 3040 LXX.
2571 3003 2647 3039 ex
2677 2983 3046 3057 optimorum

547 3088 974 3163 exemplarium
1004 3087 1118 3145 fide
1150 3089 1549 3162 castigatione,
1603 3108 1791 3166 neque
1838 3093 2036 3146 tamen
2081 3088 2546 3144 emendationem
2591 3106 2758 3144 suam
2789 3086 3047 3144 editioni

545 3194 701 3270 κοινῇ
730 3192 1083 3249 substituere
1116 3212 1303 3265 ausus,
1348 3192 1409 3249 id
1438 3192 1553 3250 sibi
1585 3198 1819 3250 tantum
1848 3193 2150 3267 proposuit
2161 3213 2176 3261 ;
2219 3196 2299 3249 ut
2329 3192 3046 3267 interpretationem

545 3296 673 3350 τῶν
721 3292 1189 3367 ἑβδομήκοντα
1240 3297 1505 3353 Textui
1556 3298 1990 3370 originario,
2043 3300 2377 3372 quantum
2421 3300 2688 3370 potest,
2749 3295 3038 3353 confor-

546 3419 718 3456 mem
754 3400 1102 3457 redderet.
1157 3399 1311 3462 Quia
1339 3420 1478 3459 vero
1509 3400 1827 3458 indefessus
1858 3400 1954 3459 vir
1982 3400 2234 3470 invenit,
2271 3398 2468 3457 LXX.
2501 3418 2920 3473 saepenumero
2961 3400 3038 3457 ab

547 3503 815 3561 Hebraeo
848 3504 1143 3572 recedere3
1192 3509 1251 3561 et
1294 3503 1392 3561 vel
1420 3504 1629 3561 addere
1673 3504 1771 3562 vel
1816 3503 2106 3574 omittere,
2155 3503 2541 3561 utilissimum
2574 3506 2736 3560 ratus
2766 3506 2857 3559 est
2886 3521 3038 3577 opus

758 3715 794 3780 ¹)
833 3715 914 3765 Cf.
955 3715 1218 3781 Origenis,
1257 3733 1339 3781 ep.
1378 3716 1447 3766 ad
1482 3716 1716 3766 African.
1753 3732 1806 3766 n.
1843 3719 1892 3766 4.
1928 3719 1976 3767 5.
2015 3734 2067 3782 p.
2095 3718 2175 3766 25.
2203 3718 2286 3765 26.
2326 3715 2406 3767 cf.
2443 3716 2510 3765 E.
2550 3714 2745 3777 Grabe,
2783 3714 2852 3764 de
2888 3714 3046 3763 vitiis

546 3803 711 3851 LXX.
748 3803 965 3867 interpr.
986 3853 990 3859 ,
1014 3807 1139 3852 ante
1178 3802 1425 3869 Origenis
1474 3818 1666 3853 aevum
1713 3803 1892 3853 illatis.
1932 3802 2103 3853 Oxon.
2145 3804 2294 3853 1710.
2344 3803 2397 3851 J.
2435 3802 2523 3852 Fr.
2559 3802 2796 3863 Fischer,
2846 3801 3045 3851 Prolu-

546 3890 723 3938 siones
762 3888 826 3937 de
864 3890 1211 3939 Versionibus
1250 3889 1485 3940 Graecis.
1522 3889 1669 3955 Lips.
1702 3892 1852 3940 1772.
1879 3906 1929 3955 p.
1957 3892 2040 3939 22.
2076 3890 2128 3939 J.
2154 3890 2215 3938 P.
2241 3888 2456 3951 Nickes,
2494 3888 2560 3937 de
2585 3889 2646 3938 V.
2675 3888 2736 3937 Τ.
2775 3886 3046 3937 Codicum

548 3974 873 4025 Graecorum
908 3976 1139 4026 familiis.
1176 3978 1405 4026 Monast.
1446 3978 1595 4026 1853.
1633 3994 1685 4042 p.
1722 3978 1770 4025 2.
1809 3992 1850 4026 s.
1900 3975 1963 4025 O.
1989 3975 2080 4024 Fr.
2103 3974 2396 4035 Fritzsche,
2433 3974 2600 4023 Liber
2635 3974 2891 4023 Judicum
2931 3990 3046 4024 see.

544 4062 710 4112 LXX.
747 4062 963 4127 interpr.
1000 4062 1197 4111 Turici.
1238 4064 1386 4112 1867.
1424 4079 1475 4127 p.
1512 4064 1560 4111 4.
1598 4080 1639 4113 s.
1713 4061 1755 4127 2)
1793 4062 1840 4111 Α
1879 4079 1919 4112 s.
1957 4062 2285 4125 Hieronymo
2335 4060 2638 4125 adpellatus
2688 4059 2758 4109 ad
2803 4060 3044 4109 Paulam

546 4166 629 4215 ep.
666 4150 751 4211 23,
792 4150 837 4197 1.
874 4165 926 4213 p.
968 4150 1083 4198 153.
1158 4148 1198 4213 ³)
1238 4146 1289 4197 S.
1327 4149 1702 4213 Hieronymus,
1742 4149 1911 4213 praef.
1948 4150 2004 4197 in
2039 4148 2159 4197 libr.
2199 4163 2338 4197 nom.
2375 4146 2524 4197 hebr.
2548 4147 2648 4209 m,
2673 4149 2722 4196 3.
2759 4147 2844 4195 De
2883 4148 3047 4197 cuius

546 4250 709 4301 opera
746 4234 1045 4300 castigandi
1070 4235 1271 4284 Textus
1308 4234 1405 4283 τῶν
1440 4236 1605 4284 LXX.
1642 4235 1899 4300 liquidius
1937 4234 2291 4300 pronunciare
2327 4233 2472 4295 licet,
2510 4250 2631 4282 cum
2656 4233 2882 4283 Veteres
2922 4234 3045 4283 eius

547 4322 911 4387 castigationis
966 4321 1180 4371 modum
1235 4321 1610 4387 praesidiaque
1648 4323 1780 4371 satis
1829 4320 2078 4370 distincte
2126 4320 2457 4369 tradiderint.
2531 4321 2574 4384 ⁴)
2615 4319 2696 4369 Cf.
2734 4319 3048 4384 Tillemont,

544 4410 781 4457 Memoir.
817 4409 916 4470 III,
951 4410 1070 4457 497.
1105 4424 1147 4457 s.
1184 4408 1235 4457 J.
1261 4407 1322 4457 A.
1346 4408 1577 4471 Ernesti,
1616 4407 1682 4456 de
1721 4406 1950 4471 Origene
1985 4394 2205 4471 interpr.
2243 4408 2306 4457 L.
2343 4408 2406 4456 L.
2445 4404 2498 4456 S.
2539 4404 2591 4455 S.
2631 4421 2852 4473 gramm.
2892 4413 3042 4457 auct.

545 4496 604 4543 in
640 4510 820 4559 opusc.
857 4494 945 4561 ph.
984 4500 1039 4543 et
1075 4511 1146 4544 cr.
1186 4495 1268 4544 ed.
1305 4493 1479 4559 Lugd.
1525 4493 1644 4543 Bat.
1688 4495 1837 4543 1764.
1883 4510 1934 4559 p.
1973 4494 2090 4543 294.
2129 4510 2170 4543 s.
2233 4491 2486 4555 Guerike,
2537 4493 2602 4543 de
2652 4493 2852 4543 Schola
2903 4510 3047 4559 quae

546 4580 901 4631 Alexandriae
936 4582 1116 4631 floruit
1151 4580 1499 4631 catechetica.
1537 4579 1661 4629 Hal.
1701 4578 1896 4629 Saxon.
1939 4580 2089 4630 1825.
2127 4580 2198 4641 ΙΙ,
2240 4579 2322 4629 18.
2359 4596 2400 4631 s.
