3309 5300
583 407 707 471 178
1289 419 1523 460 comment.
1554 417 1607 459 do
1636 420 1679 459 S.
1702 418 1861 469 script.
1895 429 1988 469 cap.
2019 429 2105 460 sec.
2135 419 2265 460 tract.
2296 419 2351 459 11.

580 599 706 672 Syr.
745 602 885 657 Hem.
917 618 1048 672 quos
1094 618 1159 654 σω
1189 601 1305 654 cod.
1336 600 1485 657 Mus.
1517 601 1643 656 brit.
1678 619 1822 655 nunc
1848 620 1936 671 pr.
1979 602 2062 656 ed.
2097 606 2204 659 not.
2238 602 2410 657 illuct.
2465 602 2645 658 Thom.
2693 600 3070 655 Skat-Ror—

578 706 742 759 dam.
792 706 979 761 Havn.
1012 706 1191 759 1861.
1240 724 1269 759 e
1312 706 1493 759 codice
1523 706 1706 760 Musei
1753 706 2088 761 Britannici.
2141 704 2276 760 Gen.
2326 706 2487 759 Lam.
2522 706 2660 761 Bar.
2703 706 2856 758 dedit
2883 704 2951 757 A.
2987 704 3074 759 Μ.

586 808 827 879 Cei-iani,
860 809 1107 863 Monam.
1142 828 1185 865 s.
1218 816 1266 863 et
1286 809 1442 880 prof.
1474 810 1523 865 I.
1557 810 1637 864 ΙΙ.
1673 809 1898 865 Mediol.
1927 811 2091 864 1861.
2125 811 2183 864 3.
2483 825 2486 828 ·

578 1100 637 1178 ξ.
686 1100 788 1164 80.
874 1097 989 1162 De
1035 1095 1567 1162 translatione
1618 1096 1946 1161 Codicis
1993 1120 2042 1159 s.
2091 1094 2406 1160 Veteris
2453 1094 2948 1160 Testamenti
2993 1096 3078 1158 in

1455 1208 1756 1273 idioma
1799 1208 2194 1293 Syrorum.
2970 1194 2976 1199 ’

789 1400 988 1465 Haud
1033 1423 1265 1487 parum
1311 1399 1395 1463 ad
1440 1398 1897 1485 intelligendas
1943 1398 2496 1485 explicandasque
2545 1398 2610 1463 S.
2645 1398 2710 1464 S.
2749 1400 2817 1462 in
2849 1422 2920 1462 se
2953 1400 3079 1463 uti-

577 1514 825 1578 litatem
858 1512 1117 1577 adferre
1147 1512 1410 1597 linguae
1443 1514 1965 1598 scriptorumque
1999 1510 2457 1597 Syriacorum¹
2491 1513 2804 1593 notitiam,
2841 1534 3079 1576 omnes

582 1627 971 1691 confitentur
1019 1635 1585 1692 commentatores
1652 1624 1924 1709 Syriaca
1965 1624 2190 1709 lingua
2232 1626 2356 1709 ipsi
2399 1624 2686 1689 Domino
2735 1634 2800 1689 et
2845 1624 3079 1691 Salva-

580 1742 704 1805 tori
750 1739 1123 1821 vernacula,
1173 1742 1405 1804 ceteris
1454 1738 1750 1803 dialectis
1797 1740 2103 1802 semiticis
2148 1738 2276 1801 hoc
2319 1740 2460 1823 ipso
2507 1739 2702 1824 longe
2733 1748 3080 1824 praestare

580 1851 838 1916 videtur
856 1854 899 1913 ².
946 1850 1247 1938 Apostoli
1281 1852 1402 1914 hac
1433 1850 1657 1935 lingua
1693 1852 1972 1935 primum
2004 1849 2294 1932 Judaeis,
2343 1850 2578 1914 deinde
2626 1850 2765 1915 aliis
2809 1850 3082 1937 populis

586 1966 829 2029 circum
887 1966 1151 2047 vicinis,
1214 1964 1496 2028 coeleste
1543 1967 1853 2027 nuncium
1898 1964 2112 2048 Regni
2167 1964 2365 2027 divini
2417 1964 2945 2049 promulgarunt,
3016 1972 3083 2025 et

587 2088 819 2163 postea
862 2077 1062 2141 literis
1109 2075 1534 2140 tradiderunt.
1612 2076 1979 2161 Ecquidem
2039 2086 2226 2140 extra
2288 2075 2553 2140 dubium
2609 2077 2896 2162 positum
2943 2085 3078 2137 est:

473 2260 484 2267 ‚
581 2199 837 2276 partem
882 2189 1165 2274 aliquam
1210 2189 1290 2251 N.
1338 2188 1413 2252 T.
1461 2188 1769 2254 videlicet
1812 2188 2045 2253 libros:
2108 2188 2542 2273 Evangelium
2595 2212 2640 2252 s.
2688 2186 3081 2252 Matthaei

583 2312 648 2366 et
692 2302 1130 2388 Epistolam
1195 2300 1280 2365 ad
1332 2302 1806 2383 Hebraeos3,
1868 2325 2165 2366 sermone
2216 2300 2501 2388 quodam
2558 2300 3082 2387 haudquaquam

583 2439 623 2479 a
667 2418 922 2501 syriaco
973 2415 1248 2499 diverso,
1298 2438 1440 2479 esse
1489 2417 1895 2501 conscriptos
1914 2418 1956 2477 4.

790 2530 1023 2594 Versio
1071 2528 1331 2592 Veteris
1377 2527 1780 2593 Testamenti
1845 2528 1912 2591 in
1956 2527 2200 2592 idioma
2256 2527 2590 2614 Syrorum,
2654 2538 2804 2591 ante
2855 2527 3086 2591 omnia

583 2642 667 2707 ab
711 2643 1245 2730 interpretatione
1292 2642 1463 2707 Novi
1511 2641 1916 2707 Testamenti
1961 2640 2169 2729 probe
2219 2639 2651 2706 discernenda
2697 2652 2811 2705 est.
2883 2640 3083 2706 Utra-

585 2779 711 2841 que
777 2757 982 2839 enim,
1054 2758 1350 2842 quamvis
1422 2755 1654 2820 eadem
1722 2755 1940 2835 lingua
2009 2757 2399 2819 concinnata
2459 2757 2566 2837 sit,
2639 2766 2860 2819 tamen
2925 2777 3084 2816 cum

581 2871 832 2932 ratione
879 2869 1298 2954 antiquitatiS,
1346 2878 1483 2933 tum
1527 2871 1822 2932 internae
1872 2868 2258 2933 conditionis
2304 2869 2589 2931 maxime
2637 2867 3081 2952 distinguitur.

795 3136 831 3200 1)
866 3135 971 3196 Qui
1007 3150 1126 3184 cum
1164 3140 1285 3200 post
1320 3134 1585 3184 Christum
1634 3139 1817 3184 natum
1865 3134 2190 3199 aliquamdiu
2229 3135 2328 3184 soli
2363 3135 2420 3182 in
2457 3134 2586 3183 Asia
2632 3134 2810 3184 literas
2853 3133 3080 3200 elegan-

580 3224 759 3285 tiores,
800 3227 854 3272 et
888 3223 1143 3287 imprimis
1181 3221 1509 3286 theologicas
1554 3221 1872 3283 excolerent,
1925 3222 2250 3272 orthodoxae
2299 3220 2424 3270 fidei
2459 3227 2676 3270 tenaces
2713 3235 2777 3270 ac
2814 3222 3082 3286 pestifera

582 3308 969 3359 haereticorum
1008 3314 1306 3358 commenta
1342 3309 1633 3370 refutaturi,
1680 3309 1749 3358 ad
1787 3309 2245 3374 diligentissimam
2281 3307 2334 3358 S.
2373 3307 2425 3356 S.
2465 3311 2834 3358 tractationem
2875 3310 3081 3358 excita-

581 3396 790 3444 bantur.
866 3395 907 3459 2)
946 3397 1233 3445 Enimvero
1286 3379 1415 3446 coll..
1455 3396 1523 3444 H.
1575 3396 1637 3444 R.
1687 3397 1755 3445 D.
1807 3397 1871 3445 N.
1922 3396 1982 3445 T.
2037 3413 2089 3461 p.
2139 3397 2257 3444 217.
2305 3411 2346 3444 s.
2401 3397 2457 3444 in
2511 3395 2761 3445 idiomate
2815 3396 3083 3460 Syrorum

582 3480 911 3532 voluntatem
948 3483 1067 3544 Dei,
1109 3489 1160 3531 et
1197 3498 1447 3547 expressa
1484 3484 1625 3532 vitae
1664 3488 1914 3533 aeternae
1952 3485 2224 3547 promissa,
2263 3483 2582 3547 Unigenitus
2606 3484 2710 3532 Dei
2744 3482 2920 3532 Filius
2967 3483 3083 3531 orbi

582 3545 853 3618 revelavit.
893 3569 1050 3618 Hanc
1088 3585 1241 3618 sacro
1280 3585 1369 3618 ore
1410 3571 1758 3631 consecravit,
1797 3572 1853 3618 in
1889 3569 1990 3619 hac
2021 3584 2205 3634 preces
2232 3569 2299 3619 ad
2324 3571 2537 3620 Patrem
2577 3569 2782 3630 obtulit,
2821 3570 3084 3632 mysteria

582 3657 777 3706 mundo
828 3657 1141 3706 abscondita
1194 3659 1426 3720 aperuit,
1476 3659 1553 3706 ita
1602 3662 1663 3706 ut
1711 3656 1886 3706 dicere
1937 3657 2228 3721 possimus3
2290 3657 2448 3717 „Nos
2505 3657 2694 3706 docet
2746 3656 2853 3704 hic
2909 3672 3084 3704 unus

582 3743 878 3793 Numinis
916 3759 1022 3792 ore
1060 3743 1289 3808 loqui.“
1356 3744 1395 3808 3)
1436 3743 1515 3792 Cf.
1542 3744 1611 3792 H.
1638 3745 1701 3794 N.
1729 3745 1788 3793 T.
1824 3761 1874 3808 p.
1903 3746 2021 3793 268.
2049 3759 2088 3793 s.
2115 3746 2234 3793 461.
2262 3762 2304 3794 s.
2365 3745 2406 3806 4)
2443 3745 2506 3792 V.
2535 3744 2593 3792 C.
2621 3744 2708 3793 Fr.
2733 3743 3084 3792 Miniscalchi

584 3833 793 3893 Erizzo,
832 3831 1270 3896 Evangeliarium
1307 3831 1867 3895 Hierosolymitanum.
1905 3832 2098 3880 Veron.
2138 3833 2287 3880 1864.
2324 3832 2394 3892 II,
2421 3831 2612 3880 XXIV.
2639 3848 2682 3880 s.
2739 3830 2878 3880 Cum
2915 3847 3083 3896 porro

584 3933 765 3968 omnes
788 3917 1083 3983 Scriptores
1109 3919 1173 3968 N.
1193 3919 1253 3967 T.
1276 3918 1496 3983 Syriaca
1514 3918 1806 3968 vernacula
1825 3920 1880 3966 in
1901 3918 2286 3967 consuetudine
2309 3917 2618 3982 quotidiana
2644 3922 2944 3980 uterentur,
2975 3933 3084 3966 non

580 4008 829 4068 poterant
862 4021 967 4054 non
1005 4007 1179 4067 etiam,
1210 4021 1345 4069 quae
1384 4021 1573 4071 graece
1613 4011 1912 4065 exararunt,
1954 4004 2130 4054 colore
2158 4004 2389 4069 quodam
2426 4019 2673 4053 aramaeo
2700 4006 2929 4069 tingere.
2979 4004 3084 4055 Sed

582 4096 635 4140 et
672 4090 815 4156 quod
852 4091 920 4140 ad
956 4091 1017 4139 V.
1057 4091 1117 4140 T.
1160 4093 1361 4153 attinet,
1398 4098 1548 4142 tanta
1586 4098 1668 4142 est
1701 4090 1918 4156 linguae
1958 4090 2210 4155 Syriacae
2249 4107 2368 4141 cum
2405 4091 2676 4140 Hebraica
2711 4092 3083 4151 necessitudo,

580 4184 641 4227 ut
675 4183 885 4243 praeter
920 4193 1081 4228 unam
1118 4179 1404 4240 arabicam,
1443 4185 1627 4244 utpote
1667 4181 2024 4229 semiticarum
2061 4178 2548 4243 locupletissimam,
2593 4177 2861 4243 hodieque
2901 4179 3083 4228 adhuc

580 4266 635 4313 in
661 4280 751 4314 ore
776 4265 959 4330 populi
984 4264 1275 4331 vulgarem,
1312 4265 1460 4315 nulla
1484 4268 1567 4327 sit,
1595 4281 1736 4332 quae
1762 4267 2158 4317 obscurioribus
2189 4265 2453 4315 hebraicis
2480 4266 2704 4314 vocibus
2739 4264 3082 4316 illustrandis

580 4351 779 4400 maiore
806 4366 925 4401 cum
950 4352 1125 4400 fructu
1145 4351 1385 4402 adhiberi
1410 4354 1593 4416 possit.
1630 4353 1789 4402 Nunc
1808 4357 1986 4402 tamen
2012 4368 2078 4402 ne
2099 4353 2316 4402 nimium
2337 4357 2583 4413 excurrat
2610 4354 2798 4414 oratio,
2821 4351 3083 4402 lectorem

581 4435 736 4486 huius
766 4439 843 4486 rei
870 4439 1119 4504 cupidum
1156 4440 1438 4489 invitamus
1465 4440 1534 4488 ad
1560 4440 1620 4490 C.
1648 4455 1682 4489 a
1705 4440 2074 4505 Lengerke,
2113 4440 2178 4489 de
2203 4439 2381 4490 studio
2408 4439 2704 4489 litterarum
2730 4438 3084 4504 Syriacamm

580 4523 864 4589 Theologis
926 4540 1085 4590 quam
1144 4527 1370 4575 maxime
1432 4527 1870 4576 commendandO.
1933 4527 2170 4591 Regiom.
2231 4528 2410 4577 Pruss.
2472 4529 2620 4577 1836.
2677 4527 2720 4576 Ι.
2775 4527 2848 4576 11.
2914 4531 3082 4592 atque

579 4609 1023 4675 Miniscalchi,
1062 4612 1094 4662 1.
1134 4629 1178 4662 c.
1216 4629 1267 4679 p.
