3309 5300
526 426 655 493 270
1222 440 1458 483 Comment.
1490 438 1542 483 de
1569 442 1613 483 S.
1632 439 1851 493 Scriptur-
1881 452 1976 493 cap.
2005 440 2110 485 tert.
2139 444 2246 484 sect.
2275 437 2309 483 1.

740 616 805 665 Ut
830 615 941 672 illa,
980 632 1111 681 quae
1134 612 1199 666 de
1220 617 1356 682 typis
1382 614 1435 665 S.
1463 615 1517 667 S.
1558 616 1610 667 1⁷.
1635 616 1698 667 F.
1727 620 2025 678 monuimus,
2043 636 2046 639 ⁴
2063 619 2160 669 rite
2193 617 2571 683 intelliqantuv·;
2605 623 2624 667 t
2629 636 2664 684 y
2669 636 2812 684 pum
2847 617 2897 669 A
2905 616 3012 683 9ηᾶ

525 704 860 754 Paschalis
906 703 1164 767 explicare
1200 704 1361 752 visum
1396 708 1485 754 cst.
1547 703 1796 768 Agnum
1833 704 2207 769 paschalem
2250 734 2310 741 -—
2347 705 2519 755 Exod.
2557 721 2601 754 c.
2629 722 2674 755 c.
2715 707 2795 755 12.
2836 710 2891 755 et
2930 708 3010 755 13.

526 790 649 841 coll.
674 792 744 840 H.
779 791 841 838 V.
874 790 937 839 Τ.
975 806 1026 855 p.
1058 780 1317 839 105.'145.
1344 818 1409 825 —
1437 789 1691 840 Christi
1725 792 1986 842 Domini
2021 797 2240 857 typum
2277 792 2516 855 fuisse,
2553 794 2611 841 in
2645 794 2826 858 aprico
2867 794 3016 859 ponit

528 877 580 927 S.
608 878 644 927 J
658 892 903 927 oannes
940 878 1039 926 Ev.
1068 878 1151 937 19,
1178 878 1278 938 36„
1314 878 1405 941 qui
1428 878 1615 926 Jesum
1650 878 1708 925 in
1733 878 2058 944 Apocalypsi
2085 894 2282 943 agnum
2305 894 2500 929 vocare
2524 879 2582 928 in
2607 878 2809 929 deliciis
2835 878 3015 928 habet.

526 964 611 1013 Cf.
638 966 688 1026 5,
716 966 763 1013 7.
788 965 837 1013 8.
867 966 947 1012 12.
972 966 1021 1025 6,
1051 966 1097 1011 1.
1127 966 1172 1024 7,
1201 966 1247 1013 9.
1279 966 1359 1013 10.
1390 966 1470 1013 14.
1499 966 1580 1013 17.
1611 966 1692 1027 12,
1722 967 1802 1014 11.
1833 967 1913 1027 13,
1943 968 1992 1015 8.
2021 967 2101 1026 14,
2131 969 2178 1015 1.
2203 967 2252 1015 4.
2283 968 2362 1015 10.
2392 968 2472 1027 15,
2495 968 2544 1015 3.
2572 967 2654 1028 17,
2683 968 2763 1016 14.
2793 968 2878 1028 19,
2902 968 2948 1015 7.
2968 967 3016 1015 9.

528 1053 612 1113 21,
639 1054 687 1101 9.
717 1052 797 1100 14.
824 1053 906 1099 22.
935 1053 1018 1099 23.
1045 1051 1127 1099 27.
1166 1052 1248 1112 22,
1280 1053 1323 1099 1.
1352 1052 1397 1099 3.
1430 1052 1509 1099 14.
1548 1050 1600 1100 S.
1626 1051 1828 1101 Paulus
1867 1066 1992 1101 vero
2030 1053 2070 1100 Ι.
2099 1052 2221 1101 Cor.
2257 1054 2307 1114 5,
2335 1054 2382 1101 7.
2421 1051 2690 1103 Christum
2729 1052 3019 1113 „Pascha

526 1142 854 1189 nostrum“
909 1154 1026 1187 esse
1072 1136 1317 1186 affirmat.
1375 1137 1427 1186 S.
1464 1138 1705 1187 Joannes
1756 1154 1968 1203 quoque
2019 1139 2334 1204 Baptista
2381 1138 2451 1187 ad
2497 1153 2692 1205 agnum
2737 1141 2795 1187 in
2844 1140 2909 1188 V.
2955 1138 3018 1187 F.

527 1225 750 1273 mactari
805 1224 1043 1286 solitum,
1101 1228 1155 1272 et
1207 1224 1510 1288 cumprimis
1564 1223 1872 1289 paschalem
1928 1225 2188 1288 respexit3
2249 1238 2368 1273 cum
2421 1224 2543 1274 ideo
2581 1226 2776 1275 Joann.
2829 1227 2884 1287 1,
2934 1226 3017 1273 29.

532 1310 801 1361 Christum
839 1315 1067 1376 peccata
1102 1311 1283 1359 mundi
1321 1311 1459 1360 ferre
1496 1313 1754 1375 asseruit3
1791 1311 1932 1360 hunc
1967 1312 2144 1376 ipsum
2181 1326 2378 1375 agnum
2413 1313 2655 1377 aspicere
2681 1312 2834 1362 iubet
2857 1310 3020 1360 Prae-

530 1414 717 1449 cursor
738 1398 957 1447 Domini
983 1402 1145 1463 atque
1170 1399 1554 1462 praestantiam
1580 1398 1695 1449 eius
1722 1398 2075 1460 considerare,
2101 1398 2196 1447 ubi
2220 1413 2352 1447 voce
2387 1414 2570 1459 „ecce
2608 1413 2817 1463 agnus
2853 1398 3016 1447 Dei!“

531 1502 962 1551 unumquemque
1000 1490 1237 1535 nostrum
1264 1485 1427 1533 veluti
1454 1485 1523 1534 ad
1546 1486 1872 1549 rem-magni
1906 1485 2159 1534 momenti
2195 1484 2570 1533 attendendam
2611 1486 2825 1534 excitat.
2878 1485 3022 1535 Sane

532 1574 666 1622 ratio
693 1574 943 1637 primaria
964 1576 1016 1621 et
1034 1577 1307 1637 respectus
1332 1573 1653 1637 potissimus,
1676 1588 1770 1621 cur
1787 1572 2014 1622 Messias
2041 1587 2159 1621 cum
2186 1586 2326 1636 agno
2347 1576 2682 1636 comparetur
2710 1572 2838 1621 Isai.
2854 1574 2939 1633 53,
2955 1573 3022 1633 7.,

532 1676 559 1708 e
598 1661 775 1710 verbis
812 1660 1089 1723 Baptistae
1136 1658 1256 1707 luce
1304 1658 1501 1707 clarius
1547 1664 1712 1724 patet.
1774 1660 2090 1723 Princeps
2137 1674 2350 1724 quoque
2392 1657 2768 1723 Apostolorum
2805 1659 3023 1709 nomine

534 1740 720 1813 „dpvoii
777 1740 988 1815 ἀμώμου
1043 1742 1125 1793 καὶ
1179 1739 1419 1795 ἀσπίλου“
1486 1745 1755 1796 Christum
1808 1760 2002 1795 vocare
2065 1747 2220 1811 cepit.
2265 1745 2308 1795 Ι.
2359 1748 2404 1808 1,
2455 1748 2537 1795 19.
2606 1746 2839 1795 Victima
2895 1762 3023 1810 ergo

526 1832 815 1899 paschalis,
855 1848 1014 1898 quam
1052 1832 1312 1899 peculiari
1336 1838 1390 1882 et
1416 1834 1709 1897 operosiori
1735 1834 1854 1894 ritU,
1894 1833 2081 1881 maiori
2119 1834 2244 1883 item
2271 1834 2709 1883 caerimoniarum
2737 1838 3021 1898 apparatu,

531 1935 689 1985 quam
730 1918 843 1969 ulla
880 1919 988 1969 alia
1025 1920 1289 1970 sacrificia
1322 1935 1515 1985 parare
1554 1921 1789 1985 oportuit
1822 1919 2079 1979 Judae0s‚
2119 1934 2217 1969 sua
2254 1936 2285 1968 e
2321 1935 2428 1985 qua
2463 1924 2614 1985 parte
2653 1926 2770 1969 erat
2803 1922 3026 1969 victima

529 2008 862 2056 Dominici
916 2006 1255 2056 sacrificii
1310 2011 1419 2055 tam
1474 2007 1734 2056 cruenti
1785 2010 1943 2072 quam
1997 2007 2358 2068 incruenti,
2413 2006 2586 2072 figura
2633 2007 2750 2057 fuit.
2813 2005 2922 2055 Sed
2970 2011 3028 2055 et

530 2096 735 2143 ratione
772 2093 881 2156 illa,
923 2108 1029 2161 qua
1065 2098 1545 2143 sacramentum
1582 2108 1736 2143 sacer
1772 2094 1921 2143 cibus
1957 2094 2072 2154 fuit,
2111 2093 2581 2143 Eucharistiae
2617 2098 2803 2159 typum
2841 2095 3026 2159 gessit.

530 2180 667 2229 Cum
715 2181 827 2230 fere
874 2196 1058 2230 omnes
1108 2181 1539 2230 circumstantiae
1586 2182 1640 2230 in
1691 2185 1840 2230 tanto
1888 2182 2138 2245 mysterio
2190 2180 2668 2231 considerationem
2718 2186 3030 2231 mereantur

530 2274 584 2317 et
631 2268 835 2333 aliquid
877 2267 1200 2333 significent,
1252 2267 1501 2333 analogia
1548 2269 1688 2317 inter
1735 2284 1845 2317 rem
1899 2267 2406 2333 significantem
2455 2272 2510 2317 et
2557 2268 3028 2333 significatam

529 2356 763 2421 penitius
802 2354 1193 2405 consideranda
1227 2356 1389 2405 venit.
1452 2354 1704 2421 Oportuit
1740 2355 1898 2405 edere
1935 2370 2194 2421 agnum,
2234 2357 2327 2420 qui
2362 2362 2506 2406 esset
2539 2356 2829 2421 perfectus,
2882 2355 3030 2404 inter

531 2443 664 2493 duas
703 2456 982 2507 vesperas;
1033 2458 1142 2491 non
1178 2442 1562 2507 frangebantur
1600 2444 1717 2491 eius
1755 2458 1913 2492 crura
1950 2448 2004 2491 et
2039 2446 2300 2508 sanguine
2336 2444 2506 2508 ipsius
2541 2444 2777 2507 respersi
2811 2442 3032 2491 fuerant

530 2534 803 2595 portarum
857 2534 1063 2593 postes,
1118 2533 1178 2577 ut
1226 2528 1461 2594 Angelus
1515 2545 1800 2595 percussor
1846 2531 2128 2580 Hebraeos
2177 2531 2443 2580 transiret.
2517 2529 2742 2579 Assatus
2791 2529 3030 2594 denique

537 2616 799 2667 edebatur
834 2621 995 2682 totus,
1044 2617 1158 2666 sine
1194 2616 1471 2682 fermentO,
1520 2633 1640 2668 cum
1676 2616 1857 2667 herbis
1905 2619 2114 2667 amaris.
2175 2617 2328 2667 Haec
2377 2618 2556 2667 omnia
2603 2610 3031 2684 ἀλληγορούμενα,

536 2710 599 2754 ut
632 2703 925 2770 loquuntur
961 2705 1014 2754 S.
1052 2706 1111 2754 P.
1152 2710 1203 2754 et
1241 2704 1292 2754 S.
1330 2706 1412 2768 E„
1449 2707 1485 2754 i.
1520 2721 1567 2755 e.
1604 2706 1828 2770 typica
1862 2705 2044 2767 fuisse,
2082 2704 2240 2754 facile
2279 2705 2634 2754 constituitur.
2688 2705 2825 2754 Nam
2859 2703 3034 2754 Jesus

535 2789 791 2854 Cln·istus,
843 2791 1016 2842 Filius
1066 2792 1309 2854 hominis,
1366 2792 1569 2856 absque
1619 2796 1842 2857 peccato
1891 2793 2056 2842 Hebr.
2108 2792 2153 2853 7,
2201 2793 2283 2840 26.
2331 2793 2379 2853 9,
2419 2793 2529 2854 14.,
2587 2806 2727 2856 agno
2779 2789 2916 2841 labis
2973 2795 3036 2839 et

536 2877 779 2927 maculae
818 2883 1050 2944 expertO,
1089 2880 1349 2944 patientia
1386 2884 1438 2928 et
1474 2879 1884 2928 mansuetudine
1921 2879 2023 2928 fuit
2059 2878 2370 2928 simillimus.
2418 2877 2555 2928 Coll.
2579 2878 2776 2928 Jerem.
2817 2880 2900 2940 11,
2943 2879 3037 2926 19.

536 2965 654 3014 Act.
692 2967 740 3027 8,
779 2967 861 3015 32.
898 2982 943 3016 s.
1003 2965 1217 3014 Revera
1265 2959 1326 3014 τὰ
1370 2963 1630 3033 παθήματα
1679 2965 1875 3014 Christi
1920 2966 1990 3014 H.
2039 2965 2158 3014 Cor.
2201 2967 2247 3027 1,
2285 2968 2333 3015 5.
2389 2965 2555 3014 Hebr.
2604 2967 2652 3027 2,
2694 2967 2776 3014 10.
2827 2965 3041 3030 insigni

534 3051 887 3101 amaritudine
924 3053 1123 3102 acerba
1159 3053 1325 3102 fuere.
1364 3052 1452 3102 Sic
1478 3054 1658 3118 itaque
1684 3053 1946 3102 Dominus
1971 3053 2166 3102 Noster
2193 3053 2513 3102 cruciandus
2539 3053 2662 3117 igne
2687 3053 3038 3117 passionum3

534 3138 926 3188 consumendus
964 3145 1018 3188 et
1054 3139 1379 3189 occidendus
1416 3145 1532 3189 erat
1567 3141 1621 3188 in
1656 3141 2112 3190 consummat-ione
2145 3141 2209 3190 V.
2244 3140 2306 3190 F.
2344 3140 2484 3190 Heb.
2520 3141 2569 3202 9,
2606 3141 2689 3189 26.
2737 3139 2812 3188 Et
2843 3144 3042 3188 tamen

536 3242 745 3291 semper
791 3225 883 3276 ille
930 3226 1071 3280 idem
1120 3228 1336 3289 mansit,
1388 3229 1539 3277 cuius
1590 3243 1692 3276 nec
1742 3242 1866 3278 ossa
1912 3228 2109 3293 frangi,
2172 3242 2347 3292 neque
2397 3242 2591 3292 corpus
2640 3226 2697 3274 in
2743 3225 3040 3289 sepulchro

538 3299 844 3380 putrescere
881 3315 1069 3378 potuit.
1106 3313 1313 3364 Eodem
1350 3329 1479 3364 sane
1516 3319 1771 3379 tempore,
1811 3329 1916 3378 quo
1953 3314 2102 3364 fusus
2142 3319 2223 3363 est
2247 3315 2374 3379 agni
2407 3313 2678 3378 paschalis
2715 3313 2932 3377 sanguis
2973 3313 3044 3362 in

537 3399 734 3467 templo
754 3429 820 3437 —
841 3405 901 3450 ut
924 3400 1093 3466 figura
1118 3402 1328 3451 veritati
1354 3402 1600 3466 praeiret.
1622 3429 1689 3436 —
1712 3401 1910 3451 effusus
1938 3405 2019 3450 est
2044 3403 2203 3450 etiam
2230 3402 2451 3466 sanguis
2479 3400 2692 3450 Christi.
2733 3401 3044 3450 Enimvero

538 3503 659 3537 cum
684 3487 790 3537 alio
817 3487 902 3537 die
930 3487 1185 3550 Christus,
1222 3487 1327 3536 alio
1354 3488 1439 3537 die
1461 3488 1794 3537 Judaeorum
1821 3490 2078 3552 primores
2104 3489 2306 3554 pascha
2330 3487 2740 3550 celebraverint3
2777 3502 2886 3536 non
2911 3487 3046 3536 sine

539 3574 660 3624 Deo
698 3575 895 3624 factum
940 3580 1035 3637 est,
1073 3580 1133 3623 ut
1156 3575 1401 3624 inciderit
1436 3577 1548 3624 veri
1582 3576 1708 3640 agni
1735 3575 1932 3624 Christi
1955 3591 2111 3637 mors,
2150 3576 2207 3623 in
2231 3591 2353 3624 eum
2375 3576 2551 3640 ipsum
2575 3574 2718 3623 diem
2743 3579 2795 3622 et
2817 3578 3046 3638 tempus

545 3661 675 3724 diei,
720 3678 825 3727 quo
864 3664 989 3727 agni
1027 3662 1294 3728 paschalis
1332 3661 1649 3712 sacrificium
1687 3662 1865 3712 fiebat.
1936 3661 2101 3712 Cuius
2138 3662 2277 3726 Agni
2312 3663 2376 3712 N.
2412 3661 2477 3711 F.
2515 3663 2826 3727 sanguis'ut
2861 3661 3047 3726 prosit

545 3747 897 3814 applicandus
930 3755 1011 3798 est
1035 3749 1233 3799 homini
1260 3767 1357 3815 per
1380 3751 1719 3815 baptismum,
1759 3751 1850 3814 qui
1876 3754 1956 3798 est
1979 3749 2260 3798 Ecclesiae
2283 3750 2474 3813 ianua3
2509 3747 2712 3815 Ephes.
2740 3750 2786 3810 1,
2816 3750 2864 3797 7.
2911 3745 3042 3796 Col.

549 3839 593 3898 1,
636 3839 715 3886 13.
759 3838 840 3885 14.
891 3836 1105 3902 aliaque
1142 3841 1499 3900 sacramenta,
1551 3838 1615 3887 de
1652 3837 1847 3902 quibus
1885 3837 2155 3902 disputare
2192 3852 2300 3886 non
2338 3841 2418 3886 est
2452 3835 2611 3885 huius
2649 3835 3042 3885 commentarii.

550 3923 655 3973 Sed
703 3924 861 3973 etiam
908 3925 1047 3989 iugis
1090 3929 1253 3989 atque
1301 3926 1635 3974 incruenti
1686 3925 2028 3974 Sacrificii
2073 3925 2137 3973 N.
2175 3923 2239 3973 F.
2275 3925 2653 3987 mysterium
2698 3927 2855 3987 typus
2903 3921 3046 3986 agni

540 4010 810 4076 paschalis
867 4011 1206 4061 adumbravit
1250 4011 1312 4061 V.
1355 4011 1418 4060 F.
1475 4011 1636 4061 Suam
1681 4027 1895 4061 carnem
1945 4011 2099 4061 edere
2149 4027 2248 4060 nos
2291 4011 2440 4060 iubet
2485 4010 2863 4060 Divinissimus
2913 4007 3042 4058 Sal-

540 4103 706 4148 vator.
742 4097 939 4148 Joann.
978 4101 1026 4161 6,
1065 4100 1147 4148 54.
1186 4115 1227 4149 s.
1289 4099 1375 4148 Ad
1421 4114 1631 4149 sacrum
1684 4098 1899 4164 epulum
1948 4099 2185 4162 corporis
2223 4097 2420 4146 Christi
2467 4097 2726 4147 accedere
2773 4096 3042 4146 debemus

538 4185 689 4234 iuxta
723 4184 967 4250 Apostoli
1015 4185 1057 4235 Ι.
1096 4186 1217 4236 Cor.
1266 4189 1327 4248 5,
1374 4189 1425 4238 8.
1479 4191 1856 4252 praeceptum:
1909 4201 2020 4234 non
2071 4187 2127 4235 in
2183 4185 2441 4235 fermento
2492 4185 2688 4246 veteri,
2743 4197 2920 4248 neque
2977 4183 3044 4230 in

538 4272 796 4322 fermento
834 4273 1097 4337 malitiae3
1136 4274 1233 4324 sed
1266 4275 1323 4322 in
1360 4275 1561 4338 azymis
1599 4274 1920 4324 sinceritatis
1958 4278 2011 4322 et
2045 4274 2302 4322 veritatis.
2352 4272 2552 4336 Utique
2582 4287 2723 4337 agno
2759 4271 3044 4335 paschali:

541 4358 884 4422 sacrificium,
948 4359 1091 4424 quod
1148 4360 1388 4410 Christus
1444 4359 1664 4422 obtulit,
1721 4364 1774 4410 et
1825 4359 2076 4410 Ecclesia
2130 4359 2306 4422 offert,
2359 4359 2669 4424 prophetice
2725 4358 3046 4422 indicatum,

541 4445 711 4512 liquet
762 4446 917 4496 inde:
980 4447 1124 4512 quod
1178 4447 1422 4512 Apostoli
1476 4452 1600 4497 ante
1657 4446 1852 4496 Christi
1904 4448 2211 4512 passionem
2261 4446 2706 4496 manducaverint
2757 4460 3048 4496 carnem

544 4533 811 4584 Christi
874 4535 930 4582 in
994 4535 1284 4584 novissima
1351 4549 1545 4596 coena,
1606 4539 1660 4583 et
1717 4533 1942 4598 proinde
2000 4549 2183 4582 verum
2244 4533 2392 4582 illum
2445 4549 2640 4598 agnum
2696 4531 3048 4598 paschalem3

543 4619 611 4680 ad
651 4620 800 4668 cuius
840 4619 1025 4685 epulas
1062 4637 1160 4670 nos
1198 4620 1453 4684 hortatur,
1503 4626 1563 4670 ut
1598 4620 1843 4682 vidimus,
1882 4622 1986 4670 iam
2025 4636 2064 4670 s.
2103 4620 2301 4670 Paulus
2341 4621 2382 4669 Ι.
2423 4620 2544 4670 Cor.
2583 4624 2630 4682 5,
2673 4621 2718 4670 7.
2779 4619 3054 4672 Adiunxit
