3309 5300
945 987 2008 1085 APPROBATHJ

342 1469 567 1556 ,Cum
619 1496 964 1566 praesens
1002 1469 1417 1560 ,Commen-

1656 1467 2272 1560 ,Oommentarius
2339 1471 2428 1543 de
2493 1469 2721 1543 Sacra

223 1600 443 1672 tarius
538 1600 631 1672 de
722 1598 948 1672 Sacra
1038 1598 1415 1696 Scriptura
1527 1597 1907 1696 Scriptura
1988 1601 2288 1696 eiusque
2368 1602 2718 1696 interpre-

225 1729 519 1825 eiusque
548 1729 1182 1825 Interpretatione‘
1210 1727 1413 1820 nihil,

225 1859 416 1954 quod
483 1858 661 1956 fidei
725 1884 813 1931 ac
868 1859 1244 1931 doctrinae
1300 1883 1414 1930 ca-

223 1987 533 2060 tholicae
584 1987 701 2060 vel
746 2015 1040 2061 morum
1099 1986 1415 2083 discipli-

224 2142 351 2188 nae
404 2128 811 2214 repugnet,
870 2119 1273 2210 contineat3
1348 2126 1419 2188 et

224 2246 518 2343 insuper
584 2247 831 2342 quoad
895 2247 1281 2319 materiam
1348 2256 1419 2317 et

223 2375 532 2446 formam
600 2376 703 2447 ita
769 2385 1241 2472 comparatus
1305 2377 1426 2463 sit,

224 2516 298 2574 ut
332 2505 637 2602 egregia
672 2505 769 2576 ad
806 2504 1117 2576 solidam
1149 2503 1417 2577 Sacrae

224 2631 642 2731 Scripturae
739 2634 1415 2731 interpretationem

227 2762 674 2836 adminicula
699 2765 1071 2860 praebeat,
1089 2763 1414 2836 eiusdem

228 2891 656 2987 publicandi
757 2892 1127 2965 licentiam
1216 2892 1416 2964 hisce

1522 1729 1800 1801 tatione
1839 1756 1884 1801 a
1911 1729 2195 1802 Rssma.
2233 1729 2320 1801 D.
2339 1729 2511 1802 Vra.
2549 1755 2718 1802 con-

1523 1859 1880 1946 cinnatus,
1922 1885 2090 1930 cum
2130 1867 2309 1930 teste
2346 1857 2580 1930 Illmo.
2633 1883 2720 1930 ac

1522 1987 1812 2060 Rssmo.
1851 1988 1943 2058 D.
1972 1988 2266 2060 Joanne
2294 1986 2721 2058 Kutschker

1522 2117 1764 2213 Epp0.
1814 2115 2264 2189 Consecrato
2322 2113 2716 2188 Carrhensi

1526 2256 1595 2318 et
1667 2247 1962 2320 Vicario
2039 2244 2386 2318 Generali
2458 2243 2717 2317 Archi-

1524 2377 1832 2449 dioeces.
1866 2376 2154 2464 Vienn.,
2189 2376 2314 2472 qui
2353 2401 2540 2472 opus
2577 2374 2719 2446 hoc

1522 2505 1806 2596 revidit,
1847 2503 2028 2578 nihil
2067 2505 2237 2577 fidei
2269 2503 2718 2576 orthodoxae

1524 2661 1964 2731 morumque
2039 2632 2467 2730 disciplinae
2545 2659 2715 2706 con·

1519 2766 1826 2836 trarium
1874 2765 2261 2853 contineat,
2311 2773 2382 2834 et
2418 2763 2721 2859 insuper

1522 2894 1774 2991 quoad
1827 2894 2211 2966 materiam
2279 2902 2349 2964 et
2401 2892 2716 2964 formam

226 3022 702 3118 impertimur,
771 3020 1128 3117 illumque
1186 3023 1411 3094 omni·
1519 3026 1623 3096 ita
1679 3032 2149 3119 comparatus
2205 3022 2324 3110 sit,
2383 3030 2465 3091 ut
2517 3046 2716 3117 egre-

227 3150 441 3222 moda
529 3151 1169 3223 commendatione
1260 3151 1415 3248 dig-

227 3305 397 3351 num
454 3288 891 3352 censemus}

448 3869 712 3935 Joann.
758 3868 1165 3935 Kutschker
1208 3896 1261 3934 ιιι.
1288 3895 1327 3954 p.
1449 3866 1458 3871 ’

344 3984 654 4049 Episcopus
696 3984 946 4033 Carrhen.
970 3986 1145 4034 Vicat.
1182 3984 1415 4050 general.

1524 3156 1647 3251 gia
1693 3152 1789 3224 ad
1827 3150 2138 3224 solidam
2179 3149 2251 3223 S.
2295 3149 2717 3245 Scripturae

1522 3282 2198 3377 interpretationem
2267 3277 2718 3351 adminicula

1525 3411 1900 3507 praebeat:
1959 3436 2184 3506 quam
2238 3407 2715 3480 libentissime
2835 3408 2838 3410 “

1522 3540 1768 3611 tribuo
1806 3538 2252 3624 facultatem,
2289 3547 2374 3608 ut
2409 3536 2554 3608 luci
2582 3563 2715 3632 pu-

1523 3666 1760 3740 blicae
1817 3677 1888 3739 et
1938 3665 2143 3763 prelo
2199 3665 2638 3737 mandetur}

2088 3836 2624 3932 Joannes

2122 3986 2283 4035 eard.
2310 3986 2601 4051 A.-Eppus.
