3309 5300
1185 466 1336 515 versio
1362 461 1462 517 τῶν
1488 468 1614 514 LXX.
2537 446 2662 516 163

206 653 469 724 tempore
503 648 570 703 et
597 661 720 724 per
753 659 1179 724 quoscunque
1206 639 1400 702 etiam
1422 638 1657 702 Versio
1689 636 2088 723 reliquorum
2109 635 2459 702 Librorum
2490 638 2668 702 facta

210 753 379 818 fuerit
399 753 449 834 ¹3
506 759 765 815 ceteros
824 751 996 815 inter
1042 750 1461 815 translatores
1516 759 1667 835 post
1717 750 1896 814 illum
1940 749 2391 833 Pentateuchi,
2438 750 2668 814 iisdem

206 862 542 930 nominibus
574 861 832 927 laudari
862 873 1150 927 meretur
1177 863 1500 948 interpres
1530 861 2041 927 Proverbiorum
2074 861 2442 926 Salomonis
2464 864 2522 925 2:
2556 864 2668 948 qui

210 981 377 1052 etiam
406 973 495 1039 ibi
524 974 709 1039 haud
739 985 887 1040 raro
920 977 1252 1060 ingenium
1283 997 1471 1038 suum
1514 974 1798 1039 ostendit
1825 973 1996 1038 bene
2031 973 2294 1057 cultum,
2323 973 2438 1038 ubi
2466 976 2667 1038 mani-

210 1091 352 1154 festo
398 1110 437 1152 a
477 1109 641 1151 vero
700 1087 964 1152 aberrat
982 1091 1024 1151 3.
1098 1087 1437 1173 Interpres
1498 1086 1928 1169 Psalmorum,
1991 1096 2188 1172 atque
2249 1085 2667 1152 translatores

209 1201 572 1286 reliquorum
604 1199 957 1265 Librorum
988 1201 1416 1286 poeticorum,
1462 1202 1636 1265 omni
1671 1207 2021 1264 caruerunt
2049 1200 2310 1283 ingenio
2342 1200 2601 1284 poetico
2621 1201 2666 1261 ⁴¹.

215 1312 383 1393 Quod
444 1311 527 1375 ad
586 1312 1035 1399 Prophetas
1095 1313 1354 1396 attinet,
1421 1312 1549 1377 hoc
1610 1310 2041 1377 observarunt
2096 1312 2220 1374 viri
2271 1309 2473 1374 docti:
2537 1333 2674 1375 non

212 1447 407 1490 omnes
449 1424 887 1509 Propheticos
931 1424 1170 1489 Libros
1216 1424 1299 1488 ab
1346 1447 1477 1488 uno
1516 1425 1974 1510 interpretatos
2021 1423 2242 1506 fuisse,
2289 1422 2405 1486 sed
2450 1422 2670 1510 plures

211 1559 475 1602 versores
537 1559 770 1601 eorum
832 1538 1155 1601 exstitisse
1178 1540 1219 1599 ⁵.
1297 1535 1649 1601 Librorum
1707 1534 1772 1600 S.
1819 1535 1902 1599 V.
1961 1533 2037 1598 T.
2101 1537 2211 1620 qui
2269 1533 2670 1600 Historias

212 1645 445 1714 narrant
464 1650 880 1736 interpreteS,
915 1651 1164 1714 etiamsi
1189 1648 1613 1713 Pentateuchi
1647 1647 2026 1733 dignitatem
2056 1670 2189 1712 non
2221 1657 2671 1734 assequantur,

212 1761 359 1826 haud
399 1761 823 1840 mediocriter
867 1763 934 1825 in
980 1771 1120 1825 arte
1166 1759 1604 1825 transferendi
1651 1761 1991 1824 exercitati
2035 1745 2312 1824 fuerant.
2389 1759 2673 1824 Dicendi

216 1896 390 1960 genus
420 1895 738 1958 graecum
778 1857 863 1939 ad
893 1874 1065 1939 Novi
1095 1873 1500 1938 Testamenti
1547 1895 1916 1938 sermonem
1962 1872 2300 1956 accedere,
2347 1875 2673 1938 neminem

218 1988 496 2052 Veterum
541 1987 655 2051 vel
699 1987 1162 2052 Recentiorum
1208 1989 1597 2073 scriptorum
1643 1986 1829 2072 fugit.

221 2287 382 2336 desunt
415 2286 815 2336 emendationes
854 2286 1259 2347 coniecturales,
1305 2301 1510 2336 errores
1549 2290 1603 2335 et
1636 2285 2100 2347 hallucinationes,
2143 2289 2252 2334 tam
2298 2287 2674 2350 grammaticae

220 2389 350 2438 quam
384 2371 787 2438 etymolog-icae.
825 2374 892 2422 D.
932 2389 981 2438 q.
1019 2389 1069 2422 V.
1102 2372 1348 2438 Toepler,
1386 2372 1420 2422 1.
1459 2389 1502 2422 c.
1541 2389 1592 2438 p.
1634 2374 1716 2422 11.
1756 2387 1797 2422 s.
1835 2374 1920 2422 49.
1959 2386 1999 2420 s.

399 2464 445 2541 ¹)'
468 2477 658 2542 Nepos
688 2476 959 2527 Siracidae
986 2493 1030 2526 c.
1058 2491 1105 2526 a.
1134 2477 1250 2526 130.
1278 2491 1327 2527 a.
1354 2476 1414 2526 C.
1441 2505 1507 2512 —
1532 2493 1581 2526 V.
1609 2476 1680 2526 H.
1705 2477 1771 2526 R.
1795 2477 1862 2526 D.
1888 2477 1952 2526 V.
1972 2477 2033 2526 Τ.
2059 2492 2110 2541 p.
2138 2480 2256 2527 540.
2283 2505 2347 2513 —
2370 2478 2426 2525 in
2450 2477 2672 2543 prologo

225 2564 279 2612 ad
309 2563 740 2613 Ecclesiasticum
776 2564 1057 2630 perspicue
1096 2563 1268 2625 docet,
1304 2564 1413 2612 iam
1449 2579 1546 2613 suo
1585 2577 1720 2612 aevo
1757 2563 1949 2612 Libros
1983 2563 2036 2613 S.
2063 2561 2116 2612 S.
2141 2563 2205 2612 V.
2232 2564 2292 2613 Τ.
2330 2564 2386 2612 in
2423 2577 2674 2629 graecum

224 2667 483 2701 sermonem
530 2635 824 2703 translatos
870 2652 1069 2701 fuisse..
1126 2650 1166 2717 ²)
1206 2649 1288 2700 Cf.
1324 2652 1376 2700 J.
1416 2650 1478 2701 G.
1516 2650 1730 2715 Jaeger‚
1769 2650 1974 2700 obserV.
2012 2652 2070 2699 in
2104 2652 2262 2701 Prov.
2301 2649 2498 2701 Salam.
2535 2667 2673 2701 vers.

223 2738 346 2789 Alex.
378 2738 608 2805 Mildorf.
638 2740 789 2789 1788.
825 2738 1091 2803 Lagarde,
1126 2738 1163 2787 l.
1202 2754 1247 2787 c.
1320 2738 1361 2803 ³)
1401 2737 1733 2799 Additiones‚
1771 2738 2102 2800 omissiones,
2139 2739 2583 2803 transpositiones
2619 2739 2676 2787 in

224 2830 349 2874 textu
392 2840 583 2890 graeco
636 2824 792 2876 huius
840 2825 963 2875 libri
1011 2830 1252 2875 recenset
1300 2825 1385 2877 W.
1425 2824 1600 2887 Smits,
1638 2826 1931 2875 Proverbia
1965 2824 2122 2891 Vulg.
2169 2826 2250 2874 ed.
2290 2824 2480 2874 elucid.
2515 2825 2676 2876 Antv.

227 2914 350 2961 1746.
394 2911 592 2977 proleg.
645 2930 695 2979 p.
734 2915 817 2962 34.
842 2899 896 2961 ἐ.
946 2916 999 2961 et
1046 2911 1320 2976 Lagarde,
1358 2911 1607 2961 Anmerk.
1646 2928 1692 2960 z.
1730 2928 1805 2976 gr.
1844 2912 1980 2960 Ueb.
2019 2911 2112 2961 der
2145 2912 2400 2962 Proverb.
2449 2929 2500 2977 p.
2540 2914 2587 2961 5.
2627 2928 2668 2963 s.

226 2997 258 3063 ⁴)
288 2999 325 3047 A
358 2999 551 3063 puriori
594 3004 836 3049 s‘ermone
876 3014 1067 3064 graeco
1104 2998 1263 3065 longe
1296 2998 1456 3048 distat
1486 2997 1918 3061 Psalterium3
1955 2999 2144 3048 maiori
2164 2998 2221 3047 in
2243 3000 2400 3063 copia
2425 3014 2489 3047 ac
2514 2999 2678 3049 ceteri

229 3086 353 3135 Libri
398 3084 647 3135 didactiei
686 3114 748 3122 -
788 3085 965 3135 demto
1002 3084 1143 3135 Jobo
1183 3085 1232 3134 d.
1271 3103 1321 3151 q.
1360 3102 1411 3134 v.
1449 3086 1515 3134 H.
1554 3086 1619 3134 V.
1655 3085 1718 3134 Τ.
1756 3102 1806 3149 p.
1847 3086 1964 3134 328.
2004 3114 2068 3121 —
2106 3084 2319 3136 laborat
2364 3085 2677 3136 defectibus.

229 3170 295 3220 Cf.
318 3173 394 3221 W.
420 3172 598 3235 Smits‚
635 3172 955 3223 Psalterium
992 3172 1267 3238 vulgatum
1306 3172 1496 3222 elucid.
1534 3172 1692 3221 Ant-ir.
1722 3173 1871 3223 1744.
1908 3172 1951 3221 1.
1978 3172 2109 3237 prol.
2136 3190 2186 3237 p.
2213 3174 2294 3223 58.
2321 3188 2362 3221 s.
2409 3174 2678 3239 Interpres

226 3258 449 3323 imprimis
484 3259 853 3309 Ecclesiastae
889 3260 1109 3309 nimium
1134 3274 1316 3324 presse
1342 3260 1581 3324 sequitur
1616 3260 1784 3309 verba
1819 3258 2087 3309 Hebraea.
2139 3260 2204 3309 In
2241 3259 2374 3309 libro
2410 3259 2541 3311 Jobi
2563 3261 2678 3311 red-

229 3345 373 3395 dendo
397 3352 449 3395 et
470 3350 688 3412 propter
724 3346 981 3397 sermonis
1007 3345 1391 3406 difficultatem,
1420 3350 1474 3395 et
1497 3351 1714 3411 propter
1748 3346 2112 3411 imperfectam
2145 3346 2363 3411 linguae
2395 3347 2679 3397 hebraicae

228 3432 436 3481 notitiam
470 3433 712 3498 aliasque
750 3446 966 3494 causas,
1011 3433 1270 3497 interpres
1319 3432 1704 3496 additionibus,
1755 3434 2157 3495 omissionibu8‚
2211 3435 2476 3499 perversis
2513 3435 2678 3500 expli-

230 3518 493 3570 cationibus
542 3520 775 3568 maxim'a
820 3518 1043 3569 licentia
1090 3534 1303 3569 sensum
1353 3519 1626 3585 archetypi
1678 3522 2036 3569 commutavit.
2100 3521 2369 3570 Vertendo
2416 3522 2679 3587 interpres

231 3604 521 3654 Graecorum
558 3610 838 3671 poetarum
868 3605 1013 3655 haud
1039 3605 1250 3670 hospes,
1288 3605 1344 3654 id
1376 3606 1706 3671 potissimum
1739 3606 1981 3670 attendit,
2011 3612 2074 3656 ut
2099 3622 2256 3673 quam
2292 3608 2681 3673 elegantissime

236 3692 472 3743 scriberet.
518 3694 789 3758 Perquam
826 3694 1065 3758 exiguae,
1106 3692 1191 3742 vel
1229 3694 1442 3744 omnino
1478 3694 1716 3743 incertae
1755 3699 1836 3743 est
1869 3693 2113 3743 utilitatis
2149 3695 2205 3743 in
2243 3695 2456 3744 Critica.
2507 3694 2587 3743 cf.
2619 3694 2680 3743 A.

232 3777 281 3825 L.
315 3778 369 3827 G.
403 3779 591 3843 Krehl,
644 3778 866 3829 Observ.
916 3779 987 3829 ad
1033 3780 1251 3845 interpr.
1298 3794 1519 3844 graecos
1569 3795 1633 3829 ac
1682 3780 1773 3829 lat.
1811 3786 2020 3831 veteres
2069 3780 2131 3830 L.
2171 3781 2295 3831 Job.
2343 3781 2489 3846 Lips.
2531 3782 2681 3830 1834.

236 3862 285 3912 G.
318 3865 527 3927 Biekell,
582 3866 647 3915 de
685 3865 864 3915 indole
902 3881 965 3915 ac
1006 3869 1213 3915 ratione
1251 3852 1507 3917 versionis
1543 3865 1939 3915 Alexandrinae
1981 3868 2036 3916 in
2084 3867 2481 3932 interpretando
2517 3867 2681 3917 Libro

235 3950 354 3999 Jobi.
388 3952 655 4018 Marburg.
693 3954 841 4003 1863.
874 3970 924 4018 p.
954 3955 1034 4002 11.
1062 3970 1103 4003 s.
1168 3954 1207 4017 5)
1243 3954 1481 4018 Apparet
1515 3953 1569 4001 id
1606 3969 1635 4002 e
1674 3954 1931 4003 sermonis
1969 3953 2291 4016 diversitate,
2329 3954 2581 4018 imprimis
2619 3969 2684 4002 ex

235 4052 297 4098 eo,
331 4038 463 4102 quod
499 4038 688 4089 eadem
725 4038 836 4089 fere
877 4040 934 4088 in
983 4039 1102 4089 aliis
1145 4038 1276 4089 locis
1313 4038 1563 4101 feliciter,
1613 4041 1668 4088 in
1718 4039 1839 4089 aliis
1890 4039 2250 4089 infelicissime
2300 4042 2682 4104 converterint,

235 4138 369 4189 saepe
402 4126 578 4190 potius
616 4139 830 4175 sensum
879 4127 1243 4176 contraxerint
1279 4141 1438 4191 qua-m
1472 4125 1857 4176 transtulerint.
1916 4126 2038 4175 Non
2076 4142 2259 4176 omnes
2297 4126 2477 4176 diserti
2514 4142 2683 4191 aeque

236 4210 433 4274 fuerunt,
468 4212 566 4263 sed
601 4212 693 4261 alii
730 4212 847 4262 aliis
878 4214 1153 4279 peritiores
1192 4217 1245 4262 et
1281 4213 1571 4263 doctiores:
1609 4214 1976 4278 Principatum
2018 4214 2157 4262 inter
2192 4212 2288 4262 hos
2323 4218 2471 4263 tenet
2504 4212 2704 4263 Amosi'

238 4302 279 4345 et
296 4298 577 4369 Ezechielis
612 4300 891 4365 interpres,
929 4301 1221 4365 imperitior
1252 4306 1334 4351 est
1369 4302 1415 4352 is
1454 4300 1716 4362 Obadiae,
1755 4306 1967 4365 praeter
1993 4306 2198 4351 eeteros
2235 4304 2410 4350 autem
2447 4300 2685 4349 Jesaiam

239 4389 421 4433 nactum
457 4400 574 4435 esse
612 4387 953 4452 interpretem
989 4402 1107 4436 sese
1143 4386 1415 4451 indignum
1454 4402 1637 4437 omnes
1681 4387 1931 4437 fatentur.
1990 4386 2255 4437 Jeremiae
2292 4388 2551 4452 interpres
2587 4402 2687 4436 nec

240 4466 351 4520 fidus
384 4487 479 4521 nec
504 4473 680 4522 bonus
706 4473 813 4522 dici
850 4477 1040 4539 potest,
1077 4474 1277 4539 ubique
1313 4475 1629 4540 imperitiam
1669 4479 1721 4525 et
1757 4473 2037 4523 audaciam
2073 4472 2382 4539 praesefert.
2431 4472 2510 4523 cf.
2549 4474 2687 4523 Hist.

240 4555 288 4602 R.
310 4556 368 4605 D.
390 4558 450 4608 V.
474 4560 536 4608 Τ.
562 4571 614 4625 p.
642 4561 759 4609 444.
792 4576 832 4609 s.
880 4558 1124 4610 Danielis
1161 4568 1288 4609 v‘ero
1327 4562 1501 4610 versio
1526 4560 1944 4611 tot'abundabat
1979 4562 2141 4621 vitiis,
2179 4564 2239 4609 ut
2261 4560 2512 4609 Ecclesia
2544 4560 2688 4609 illius

242 4640 341 4691 loeo
372 4660 467 4695 usa
501 4645 661 4696 fuerit
696 4648 941 4697 versione
977 4646 1360 4697 Theodotionis
1396 4647 1459 4695 L.
1498 4648 1567 4696 H.
1604 4648 1667 4696 R.
1707 4649 1773 4697 D.
1815 4649 1875 4697 V.
1912 4649 1974 4697 Τ.
2011 4666 2062 4714 p.
2100 4650 2218 4698 488.
2257 4664 2298 4697 s.

2281 4734 2379 4785 11*
