3309 5300
984 395 1048 436 De
1074 394 1201 436 libris
1228 396 1487 447 apocryphis
1514 396 1626 438 Novi
1652 396 1939 438 Testamenti.
2627 385 2710 449 83

288 678 341 756 ἓ.
384 677 486 742 30.
556 673 889 756 Πράξεις
936 676 1407 738 Ἀποστόλων
1453 675 2072 759 supposititiae
2119 675 2651 762 spuriaeque

1238 785 1695 874 epistolae.

423 981 679 1040 Praeter
728 983 1056 1057 Evangelia
1112 981 1393 1041 exstitere
1451 981 1572 1040 iam
1630 981 1776 1040 olim
1826 982 2034 1041 etiam:
2089 976 2350 1060 ,Πράξεις
2407 979 2469 1040 δὲ
2524 980 2710 1054 ἄλλας

235 1082 477 1144 καλοῦσιν
520 1082 883 1143 Ἀποστόλων
942 1077 1079 1144 εἶναι
1103 1085 1153 1157 ¹;
1202 1106 1304 1145 seu
1348 1092 1479 1145 acta
1518 1086 1690 1146 varia
1740 1087 2036 1162 Apostolis
2081 1092 2142 1144 et
2180 1087 2332 1147 viris
2379 1089 2710 1164 apostolicis

238 1213 268 1250 a
292 1190 585 1249 veteribus
626 1190 886 1249 falsariis
928 1191 1243 1268 supposita,
1276 1192 1373 1250 vel
1402 1212 1438 1250 a
1468 1192 1821 1253 Christianis
1851 1191 2114 1264 conficta,
2155 1211 2479 1270 numquam
2510 1198 2712 1252 tamen

234 1298 291 1354 in
316 1295 609 1352 Canonem
642 1295 704 1354 S.
724 1296 784 1353 S.
811 1297 1063 1354 admissa
1081 1292 1122 1351 2.
1167 1295 1409 1354 Etenim
1445 1297 1517 1353 de
1547 1296 1606 1354 S.
1631 1296 1798 1354 Petri
1829 1297 2064 1371 scriptis
2093 1297 2350 1354 referens
2377 1297 2666 1366 Eusebius
2686 1296 2710 1335 3

234 1399 421 1458 tradit:
456 1399 736 1470 ,Librum
767 1420 906 1459 vero
935 1400 1040 1478 qui
1070 1403 1257 1458 Actus
1290 1402 1455 1458 Petri
1496 1401 1734 1472 dicitur,
1778 1405 1838 1458 et
1866 1400 2258 1476 Evangelium
2300 1402 2425 1458 eius
2471 1403 2708 1459 nomine

232 1503 583 1579 inscriptum,
620 1505 1091 1568 Praedicationes
1122 1523 1353 1582 quoque
1383 1509 1443 1562 et
1463 1505 1865 1565 Revelationis
1896 1506 2155 1562 eiusdem
2177 1504 2358 1563 libros
2382 1525 2484 1581 pro
2509 1506 2706 1563 catho-

232 1607 342 1666 licis
369 1606 605 1683 scriptis
638 1628 958 1687 numquam
989 1628 1109 1666 esse
1137 1611 1368 1667 habitos
1400 1613 1650 1680 constat3
1685 1610 2153 1687 quandoquidem
2187 1628 2295 1666 nec
2316 1611 2709 1668 vetustiorum

234 1713 537 1790 quisquam,
594 1732 705 1770 nec
753 1713 1148 1771 recentiorum
1196 1713 1487 1772 Ecclesiae
1539 1714 1920 1790 scriptorum,
1977 1714 2238 1771 desumto
2291 1733 2367 1770 ex
2415 1715 2490 1770 iis
2534 1713 2707 1773 libris

235 1815 547 1875 testimonio
572 1837 715 1876 usus
736 1818 898 1876 faits
932 1818 1034 1875 Uti
1066 1822 1266 1876 sancto
1288 1819 1462 1875 Petro
1478 1816 1520 1890 4,
1547 1818 1636 1876 ita
1657 1823 1717 1876 et
1737 1818 1875 1877 divo
1897 1818 2078 1875 Paulo
2103 1817 2322 1894 partim
2344 1819 2474 1876 dolo
2499 1819 2700 1875 haere-

236 1924 483 1992 ticorum,
515 1921 745 1996 partim
774 1923 876 1997 pia
890 1920 915 1954 ⁵
942 1923 1310 2000 quorundam
1334 1922 1805 1980 Christianorum
1832 1923 2057 1993 fraude,
2092 1925 2278 1979 Actus
2307 1922 2706 1980 inscribeban-

236 2033 337 2082 tur.
387 2025 715 2102 Ecquidem
752 2027 909 2083 idem
937 2026 1226 2085 Eusebius
1248 2024 1273 2064 ⁶
1315 2027 1545 2104 inquit:
1586 2029 1723 2098 ,Pro
1752 2027 1989 2102 spuriis,
2037 2027 2293 2085 habendi
2336 2031 2477 2083 sunt
2522 2028 2706 2083 Actus

237 2128 433 2187 Pauli.‘
492 2131 679 2206 Apud
709 2129 1009 2188 Gelasium
1052 2130 1221 2188 nulla
1264 2131 1478 2188 horum
1514 2132 1799 2188 Actorum
1828 2131 2000 2188 Pauli
2038 2130 2110 2187 fit
2147 2130 2389 2206 menti0,
2437 2131 2709 2208 quamvis

234 2233 321 2290 ille
361 2235 567 2304 ‚Actus
622 2233 892 2292 Theclae‘
943 2239 1003 2292 et
1051 2234 1265 2305 ‚Pauli‘
1321 2235 1674 2312 apocryphis
1726 2240 2043 2292 accenseat.
2119 2234 2196 2290 In
2249 2235 2665 2293 Stichometria
2685 2231 2708 2272 ⁷

234 2338 401 2395 latina
430 2338 577 2394 satis
608 2339 855 2416 antiqua
876 2335 901 2376 ⁸
929 2338 1089 2397 inter
1118 2338 1451 2415 Scripturas
1481 2339 1686 2397 Sacras
1717 2339 2096 2416 reperiuntur
2126 2342 2370 2410 ,Actus
2400 2338 2631 2397 Pauli‘
2655 2337 2704 2408 93

234 2461 263 2498 a
294 2441 497 2519 quibus
545 2443 787 2501 omnino
832 2441 1250 2518 distinguenda
1292 2445 1547 2504 veniunt
1589 2445 1925 2522 apocrypha
1969 2448 2102 2502 acta
2141 2442 2326 2528 Pauli
2349 2448 2409 2501 et
2436 2443 2704 2515 Theclae,

357 2659 393 2724 ι)
440 2659 606 2709 'Peste
658 2660 706 2708 d.
750 2658 1082 2724 Epiphanio,
1133 2659 1277 2709 haer.
1326 2659 1502 2723 XXX,
1557 2662 1637 2709 16.
1689 2677 1741 2725 p.
1793 2661 1907 2709 140.
1981 2658 2023 2724 ²)
2079 2657 2160 2708 Of.
2211 2658 2262 2708 S.
2301 2658 2572 2709 Philastrii
2622 2674 2704 2723 ep.

233 2746 463 2809 Brixiani,
498 2745 537 2795 l.
566 2746 633 2795 de
658 2746 863 2795 haeres.
888 2762 941 2796 n.
968 2748 1051 2796 60.
1079 2746 1161 2796 ed.
1188 2745 1435 2797 Galland.
1460 2746 1581 2809 VII,
1608 2748 1726 2796 494.
1777 2745 1830 2795 S.
1850 2746 2041 2797 Isidori
2063 2744 2386 2807 Pelusiotae,
2415 2761 2498 2810 ep.
2522 2745 2594 2807 II,
2621 2746 2704 2794 99.

234 2848 276 2897 p.
310 2834 419 2882 543.
492 2832 535 2896 ³)
574 2833 645 2882 Η.
670 2832 735 2881 Ε.
761 2832 859 2895 ΠΙ,
898 2834 945 2882 3.
983 2849 1034 2898 p.
1072 2834 1153 2881 72.
1228 2832 1269 2897 ⁴)
1307 2834 1369 2884 V.
1411 2849 1455 2882 e.
1495 2833 1544 2883 d.
1579 2834 1909 2898 Hieronymi,
1950 2832 2016 2882 de
2043 2833 2150 2882 Vir.
2188 2832 2264 2882 ill.
2293 2848 2337 2882 c.
2363 2832 2406 2881 I.
2434 2832 2517 2881 ed.
2542 2831 2704 2881 Fabr.

234 2936 277 2983 p.
312 2921 385 2968 19.
455 2919 498 2983 ⁵)
550 2920 627 2968 Ut
672 2918 834 2984 vulgo
886 2919 1096 2969 dicitur.
1170 2918 1210 2983 ⁶)
1258 2919 1327 2969 Η.
1364 2919 1431 2969 Ε.
1466 2920 1565 2982 ΠΙ,
1603 2922 1688 2969 25.
1736 2936 1789 2985 p.
1827 2921 1911 2969 97.
1986 2918 2028 2984 ⁷)
2079 2914 2431 2987 Στιχομετρίαν
2480 2918 2704 2968 dicimus

236 3005 506 3069 elenchum,
548 3020 688 3070 quae
726 3001 943 3074 στίχους,
980 3006 1014 3055 i.
1041 3021 1085 3055 e.
1122 3006 1355 3056 minores
1405 3006 1773 3056 distinctiones
1812 3006 1925 3056 sive
1968 3006 2259 3071 particulas
2295 3006 2498 3055 Textus
2537 3004 2705 3067 Sacri,

236 3091 361 3156 quod
384 3092 450 3141 ad
474 3107 756 3141 numerum
793 3093 995 3154 attinet,
1031 3094 1300 3158 proponit.
1352 3091 1433 3143 cf.
1458 3093 1631 3156 Millii,
1669 3092 1871 3158 proleg.
1897 3110 1948 3158 p.
1975 3094 2058 3143 90.
2086 3109 2128 3143 s.
2165 3093 2465 3155 Wetstenii,
2502 3090 2704 3157 proleg.

236 3194 279 3243 p.
315 3180 390 3228 74.
436 3178 557 3230 Mos
595 3183 713 3228 erat
747 3180 1043 3245 antiquitus
1079 3196 1176 3245 per
1210 3175 1411 3249 στίχους
1450 3181 1707 3230 orationis
1745 3185 1924 3245 partes
1972 3179 2315 3244 distinguere,
2361 3180 2438 3228 ita
2475 3177 2704 3243 quidem,

233 3269 285 3313 ut
314 3266 365 3313 in
398 3267 561 3314 unica
596 3280 759 3331 saepe
806 3266 1025 3331 periodo
1062 3271 1194 3329 tres,
1244 3272 1497 3332 quatuor,
1546 3267 1653 3316 imo
1693 3267 1930 3332 quinque
1969 3270 2022 3315 et
2058 3280 2152 3315 sex
2189 3269 2284 3314 aut
2318 3264 2500 3330 plures
2539 3260 2704 3333 στίχοι

235 3358 635 3403 numerarentur.
696 3353 902 3404 Horum
941 3353 1185 3419 exempla
1220 3370 1387 3419 prope
1423 3354 1702 3403 innumera
1739 3358 1864 3403 sunt
1897 3354 1953 3402 in
1991 3352 2266 3403 codicibus
2313 3352 2524 3401 biblicis
2561 3367 2703 3413 mss„

234 3453 340 3487 nam
386 3439 629 3505 plerique
678 3456 889 3503 omnes,
941 3442 1031 3505 qui
1080 3440 1306 3491 alicuius
1354 3442 1634 3491 vetustatis
1685 3445 1834 3502 sunt,
1885 3441 1942 3489 in
1995 3440 2142 3489 calce
2193 3435 2379 3508 στίχων
2428 3454 2706 3488 numerum

235 3526 545 3590 consignant.
600 3528 665 3576 V.
702 3528 862 3577 Bern.
901 3527 967 3576 de
1004 3527 1368 3589 Montfaucon,
1407 3528 1892 3593 Palaeographiam
1927 3541 2192 3592 graecam.
2230 3527 2351 3575 Par.
2392 3527 2541 3575 1708.
2578 3526 2621 3587 Ι,
2654 3527 2704 3573 4.

235 3627 278 3675 p.
304 3613 379 3660 28.
404 3627 444 3661 s.
506 3612 547 3677 ⁸)
586 3612 760 3673 Quam
795 3614 851 3662 in
888 3612 1090 3679 proleg.
1128 3614 1197 3663 ad
1234 3614 1466 3665 Bar-nab.
1506 3630 1589 3679 ep.
1628 3613 1794 3664 edidit
1829 3614 1880 3664 J.
1916 3614 1980 3664 B.
2019 3612 2333 3675 cotelerius,
2370 3613 2412 3675 Ι,
2441 3615 2490 3663 8.
2551 3612 2592 3677 9)
2629 3613 2704 3661 Iis

236 3698 589 3749 adscribuntur
634 3715 821 3751 versus
859 3701 1011 3750 4560.
1072 3700 1228 3750 Unde
1274 3705 1423 3765 patet
1459 3702 1686 3750 maiores
1734 3700 1900 3751 fuisse
1934 3700 2082 3751 Actis
2119 3698 2496 3766 Apostolorum
2545 3714 2704 3749 cano·

236 3784 365 3847 uicis,
412 3786 607 3851 quibus
658 3787 729 3837 ib.
778 3787 1082 3836 tribuuntur
1116 3803 1167 3837 v.
1208 3789 1359 3837 2200.
1421 3787 1519 3838 Ast
1564 3804 1721 3837 nemo
1757 3788 2010 3837 Veterum
2050 3787 2220 3837 Actus
2255 3788 2404 3836 Petri
2453 3802 2704 3851 expresse

239 3872 414 3934 citavit,
463 3878 679 3938 praeter
726 3873 1029 3938 origenem,
1082 3874 1140 3922 in
1178 3874 1386 3939 Evang.
1422 3874 1618 3924 Joann.
1656 3874 1773 3937 XX,
1825 3876 1906 3924 12.
1945 3874 2028 3924 ed.
2065 3874 2269 3923 Lomm.
2306 3873 2375 3936 11,
2413 3876 2559 3937 222.;
2614 3873 2708 3922 ubi

234 3957 491 4009 Pei-ionius
546 3959 832 4025 legendum
887 3961 1149 4025 praecipit
1196 3956 1281 4021 ,,ἐν
1328 3960 1433 4019 ταῖς
1481 3958 1669 4027 Πέτρου
1721 3956 1984 4027 πράξεσιν“
2000 3996 2015 4022 ,
2071 3961 2314 4026 quamvis
2363 3961 2422 4009 in
2470 3960 2705 4024 'vulgatis

238 4044 515 4095 codicibus:
568 4042 770 4095 Παύλου
806 4046 1032 4111 legatur.
1094 4048 1293 4096 Verum
1330 4048 1490 4097 etiam
1528 4064 1593 4097 ex
1628 4047 1737 4097 illis
1773 4046 1930 4097 Pauli
1978 4047 2112 4119 nihil
2149 4047 2406 4096 habemus
2443 4046 2704 4111 reliquum

236 4130 395 4181 demto
430 4133 589 4182 unico
628 4134 941 4183 brevissimo
977 4134 1302 4199 fragment03
1358 4134 1502 4200 quod
1536 4136 1593 4183 in
1626 4133 1809 4184 Rufini
1844 4135 2282 4199 interpretatione
2321 4133 2353 4183 l.
2389 4130 2500 4201 περὶ
2537 4128 2705 4201 ἀρχῶν

236 4215 271 4265 Ι.
304 4219 349 4280 2,
384 4220 432 4267 3.
480 4218 564 4269 ed.
603 4221 807 4269 Lomm.
844 4220 989 4282 XXI,
1026 4222 1110 4270 46.
1160 4220 1405 4271 habetur.
1477 4222 1695 4271 Diversi
1743 4225 1896 4270 erant
1944 4221 2000 4270 hi
2037 4221 2202 4271 Actus
2251 4221 2395 4271 Petri
2447 4225 2500 4270 et
2534 4220 2705 4282 Pauli,

238 4320 353 4368 quos
388 4306 483 4355 sub
522 4308 736 4357 nomine
776 4303 1011 4373 ,,Πράξεις
1048 4306 1146 4356 τῶν
1185 4302 1339 4375 ἁγίων
1376 4302 1666 4358 ἀποστόλων
1695 4305 1882 4375 Πέτρου
1919 4304 2001 4357 καὶ
2035 4304 2273 4357 Παύλουόί
2310 4307 2550 4372 vulgavit
2584 4312 2708 4371 post

237 4388 287 4439 G.
318 4391 603 4455 Lascarim,
655 4394 1039 4459 Placidumque
1088 4394 1293 4458 Reyna,
1342 4395 1395 4444 J.
1434 4393 1493 4444 C.
1533 4393 1706 4457 Thilo,
1757 4395 1896 4444 Acta
1934 4394 1986 4444 S.
2027 4394 2078 4444 S.
2117 4395 2216 4460 Ap.
2266 4395 2412 4443 Petri
2463 4400 2516 4443 et
2551 4393 2708 4443 Pauli

236 4491 407 4539 graece
453 4494 519 4528 ex
569 4479 688 4529 cod.
725 4480 847 4530 Par.
893 4485 948 4529 et
981 4480 1072 4530 lat.
1124 4497 1188 4530 ex
1226 4480 1342 4530 cod.
1394 4481 1723 4547 Guelferbyt.
1763 4486 1947 4531 annot.
1985 4480 2057 4531 ill.
2107 4481 2262 4530 Halis
2301 4480 2424 4531 Sax.
2465 4481 2617 4530 1837.
2655 4481 2704 4529 8.

237 4568 375 4628 atque
414 4565 469 4614 O.
507 4566 877 4628 Tischendorf,
917 4568 1054 4616 Acta
1092 4566 1469 4629 Apostolorum
1507 4583 1688 4632 apocr.
1729 4568 1874 4633 Lips.
1915 4570 2066 4617 1851.
2103 4584 2156 4632 p.
2197 4571 2242 4616 1.
2280 4584 2322 4617 s.

706 4648 711 4653 .
2135 4651 2147 4661 ,
2328 4653 2394 4702 6*
