3309 5300
550 431 641 494 88
1175 443 1412 484 Commeat.
1442 443 1495 482 de
1514 443 1556 484 S.
1578 443 1790 492 Scriptur.
1811 454 1901 493 cap.
1924 443 2046 493 prim.
2069 443 2178 483 sect.
2207 443 2263 482 ΙΙ.
2285 441 2422 483 addit.

563 622 719 680 nihil
749 624 819 680 de
849 626 1037 680 morte
1067 622 1136 679 B.
1168 623 1251 680 M.
1286 623 1357 680 V.
1402 623 1714 699 scripsisse,
1761 624 1975 680 diserte
2024 626 2276 680 testatur
2320 623 2597 699 antiquus
2637 621 2742 678 ille
2781 622 3072 696 scriptor,

562 729 665 805 qui
694 728 803 784 sub
838 727 1075 785 nomine
1106 747 1153 785 s.
1184 726 1508 801 Augustini
1550 728 1698 784 latet
1720 723 1757 798 ¹,
1802 727 2108 805 inquiens:
2155 728 2273 798 ‚sed
2317 726 2461 804 quid
2491 728 2560 784 de
2593 727 2704 797 his,
2739 727 2809 782 de
2840 725 3076 803 quibus

562 833 787 908 loquor,
824 832 1041 902 dicam3
1092 850 1223 889 cum
1254 850 1359 888 nec
1404 833 1528 908 ipse
1558 831 1663 908 qui
1695 830 1848 889 hanc
1877 832 2102 906 accepit
2131 835 2268 890 ante
2299 849 2528 889 crucem
2557 831 2800 889 Domini
2832 829 2902 887 in
2935 847 3073 900 sua,

568 936 630 994 id
678 939 764 993 est
792 936 829 993 J
832 955 1045 994 oannes
1091 937 1161 992 de
1208 937 1319 994 hoc
1364 938 1611 1012 posteris
1658 935 1886 1013 aliquid
1935 937 2310 994 retinendum
2359 935 2594 1012 scriptis
2639 933 3074 994 mandaverit.‘

566 1040 788 1098 Tamen
838 1061 981 1100 aevo
1025 1041 1367 1117 cumprimis
1412 1040 1603 1098 medio
1642 1040 1794 1098 liber
1825 1042 1894 1098 de
1923 1041 2176 1100 transitu
2206 1041 2272 1098 Β.
2306 1043 2530 1099 Mariae
2575 1041 2683 1098 sub
2727 1061 2772 1098 s.
2805 1039 2846 1097 J
2848 1039 3078 1098 oannis

563 1146 801 1204 nomine
832 1145 1209 1217 circumlatus
1250 1145 1455 1203 multis
1504 1145 1728 1221 placuit
1745 1141 1801 1215 23
1849 1145 2118 1223 quamvis
2149 1144 2414 1203 Gelasius
2445 1146 2608 1220 Papa
2636 1163 2885 1202 censura
2917 1161 3068 1201 con-

562 1249 789 1307 fixerit:
845 1250 1101 1322 ‚librum‚
1137 1251 1239 1328 qui
1273 1249 1605 1326 adpellatur
1636 1252 1922 1307 transitus
1951 1249 2010 1306 S.
2042 1250 2266 1306 Mariae
2298 1251 2717 1326 apocryphum‘
2739 1247 2781 1307 3.
2831 1249 3070 1306 Pseud-

564 1354 882 1430 epigrapho
912 1375 957 1412 s.
974 1354 1011 1411 J
1013 1355 1217 1412 oannis
1248 1354 1522 1429 opusculo
1553 1354 1623 1410 de
1646 1353 1998 1411 dormitione
2023 1358 2082 1411 et
2105 1355 2460 1411 assumtione
2490 1351 2558 1411 B.
2584 1352 3072 1411 Dei-Genitricis

563 1459 857 1517 commode
888 1459 1159 1532 iungitur
1190 1457 1549 1535 apocalypsis
1579 1458 1871 1516 Pseudo-J
1872 1458 2077 1516 oannis
2103 1458 2324 1516 dudum
2348 1461 2420 1516 ab
2448 1457 2718 1515 omnibus
2749 1457 3009 1533 explosa
3025 1453 3073 1513 4.

565 1563 989 1640 Apocalypseos
1021 1563 1075 1620 d.
1101 1563 1238 1620 Bar
1250 1561 1645 1622 tholomaei
1674 1563 2008 1636 fragmenta
2036 1564 2319 1640 quaedam
2350 1564 2421 1619 ad
2454 1566 2678 1620 nostros
2707 1581 2898 1639 usque
2933 1561 3068 1618 dies

566 1667 953 1744 perstiterunt
974 1665 1015 1724 ⁵.
1094 1667 1363 1745 Denique
1408 1666 1793 1744 Apocalypsis
1841 1687 1886 1725 s.
1935 1666 2216 1739 Thomae,
2273 1671 2332 1724 et
2376 1669 2431 1724 d.
2481 1666 2789 1742 Stephani,
2849 1669 3067 1742 proto-

565 1771 865 1848 martyris,
903 1747 1143 1829 damhat
1171 1772 1487 1829 Decretum
1518 1771 1894 1829 Gelasianum
1921 1769 1961 1828 6.

569 2014 719 2063 1854.
759 2012 930 2061 editus
966 2013 1181 2062 arabice
1217 2028 1282 2061 ex
1314 2028 1519 2063 recenS.
1555 2017 1608 2062 et
1640 2013 1859 2078 interpr.
1895 2012 1968 2061 M.
1996 2013 2210 2076 Engeri.
2274 2010 2552 2076 Syriacum
2587 2016 2790 2062 textum
2832 2011 3078 2077 duplicis

568 2100 780 2164 quidem
816 2101 1141 2148 recensionis
1178 2098 1420 2164 vulgavit
1454 2098 1601 2148 Will.
1639 2098 1867 2164 Wright,
1912 2100 1969 2148 in
2006 2098 2124 2163 eph.
2163 2115 2204 2148 s.
2243 2114 2288 2148 c.
2325 2099 2514 2148 Journ.
2555 2099 2614 2148 of
2645 2099 2698 2148 S.
2737 2099 2846 2149 Lit.
2887 2098 3079 2148 Lond.

569 2188 747 2250 1865.;
797 2190 851 2234 et
885 2187 941 2235 in
978 2185 1115 2235 libro
1154 2202 1311 2251 quem
1346 2187 1642 2252 inscripsit:
1695 2186 2092 2237 Contributions
2141 2190 2193 2235 to
2230 2185 2320 2234 the
2357 2185 2687 2250 apocryphal
2722 2185 2982 2236 literatur
3021 2187 3086 2235 of

568 2272 656 2322 the
693 2274 825 2322 New
861 2274 1187 2324 Testament.
1224 2272 1396 2322 Lond.
1437 2273 1590 2322 1865.
1648 2271 1912 2322 Graecum
1957 2276 2159 2321 textum
2197 2271 2454 2321 consultis
2501 2271 2745 2337 pluribus
2783 2271 3080 2322 codicibus

570 2359 739 2409 edidit
776 2359 835 2409 G.
862 2359 1229 2421 Tischendorf,
1259 2359 1481 2425 Apocal.
1521 2373 1702 2425 apocr.
1739 2377 1791 2424 Ρ.
1820 2361 1902 2409 95.
1929 2377 1970 2410 s.
2010 2358 2293 2408 Sahidicae
2330 2359 2784 2424 interpretationis
2823 2361 3082 2410 meminit

571 2446 634 2496 G.
674 2447 869 2511 Zoega‚
911 2444 1201 2512 Catalogus
1240 2445 1369 2496 Cod.
1410 2445 1755 2510 Copticorum
1789 2446 2196 2511 Borgianorum.
2232 2445 2383 2495 Rom.
2413 2447 2565 2495 1810.
2603 2462 2654 2494 n.
2683 2448 2799 2496 120.
2835 2464 2890 2512 p.
2920 2449 3078 2509 223.;

570 2533 729 2582 vertit
763 2532 867 2582 Ed.
904 2532 1210 2595 Dulaurier,
1261 2533 1525 2598 fragment
1570 2531 1664 2581 des
1711 2529 2033 2581 revelations
2080 2547 2258 2597 apocr.
2298 2531 2364 2580 de
2402 2549 2444 2582 s.
2481 2531 2666 2582 Barth.
2704 2536 2804 2582 etc.
2845 2533 2992 2583 trad.
3033 2549 3078 2583 s.

568 2619 602 2671 l.
640 2623 813 2671 textes
853 2617 1271 2685 Coptethebains
1308 2618 1447 2670 ined.
1484 2621 1607 2669 Par.
1649 2620 1801 2670 1835.
1840 2636 1889 2685 p.
1928 2621 2012 2669 20.
2051 2635 2092 2670 s.

782 2708 819 2773 1)
857 2708 921 2756 111
958 2722 1079 2772 app.
1120 2723 1273 2757 serm.
1312 2708 1429 2769 208,
1470 2709 1517 2755 3.
1555 2724 1607 2771 p.
1646 2708 1766 2756 344.
1839 2706 1879 2773 2)
1918 2706 2170 2755 Latinum
2207 2722 2419 2773 quoque
2465 2706 2691 2757 habetur
2727 2708 2793 2757 de
2833 2710 3080 2758 transitu

569 2796 631 2844 B.
668 2795 873 2844 Mariae
908 2794 971 2843 V.
1011 2793 1390 2859 apocryphum,
1442 2794 1587 2859 quod
1631 2794 1776 2859 typis
1813 2793 2136 2858 descriptum
2181 2796 2458 2859 reperitur,
2506 2796 2562 2843 in
2599 2795 2856 2857 Biblioth,
2907 2796 2973 2845 P.
3015 2797 3078 2844 P.

570 2881 815 2947 Lugdun.
856 2882 1005 2931 1677.
1043 2881 1112 2930 ΙΙ.
1146 2883 1192 2943 2,
1222 2882 1338 2929 298.
1366 2895 1477 2945 seq.
1514 2879 1565 2929 h.
1600 2884 1667 2929 t.:
1709 2880 2010 2941 „Melitonis
2047 2880 2376 2931 Sardicensis
2415 2882 2516 2947 Ep.
2553 2882 2689 2931 liber
2725 2882 2791 2931 de
2833 2883 3079 2932 transitu

570 2968 621 3016 b.
658 2968 941 3031 Virginis.“
998 2967 1081 3016 Ad
1118 2967 1319 3017 saeculi
1358 2968 1578 3032 quarti
1614 2968 1812 3015 finem
1847 2967 2056 3016 natales
2094 2967 2432 3033 apocryphae
2469 2970 2792 3019 narrationis
2833 2966 2943 3029 ,,εἰς
2983 2967 3074 3033 τήν

570 3049 795 3119 κοίμησιν
830 3054 915 3116 τῆς
953 3050 1215 3121 ὗπεραγίας
1259 3050 1565 3117 δεσποίνηςίι,
1608 3069 1717 3103 11011
1762 3055 2022 3103 immerito
2060 3054 2240 3103 retulit
2286 3054 2349 3104 G.
2385 3055 2613 3118 Bickell,
2662 3057 2719 3104 in
2756 3070 2885 3105 ann.
2929 3056 3078 3105 Tfib.

572 3140 755 3200 Quart.
798 3141 946 3189 1866.
984 3156 1035 3204 Ρ.
1074 3141 1191 3189 472.
1266 3140 1305 3205 3)
1354 3142 1436 3189 De
1475 3140 1579 3189 hoc
1615 3139 1874 3205 opusculo
1912 3141 2121 3189 interim
2158 3141 2328 3205 fusius
2366 3148 2582 3207 perorat
2616 3144 2676 3191 P.
2714 3144 3072 3204 LambeciUS‚

574 3227 703 3275 diar.
755 3224 806 3275 S.
844 3227 1049 3275 itineris
1098 3225 1375 3289 Cellensis,
1415 3227 1535 3276 add.
1585 3227 1771 3276 Prodr.
1807 3227 1947 3276 Hist.
1997 3227 2163 3276 Liter.
2200 3229 2347 3293 Lips.
2389 3231 2538 3278 1710.
2576 3246 2627 3294 p.
2667 3232 2745 3280 33.
2788 3246 2833 3279 s.
2901 3230 2989 3280 Cf.
3031 3247 3076 3279 e.

573 3312 771 3362 Comm.
795 3313 860 3361 de
878 3314 1016 3362 Bibl.
1038 3314 1266 3363 Vindob.
1287 3314 1432 3377 VIII,
1454 3316 1571 3364 404.
1607 3313 1908 3375 Fabricius,
1935 3313 1968 3363 l.
1991 3330 2034 3363 c.
2055 3314 2151 3376 ΙΙΙ,
2173 3316 2290 3364 533.
2327 3315 2628 3365 Alexander
2650 3316 2880 3379 Natalis,
2907 3316 2984 3365 H.
3007 3316 3076 3365 E.

571 3399 669 3461 ΙΙΙ,
709 3400 825 3449 298.
865 3416 905 3449 s.
966 3400 1079 3449 Nic.
1119 3400 1169 3449 le
1205 3400 1432 3465 Nourry‚
1471 3390 1607 3466 A‘pp.
1646 3400 1716 3450 ad
1750 3400 1890 3450 Bibl.
1927 3402 1987 3449 P.
2015 3402 2084 3451 .P.
2120 3402 2242 3451 Par.
2284 3405 2433 3452 1703.
2471 3403 2513 3465 Ι,
2550 3405 2668 3453 556.
2695 3420 2736 3453 s.
2788 3402 2852 3451 C.
2891 3402 3076 3465 Thilo,

571 3487 709 3536 Acta
745 3501 785 3535 s.
812 3485 1049 3536 Thomae
1074 3487 1240 3552 praef.
1266 3504 1318 3553 p.
1350 3490 1431 3538 16.
1456 3503 1498 3537 s·
1547 3489 1742 3538 Exstat
1776 3489 1985 3537 interim
2012 3488 2098 3538 hic
2135 3488 2272 3538 liber
2306 3490 2362 3538 in
2397 3490 2557 3539 unico
2597 3490 2781 3539 codice
2809 3490 3075 3551 Arabic0,

574 3589 730 3638 quem
752 3589 781 3622 e
807 3573 983 3638 legato
1003 3573 1063 3622 A.
1087 3572 1319 3623 Scholzii
1343 3578 1489 3623 tenet
1511 3573 1849 3624 Bibliotheca
1867 3575 2242 3625 Universitatis
2267 3576 2598 3641 Bonnensis3
2628 3576 2842 3626 dicendi
2870 3593 3077 3642 genere

572 3660 737 3709 multo
776 3660 1037 3709 deteriore
1066 3675 1225 3725 quam
1254 3662 1309 3709 in
1334 3661 1555 3726 reliquis
1582 3661 1901 3727 apocryphis
1928 3664 2156 3712 arabicis
2183 3664 2408 3727 scriptus
2433 3663 2707 3728 reperitur.
2748 3663 2830 3712 Cf.
2859 3664 3072 3729 Enger,

574 3748 707 3813 prol.
734 3766 786 3813 p.
816 3750 897 3798 17.
949 3748 1097 3799 Idem
1136 3753 1318 3797 censet
1352 3748 1591 3797 libellum
1628 3747 1771 3797 hunc
1805 3765 1916 3798 non
1951 3749 2251 3798 immediate
2278 3766 2306 3799 e
2331 3764 2542 3814 graeco,
2581 3749 2677 3799 sed
2712 3750 2953 3799 mediate
2980 3767 3079 3816 per

575 3837 838 3900 syriacam
872 3836 1364 3900 interpretationem
1401 3836 1635 3897 fluxisse,
1675 3835 1893 3885 saeculo
1929 3836 2066 3885 forte
2105 3841 2358 3901 quarto.
2399 3837 2462 3885 V.
2505 3837 2587 3886 ed.
2625 3853 2671 3885 c.
2708 3855 2758 3903 p.
2801 3839 2850 3887 7.
2891 3843 2951 3887 et
2994 3840 3077 3888 14.

574 3924 616 3987 ⁴)
658 3923 920 3972 Graecum
976 3923 1087 3971 eius
1144 3922 1415 3988 exemplar
1441 3938 1492 3971 ·e
1539 3922 1653 3972 cod.
1703 3923 2148 3972 Palatino-Vatic.
2195 3940 2236 3973 s.
2286 3923 2429 3973 XIV.
2478 3923 2598 3973 coll.
2635 3925 2871 3975 Vindob.
2925 3926 3076 3991 typis

576 4009 805 4058 describi
854 4009 981 4058 fecit
1029 4009 1090 4058 A.
1136 4009 1323 4071 Birch,
1373 4009 1527 4058 Auct.
1575 4008 1708 4059 Cod.
1758 4009 1920 4059 Fabr.
1970 4009 2147 4059 Havn.
2199 4011 2370 4073 1804.;
2430 4010 2606 4060 denuo
2657 4012 2900 4077 quinque
2956 4012 3079 4061 cod.

576 4095 829 4145 adhibitis
886 4094 943 4143 C.
994 4094 1361 4157 Tischendorf,
1408 4095 1574 4160 Apoc.
1631 4110 1811 4160 apocr.
1858 4096 2042 4159 Mosis,
2097 4096 2321 4158 Esdrae‚
2376 4095 2547 4159 Pauli,
2597 4097 2885 4159 Johannis,
2946 4100 3081 4148 item

575 4182 779 4230 Mariae
830 4181 1036 4230 dormit.
1084 4181 1204 4230 add.
1242 4181 1449 4247 Evang.
1498 4187 1552 4231 et
1585 4182 1816 4231 Actuum
1866 4197 2046 4247 apocr.
2095 4182 2355 4249 supplem.
2406 4182 2544 4232 edid.
2597 4183 2655 4233 C.
2693 4184 3079 4235 Tischendorf.

562 4269 723 4333 Lips.
774 4270 925 4319 1866.
980 4284 1031 4333 p.
1088 4270 1168 4317 70.
1218 4284 1260 4318 s.
1334 4268 1374 4332 ⁵)
1414 4268 1627 4333 Lingua
1680 4268 1922 4319 sahidica
1977 4274 2198 4319 exarata
2249 4270 2587 4334 reperiuntur
2638 4272 2696 4319 in
2751 4271 2872 4321 cod.
2927 4272 3075 4321 Bibl.

574 4356 763 4417 Paris„
812 4354 954 4404 unde
1004 4368 1069 4403 ea
1105 4353 1268 4403 edidit
1302 4354 1369 4403 E.
1404 4354 1704 4404 Dulaurier—
1728 4355 1764 4404 1.
1803 4370 1848 4404 0.
1922 4353 1962 4421 ⁶)
1999 4355 2166 4405 Plura
2207 4354 2315 4405 alia
2351 4355 2406 4404 id
2443 4372 2612 4421 genus
2649 4358 2858 4422 scripta
2892 4375 2948 4407 v·
2990 4374 3079 4424 ap.

575 4442 879 4503 Hoffmann,
917 4442 971 4489 in
1007 4441 1250 4506 Herzogs
1286 4441 1349 4489 R.
1386 4441 1451 4490 E.
1488 4441 1609 4503 XII,
1648 4443 1767 4491 320.
1805 4456 1846 4492 s.
1908 4442 1986 4491 Le
2022 4442 2138 4504 Hir,
2190 4442 2268 4491 les
2304 4440 2674 4507 Apocalypses
2713 4444 3078 4511 apocryphes‚

576 4528 632 4575 in
666 4510 869 4576 Etudes
908 4527 1056 4593 relig.
1094 4527 1214 4577 hist.
1254 4532 1308 4577 et
1340 4527 1501 4577 litter.
1537 4529 1660 4577 Par.
1699 4530 1851 4577 1866.
1887 4528 2034 4577 Juin.
2072 4545 2124 4593 p.
2156 4531 2270 4578 190.
2297 4542 2340 4577 s.
2377 4529 2429 4578 J.
2455 4530 2698 4595 Langen,
2741 4530 2838 4581 das
2865 4531 3079 4581 Juden-

578 4614 724 4664 thum
757 4615 815 4663 in
850 4614 1127 4665 Palastina
1163 4630 1258 4663 zur
1295 4615 1411 4667 Zeit
1450 4614 1660 4667 Christi.
1697 4614 1875 4665 Freib.
1917 4616 2067 4665 1866.
2105 4632 2156 4683 Ρ.
2196 4616 2280 4665 84.
2319 4630 2360 4665 s.
