3309 5300
486 406 616 475 224
1198 418 1435 465 comment.
1464 417 1517 463 110
1544 420 1587 464 S.
1620 418 1783 475 script.
1811 429 1908 473 cap.
1937 434 2026 465 800.
2056 417 2188 465 tract.
2217 416 2274 463 11.

488 598 736 663 Summi
778 596 1162 680 Pontifices,
1228 619 1503 683 quorum
1548 598 1904 683 praecipue
1969 605 2094 679 est,
2159 618 2328 682 quae
2387 598 2456 661 in
2518 595 2988 662 oecumenicis

487 712 737 774 sancita
782 718 932 773 sunt
980 708 1287 774 Conciliis
1333 709 1419 773 ad
1466 710 1716 774 exitum
1759 708 2144 794 perducere,
2191 708 2279 775 ad
2307 708 2776 796 perficiendam
2807 708 2990 775 hanc

488 824 950 889 correctiorem
995 823 1347 888 editionem
1392 822 1772 888 adiecerunt
1815 824 2120 887 animum.

697 935 891 1001 Certe
935 935 1119 1000 Pius
1162 935 1279 999 IV.
1310 938 1331 979 1
1376 935 1459 999 de
1506 935 1772 1000 decreto
1822 934 2097 1000 Concilii
2143 934 2506 1001 Tridentini
2553 933 2988 1020 exsequendo

490 1048 759 1114 consilia
788 1049 990 1113 inivit.
1040 1048 1475 1113 Commiserat
1504 1047 1570 1113 S.
1591 1046 1957 1112 Bibliorum
1989 1047 2527 1133 corrigendorum
2555 1070 2790 1111 munus
2825 1046 2992 1111 Car-

490 1161 811 1226 dinalibus
874 1160 935 1226 J.
986 1161 1339 1244 Morone,
1410 1160 1473 1226 J.
1519 1160 1595 1224 B.
1647 1159 1906 1225 Scotti
1951 1162 2338 1243 tranensi,
2407 1159 2490 1225 A.
2538 1159 2850 1225 Amulio
2917 1166 2994 1221 et

490 1273 836 1339 Vitellio.
912 1275 1033 1339 Pii
1077 1273 1194 1362 IV.
1255 1275 1618 1338 institutum
1680 1283 1916 1361 agente
1984 1275 2360 1359 cumprimis
2443 1272 2615 1339 01111.
2665 1271 2988 1337 Sirleto

490 1386 683 1452 Card.
745 1396 1135 1474 prosecutus
1198 1396 1297 1451 est
1355 1388 1537 1451 Pius
1582 1386 1643 1451 h.
1691 1411 1755 1450 11.
1806 1387 1935 1451 V.2
1993 1386 2056 1452 A
2113 1386 2508 1471 Gregorio
2567 1386 2758 1449 XIII.
2822 1384 2990 1449 Vul-

488 1511 681 1586 gatae
728 1498 1179 1565 emendandae
1225 1501 1565 1585 provincia
1607 1501 1900 1563 iniuncta
1943 1499 2066 1563 fuit
2129 1498 2203 1565 C.
2257 1498 2630 1580 Carafae,
2687 1479 3020 1583 Congress

488 1614 883 1701 gationique,
932 1614 1037 1677 cui
1081 1613 1135 1675 is
1179 1621 1503 1698 praeerat.
1565 1611 1813 1675 Verum
1861 1634 2010 1676 cum
2059 1622 2124 1675 et
2171 1610 2530 1696 Gregorius
2561 1610 2752 1675 XIII.
2801 1608 2868 1673 S.
2901 1608 2988 1673 P.

488 1736 697 1791 morte
744 1734 1140 1811 praeventus
1172 1724 1632 1810 imperfectum
1677 1724 2045 1810 reliquisset
2077 1747 2273 1811 opus3
2321 1723 2632 1809 singulari
2661 1723 2789 1787 Dei
2817 1722 2991 1787 Pro-

488 1838 778 1903 videntia
832 1840 1062 1923 ingens
1118 1837 1279 1902 illud
1320 1837 1748 1920 beneficium,
1817 1837 1997 1924 quod
2039 1836 2254 1902 Biblia
2298 1836 2586 1921 Vulgata
2633 1837 2869 1920 corrigi
2920 1843 2996 1897 et

490 1952 905 2017 solertissime
972 1952 1038 2014 in
1103 1950 1321 2014 lucem
1391 1951 1595 2014 emitti
1665 1952 1991 2014 curaverit
2057 1988 2144 1998 —
2217 1950 2541 2035 praestitit
2606 1947 2990 2013 Ecclesiae:

495 2064 773 2129 Sixtus
805 2064 885 2128 V.
908 2066 951 2147 3,
1000 2064 1133 2148 qui
1162 2064 1567 2147 negotium
1602 2061 2124 2147 castigandae
2156 2061 2548 2149 Vulgatae
2597 2061 2995 2127 commisit

492 2200 659 2241 cum
737 2176 1198 2241 lectissimis
1292 2174 1889 2260 Cardinalibus,
1969 2176 2289 2259 Carasa,
2381 2175 2792 2258 Columna,
2881 2173 2992 2237 de

489 2290 736 2353 Miran
755 2289 878 2372 da3
926 2288 1195 2375 aliisque
1226 2300 1366 2353 tum
1406 2312 1453 2353 8.
1486 2288 1858 2353 Literarum
1887 2298 2026 2353 tum
2057 2291 2381 2353 variarum
2409 2288 2780 2373 linguarum
2809 2287 2994 2373 peri·

488 2403 749 2465 tissimis
814 2402 967 2465 viris
1028 2402 1105 2465 R.
1160 2401 1684 2485 Bellarmino,
1751 2402 1906 2466 Ant.
1967 2401 2318 2487 Agellio,
2385 2401 2584 2465 Petro
2645 2401 2996 2481 Morin0,

490 2514 809 2580 Flaminio
856 2513 1191 2596 Nobilio,
1247 2513 1474 2579 Laelio
1520 2514 1807 2578 Fulvio
1856 2513 2116 2597 Ursino,
2169 2512 2428 2598 Angelo
2473 2514 2759 2595 Rocca,
2806 2510 2994 2575 Val-

491 2626 800 2710 verdae,
850 2626 931 2692 Gr.
964 2626 1215 2692 Alano
1236 2630 1279 2692 4.
1330 2626 1693 2692 Voluerunt
1736 2627 1825 2692 illi
1858 2636 2260 2692 correctores
2293 2626 2639 2692 collatione
2673 2625 2992 2691 codicum

490 2741 867 2824 latinorum,
933 2750 997 2805 et
1056 2743 1123 2804 in
1183 2741 1345 2806 locis
1405 2741 1619 2805 dubiis
1674 2741 2132 2806 hebraicorum
2180 2750 2376 2834 atque
2423 2763 2843 2826 graecorum,
2896 2761 2995 2801 ex

492 2863 709 2919 mente
772 2856 1004 2920 summi
1060 2855 1396 2919 Pontificis
1443 2854 1505 2918 d.
1538 2855 1924 2940 Hieronymi
1983 2854 2502 2937 translationem,
2566 2851 2785 2940 quoad
2841 2853 2994 2916 eius

490 2967 632 3031 fieri
676 2976 933 3052 poterat
975 2969 1244 3052 pristino
1290 2969 1630 3031 restituere
1677 2969 1890 3049 nitori,
1937 2976 2007 3030 ut
2051 2966 2198 3030 talis
2245 2975 2441 3030 esset:
2511 2963 2790 3051 ,qualis
2834 2965 2995 3051 pri-

491 3102 689 3145 mum
758 3077 855 3143 ab
921 3081 1183 3165 ipsius
1242 3081 1713 3166 interpretis
1773 3103 1997 3144 manu
2064 3079 2246 3144 stilo
2265 3102 2408 3166 que
2482 3078 2991 3164 prodierat‘'5.

712 3381 749 3446 ¹)
792 3379 901 3430 Sub
942 3395 1047 3446 quo
1086 3379 1332 3445 Synodus
1371 3380 1684 3432 Tridentina
1724 3382 1874 3430 1563.
1923 3379 2074 3428 finita
2123 3384 2218 3429 est.
2292 3379 2331 3444 ²)
2371 3379 2454 3428 De
2493 3381 2687 3445 quibus
2734 3380 2993 3429 omnibus

494 3471 741 3516 accurate
796 3471 979 3516 narrat
1026 3467 1370 3534 Vercellone,
1427 3468 1630 3533 proleg.
1669 3468 1722 3530 1,
1775 3469 1854 3517 18.
1894 3484 1934 3517 8.
2009 3467 2048 3532 3)
2088 3467 2171 3516 Ab
2215 3481 2263 3516 a.
2305 3469 2595 3517 1585—90.
2646 3467 2786 3516 Olim
2831 3466 2902 3516 Ο.
2943 3483 2990 3517 8.

493 3553 769 3603 Francisci
817 3553 1125 3616 monachus,
1175 3557 1389 3604 nomine
1438 3556 1604 3620 patris
1640 3554 1796 3604 Felix
1832 3555 2028 3603 Peretti
2067 3553 2259 3604 dictus.
2332 3554 2372 3618 4)
2411 3555 2658 3604 Jusserat
2697 3555 2878 3604 Sixtus
2921 3555 2990 3602 V.

493 3645 553 3690 ut
603 3642 1045 3706 congregationes
1102 3641 1427 3690 haberentur
1472 3643 1530 3689 in
1578 3641 1802 3690 aedibus
1853 3639 2152 3690 Cardinalis
2204 3639 2432 3690 Car-asae
2466 3670 2533 3678 —-
2569 3658 2618 3690 V.
2655 3641 2860 3703 Rocca,
2921 3641 2992 3690 de

494 3727 627 3776 Sixti
662 3728 725 3776 V.
766 3726 1039 3777 aedificiis.
1090 3727 1190 3792 Op.
1242 3727 1325 3777 ed.
1370 3728 1523 3778 Rom.
1564 3729 1714 3776 1719.
1753 3727 1821 3789 ΙΙ,
1863 3729 1998 3790 355.,
2026 3756 2092 3762 -
2128 3728 2220 3792 qui
2266 3729 2620 3778 instrumenta
2665 3729 2863 3778 idonea
2918 3728 2993 3776 ad

492 3815 727 3864 criticam
767 3813 1106 3864 collationem
1144 3820 1440 3880 paraverat.
1479 3816 1652 3864 Erant
1685 3815 1792 3866 ista
1821 3817 2110 3881 praecipue
2137 3815 2349 3865 codices
2375 3817 2723 3880 manuscripti
2745 3814 2992 3865 melioris

492 3906 679 3965 notae3
734 3903 873 3951 inter
925 3901 1023 3951 hos
1072 3901 1370 3952 Amiatinus
1398 3931 1463 3938 -
1492 3902 1540 3951 d.
1576 3919 1627 3967 q.
1665 3918 1706 3952 s.
1757 3919 1808 3967 p.
1847 3903 1964 3952 211.
1992 3919 2088 3966 -ς
2136 3902 2303 3952 codex
2355 3903 2634 3952 Ecclesiae
2683 3901 2992 3952 Toletanae

494 3987 723 4052 gothicis
783 3988 951 4038 literis
1007 3993 1285 4052 exaratus3
1347 4005 1502 4054 quem
1549 3989 1838 4054 ,descripsit
1886 3989 2196 4051 Blanchini‚
2251 3990 2410 4039 Vind.
2465 4005 2584 4039 can.
2638 4007 2690 4054 p.
2737 3991 2858 4038 213.
2913 4007 2992 4053 s.;

493 4075 661 4124 codex
710 4077 1019 4125 monasterii
1056 4074 1108 4124 S.
1145 4075 1300 4125 Pauli
1350 4082 1497 4125 extra
1532 4092 1710 4126 muros
1745 4076 1966 4139 Romae,
2005 4077 2304 4128 celebratus
2341 4078 2572 4141 Roccae,
2610 4076 2644 4126 l.
2685 4093 2728 4126 0.
2766 4094 2820 4141 p.
2859 4078 2990 4126 348.

494 4162 533 4226 ⁵)
577 4161 711 4211 Vide
750 4161 1033 4212 Constitut.
1074 4161 1207 4212 Sixti
1242 4163 1306 4212 V.
1346 4163 1642 4224 „Aeternus
1678 4163 1818 4212 ille.“
1863 4165 1908 4212 1.
1945 4163 2102 4216 Mart.
2143 4165 2293 4213 1589.
2348 4165 2526 4214 Primo
2563 4165 2747 4229 itaque
2785 4165 2994 4213 Libros

495 4248 565 4310 S„
604 4265 739 4314 quos
777 4249 826 4298 d.
863 4249 1225 4314 Hieronymus
1262 4265 1291 4298 0
1328 4255 1477 4299 textu
1528 4251 1812 4314 originario
1860 4250 2164 4300 immediate
2211 4250 2574 4312 transtulerat,
2624 4267 2745 4300 cum
2793 4251 2994 4300 eodem

493 4336 849 4398 contulerunt,
900 4342 1061 4401 atque
1112 4337 1183 4386 ad
1218 4338 1333 4386 eius
1382 4353 1621 4388 normam
1671 4337 1883 4402 singula
1933 4342 2302 4402 correxerunt;
2356 4338 2460 4387 hac
2508 4343 2688 4388 tamen
2737 4337 2996 4386 adhibita

492 4423 755 4484 cautione,
795 4427 853 4471 ut
888 4424 1101 4472 nonnisi
1148 4429 1270 4488 post
1314 4424 1583 4489 inspectos
1631 4423 1844 4474 codices
1881 4423 2146 4489 vulgatae
2183 4425 2239 4473 in
2276 4438 2532 4489 germana
2579 4425 2905 4490 sinceraque
2945 4439 2992 4472 s.

491 4510 691 4558 Textus
728 4509 958 4560 lectione
995 4511 1369 4560 constituenda
1404 4516 1617 4560 strenue
1655 4511 1978 4560 laborarent.
2027 4511 2142 4572 Quo
2181 4512 2236 4559 in
2271 4511 2458 4561 labore
2497 4510 2684 4562 Codici
2708 4511 2997 4560 Amiatino

492 4597 687 4662 primas
736 4613 945 4662 semper
982 4597 1241 4647 dederunt
1288 4603 1483 4663 partes.
1546 4596 1918 4656 correctiones
1973 4599 2474 4663 annotationesque,
2529 4599 2993 4664 congregationis,
