<?xml version="1.0" encoding="UTF-8"?>
<!DOCTYPE html PUBLIC "-//W3C//DTD XHTML 1.0 Transitional//EN"
    "http://www.w3.org/TR/xhtml1/DTD/xhtml1-transitional.dtd">
<html xmlns="http://www.w3.org/1999/xhtml" xml:lang="en" lang="en">
 <head>
  <title>
</title>
<meta http-equiv="Content-Type" content="text/html;charset=utf-8" />
  <meta name='ocr-system' content='tesseract 3.04.00' />
  <meta name='ocr-capabilities' content='ocr_page ocr_carea ocr_par ocr_line ocrx_word'/>
</head>
<body>
  <div class='ocr_page' id='page_1' title='image "./historiarevelat02dankgoog_0231.png"; bbox 0 0 3309 5300; ppageno 0'>
   <div class='ocr_carea' id='block_1_1' title="bbox 1223 414 2776 483">
    <p class='ocr_par' dir='ltr' id='par_1_1' title="bbox 1223 414 2776 483">
     <span class='ocr_line' id='line_1_1' title="bbox 1223 414 2776 483; baseline 0.005 -11"><span class='ocrx_word' id='word_1_1' title='bbox 1223 425 1287 473; x_wconf 84' lang='lat' dir='ltr'>De</span> <span class='ocrx_word' id='word_1_2' title='bbox 1318 425 1598 475; x_wconf 62' lang='lat' dir='ltr'>versionibus</span> <span class='ocrx_word' id='word_1_3' title='bbox 1626 426 1814 473; x_wconf 77' lang='lat' dir='ltr'>Latinis.</span> <span class='ocrx_word' id='word_1_4' title='bbox 2631 414 2776 483; x_wconf 75' lang='grc'>209</span> 
     </span>
    </p>
   </div>
   <div class='ocr_carea' id='block_1_2' title="bbox 910 674 2134 795">
    <p class='ocr_par' dir='ltr' id='par_1_2' title="bbox 910 674 2134 795">
     <span class='ocr_line' id='line_1_2' title="bbox 910 674 2134 795; baseline 0 -22"><span class='ocrx_word' id='word_1_5' title='bbox 910 714 983 791; x_wconf 66' lang='grc' dir='ltr'><strong>ξ..</strong></span> <span class='ocrx_word' id='word_1_6' title='bbox 1016 674 1118 777; x_wconf 75' lang='lat'><strong>91.</strong></span> <span class='ocrx_word' id='word_1_7' title='bbox 1189 710 1469 774; x_wconf 89' lang='lat' dir='ltr'>Versio</span> <span class='ocrx_word' id='word_1_8' title='bbox 1532 708 1601 773; x_wconf 82' lang='lat' dir='ltr'><strong>S.</strong></span> <span class='ocrx_word' id='word_1_9' title='bbox 1646 709 2134 795; x_wconf 83' lang='lat' dir='ltr'><strong>Hieronymi.</strong></span> 
     </span>
    </p>
   </div>
   <div class='ocr_carea' id='block_1_3' title="bbox 258 898 2854 1887">
    <p class='ocr_par' dir='ltr' id='par_1_3' title="bbox 258 898 2854 1887">
     <span class='ocr_line' id='line_1_3' title="bbox 474 898 2759 985; baseline 0.001 -22"><span class='ocrx_word' id='word_1_10' title='bbox 474 900 864 963; x_wconf 89' lang='lat' dir='ltr'>Latinorum</span> <span class='ocrx_word' id='word_1_11' title='bbox 923 899 1225 963; x_wconf 91' lang='lat' dir='ltr'>codicum</span> <span class='ocrx_word' id='word_1_12' title='bbox 1287 898 1535 963; x_wconf 81' lang='lat' dir='ltr'><strong>Orbem</strong></span> <span class='ocrx_word' id='word_1_13' title='bbox 1595 900 1732 963; x_wconf 88' lang='lat' dir='ltr'>fere</span> <span class='ocrx_word' id='word_1_14' title='bbox 1786 899 2239 964; x_wconf 89' lang='lat' dir='ltr'>inundantium</span> <span class='ocrx_word' id='word_1_15' title='bbox 2286 910 2561 985; x_wconf 80' lang='lat' dir='ltr'>cogente</span> <span class='ocrx_word' id='word_1_16' title='bbox 2607 900 2759 966; x_wconf 90' lang='lat' dir='ltr'>hinc</span> 
     </span>
     <span class='ocr_line' id='line_1_4' title="bbox 258 1012 2759 1096; baseline 0 -19"><span class='ocrx_word' id='word_1_17' title='bbox 258 1012 700 1096; x_wconf 88' lang='lat' dir='ltr'>multitudine,</span> <span class='ocrx_word' id='word_1_18' title='bbox 749 1012 901 1077; x_wconf 90' lang='lat' dir='ltr'>inde</span> <span class='ocrx_word' id='word_1_19' title='bbox 944 1014 1261 1077; x_wconf 89' lang='lat' dir='ltr'>varietate</span> <span class='ocrx_word' id='word_1_20' title='bbox 1289 1016 1335 1096; x_wconf 77' lang='lat'>¹3</span> <span class='ocrx_word' id='word_1_21' title='bbox 1380 1014 1560 1077; x_wconf 90' lang='lat' dir='ltr'>iussu</span> <span class='ocrx_word' id='word_1_22' title='bbox 1605 1012 1668 1076; x_wconf 91' lang='lat' dir='ltr'>d.</span> <span class='ocrx_word' id='word_1_23' title='bbox 1702 1012 2028 1076; x_wconf 86' lang='lat' dir='ltr'>Damasi</span> <span class='ocrx_word' id='word_1_24' title='bbox 2077 1013 2142 1077; x_wconf 86' lang='lat' dir='ltr'><strong>S.</strong></span> <span class='ocrx_word' id='word_1_25' title='bbox 2175 1013 2249 1078; x_wconf 89' lang='lat' dir='ltr'>P.</span> <span class='ocrx_word' id='word_1_26' title='bbox 2283 1037 2523 1078; x_wconf 89' lang='lat' dir='ltr'>novam</span> <span class='ocrx_word' id='word_1_27' title='bbox 2566 1016 2759 1079; x_wconf 90' lang='lat' dir='ltr'>inter-</span> 
     </span>
     <span class='ocr_line' id='line_1_5' title="bbox 258 1124 2758 1211; baseline 0 -22"><span class='ocrx_word' id='word_1_28' title='bbox 258 1128 707 1211; x_wconf 82' lang='lat' dir='ltr'><strong>pretationem</strong></span> <span class='ocrx_word' id='word_1_29' title='bbox 751 1125 1017 1190; x_wconf 90' lang='lat' dir='ltr'>latinam</span> <span class='ocrx_word' id='word_1_30' title='bbox 1064 1124 1410 1189; x_wconf 90' lang='lat' dir='ltr'>adornavit</span> <span class='ocrx_word' id='word_1_31' title='bbox 1455 1124 1514 1191; x_wconf 89' lang='lat' dir='ltr'>d.</span> <span class='ocrx_word' id='word_1_32' title='bbox 1558 1125 1886 1189; x_wconf 81' lang='lat' dir='ltr'>Eusebius</span> <span class='ocrx_word' id='word_1_33' title='bbox 1934 1125 2464 1211; x_wconf 83' lang='lat' dir='ltr'>Hieronymus</span> <span class='ocrx_word' id='word_1_34' title='bbox 2513 1125 2758 1192; x_wconf 87' lang='lat' dir='ltr'>Strido-</span> 
     </span>
     <span class='ocr_line' id='line_1_6' title="bbox 258 1237 2854 1325; baseline 0 -22"><span class='ocrx_word' id='word_1_35' title='bbox 258 1240 508 1305; x_wconf 83' lang='lat' dir='ltr'>nensis.</span> <span class='ocrx_word' id='word_1_36' title='bbox 559 1237 626 1302; x_wconf 85' lang='lat' dir='ltr'><strong>S.</strong></span> <span class='ocrx_word' id='word_1_37' title='bbox 652 1238 979 1302; x_wconf 82' lang='lat' dir='ltr'>Damasus</span> <span class='ocrx_word' id='word_1_38' title='bbox 1008 1237 1322 1302; x_wconf 79' lang='lat' dir='ltr'>Pontifex</span> <span class='ocrx_word' id='word_1_39' title='bbox 1354 1259 1503 1301; x_wconf 89' lang='lat' dir='ltr'>cum</span> <span class='ocrx_word' id='word_1_40' title='bbox 1536 1260 1654 1301; x_wconf 91' lang='lat' dir='ltr'>sua</span> <span class='ocrx_word' id='word_1_41' title='bbox 1686 1238 2090 1323; x_wconf 90' lang='lat' dir='ltr'>aliorumque</span> <span class='ocrx_word' id='word_1_42' title='bbox 2125 1240 2532 1324; x_wconf 85' lang='lat' dir='ltr'>experientia</span> <span class='ocrx_word' id='word_1_43' title='bbox 2565 1239 2758 1303; x_wconf 91' lang='lat' dir='ltr'>edoc-</span> <span class='ocrx_word' id='word_1_44' title='bbox 2847 1316 2854 1325; x_wconf 86' lang='lat'><strong>.</strong></span> 
     </span>
     <span class='ocr_line' id='line_1_7' title="bbox 262 1349 2759 1435; baseline 0.001 -22"><span class='ocrx_word' id='word_1_45' title='bbox 262 1360 369 1414; x_wconf 91' lang='lat' dir='ltr'>tus</span> <span class='ocrx_word' id='word_1_46' title='bbox 437 1349 859 1435; x_wconf 84' lang='lat' dir='ltr'>intelligeret,</span> <span class='ocrx_word' id='word_1_47' title='bbox 937 1359 1181 1435; x_wconf 91' lang='lat' dir='ltr'>quanta</span> <span class='ocrx_word' id='word_1_48' title='bbox 1238 1372 1325 1415; x_wconf 86' lang='lat' dir='ltr'>ex</span> <span class='ocrx_word' id='word_1_49' title='bbox 1383 1358 1766 1435; x_wconf 89' lang='lat' dir='ltr'>portentosa</span> <span class='ocrx_word' id='word_1_50' title='bbox 1824 1351 1948 1414; x_wconf 89' lang='lat' dir='ltr'>ista</span> <span class='ocrx_word' id='word_1_51' title='bbox 2011 1350 2312 1415; x_wconf 91' lang='lat' dir='ltr'>codicum</span> <span class='ocrx_word' id='word_1_52' title='bbox 2372 1351 2759 1415; x_wconf 90' lang='lat' dir='ltr'>Latinorum</span> 
     </span>
     <span class='ocr_line' id='line_1_8' title="bbox 261 1461 2752 1550; baseline 0 -23"><span class='ocrx_word' id='word_1_53' title='bbox 261 1465 584 1528; x_wconf 89' lang='lat' dir='ltr'>varietate</span> <span class='ocrx_word' id='word_1_54' title='bbox 632 1465 908 1527; x_wconf 90' lang='lat' dir='ltr'>oriretur</span> <span class='ocrx_word' id='word_1_55' title='bbox 964 1463 1280 1544; x_wconf 88' lang='lat' dir='ltr'>confusio,</span> <span class='ocrx_word' id='word_1_56' title='bbox 1338 1472 1413 1526; x_wconf 94' lang='lat' dir='ltr'>ut</span> <span class='ocrx_word' id='word_1_57' title='bbox 1456 1463 1605 1526; x_wconf 92' lang='lat' dir='ltr'>huic</span> <span class='ocrx_word' id='word_1_58' title='bbox 1651 1462 1822 1527; x_wconf 90' lang='lat' dir='ltr'>malo</span> <span class='ocrx_word' id='word_1_59' title='bbox 1872 1471 2264 1546; x_wconf 91' lang='lat' dir='ltr'>occurreret,</span> <span class='ocrx_word' id='word_1_60' title='bbox 2328 1461 2394 1527; x_wconf 89' lang='lat' dir='ltr'>S.</span> <span class='ocrx_word' id='word_1_61' title='bbox 2428 1463 2752 1550; x_wconf 87' lang='lat' dir='ltr'>Hierony-</span> 
     </span>
     <span class='ocr_line' id='line_1_9' title="bbox 260 1575 2759 1662; baseline 0 -22"><span class='ocrx_word' id='word_1_62' title='bbox 260 1599 449 1640; x_wconf 89' lang='lat' dir='ltr'>mum</span> <span class='ocrx_word' id='word_1_63' title='bbox 495 1576 836 1641; x_wconf 83' lang='lat' dir='ltr'>Ecclesiae</span> <span class='ocrx_word' id='word_1_64' title='bbox 878 1598 1033 1641; x_wconf 88' lang='lat' dir='ltr'>suae</span> <span class='ocrx_word' id='word_1_65' title='bbox 1067 1599 1157 1639; x_wconf 93' lang='lat' dir='ltr'>sc.</span> <span class='ocrx_word' id='word_1_66' title='bbox 1204 1576 1540 1639; x_wconf 89' lang='lat' dir='ltr'>Romanae</span> <span class='ocrx_word' id='word_1_67' title='bbox 1575 1575 2071 1662; x_wconf 86' lang='lat' dir='ltr'>presbyterum2</span> <span class='ocrx_word' id='word_1_68' title='bbox 2100 1614 2188 1623; x_wconf 83' lang='lat'>-—</span> <span class='ocrx_word' id='word_1_69' title='bbox 2219 1598 2349 1661; x_wconf 91' lang='lat' dir='ltr'>quo</span> <span class='ocrx_word' id='word_1_70' title='bbox 2382 1578 2450 1639; x_wconf 90' lang='lat' dir='ltr'>in</span> <span class='ocrx_word' id='word_1_71' title='bbox 2481 1580 2759 1662; x_wconf 85' lang='lat' dir='ltr'>negotiis</span> 
     </span>
     <span class='ocr_line' id='line_1_10' title="bbox 260 1687 2762 1779; baseline 0 -27"><span class='ocrx_word' id='word_1_72' title='bbox 260 1688 737 1753; x_wconf 88' lang='lat' dir='ltr'>ecclesiasticis</span> <span class='ocrx_word' id='word_1_73' title='bbox 783 1687 1086 1753; x_wconf 88' lang='lat' dir='ltr'>utebatur</span> <span class='ocrx_word' id='word_1_74' title='bbox 1118 1728 1199 1737; x_wconf 89' lang='lat'>—</span> <span class='ocrx_word' id='word_1_75' title='bbox 1234 1688 1317 1751; x_wconf 92' lang='lat' dir='ltr'>ad</span> <span class='ocrx_word' id='word_1_76' title='bbox 1347 1688 1523 1752; x_wconf 90' lang='lat' dir='ltr'>hunc</span> <span class='ocrx_word' id='word_1_77' title='bbox 1561 1711 1896 1753; x_wconf 90' lang='lat' dir='ltr'>enormem</span> <span class='ocrx_word' id='word_1_78' title='bbox 1927 1688 2121 1773; x_wconf 90' lang='lat' dir='ltr'>plane</span> <span class='ocrx_word' id='word_1_79' title='bbox 2153 1688 2445 1779; x_wconf 90' lang='lat' dir='ltr'>laborem</span> <span class='ocrx_word' id='word_1_80' title='bbox 2495 1692 2762 1776; x_wconf 92' lang='lat' dir='ltr'>suscipi-</span> 
     </span>
     <span class='ocr_line' id='line_1_11' title="bbox 262 1801 2761 1887; baseline 0 -22"><span class='ocrx_word' id='word_1_81' title='bbox 262 1802 519 1881; x_wconf 87' lang='lat' dir='ltr'>endum</span> <span class='ocrx_word' id='word_1_82' title='bbox 543 1802 802 1867; x_wconf 81' lang='lat' dir='ltr'>induxit</span> <span class='ocrx_word' id='word_1_83' title='bbox 819 1806 859 1865; x_wconf 83' lang='lat'><strong>3.</strong></span> <span class='ocrx_word' id='word_1_84' title='bbox 903 1802 1240 1867; x_wconf 83' lang='lat' dir='ltr'>Voluntati</span> <span class='ocrx_word' id='word_1_85' title='bbox 1271 1804 1467 1887; x_wconf 86' lang='lat' dir='ltr'>igitur</span> <span class='ocrx_word' id='word_1_86' title='bbox 1491 1801 1716 1887; x_wconf 88' lang='lat' dir='ltr'>Papae</span> <span class='ocrx_word' id='word_1_87' title='bbox 1751 1825 1798 1865; x_wconf 90' lang='lat' dir='ltr'>s.</span> <span class='ocrx_word' id='word_1_88' title='bbox 1824 1801 2096 1865; x_wconf 89' lang='lat' dir='ltr'>Damasi</span> <span class='ocrx_word' id='word_1_89' title='bbox 2127 1811 2382 1887; x_wconf 88' lang='lat' dir='ltr'>promte</span> <span class='ocrx_word' id='word_1_90' title='bbox 2411 1801 2761 1867; x_wconf 87' lang='lat' dir='ltr'>obsecutus</span> 
     </span>
    </p>
   </div>
   <div class='ocr_carea' id='block_1_4' title="bbox 261 2092 2770 4754">
    <p class='ocr_par' dir='ltr' id='par_1_4' title="bbox 261 2092 2770 4679">
     <span class='ocr_line' id='line_1_12' title="bbox 487 2092 2757 2158; baseline -0 -14"><span class='ocrx_word' id='word_1_91' title='bbox 487 2096 523 2158; x_wconf 87' lang='grc'>1)</span> <span class='ocrx_word' id='word_1_92' title='bbox 562 2096 684 2156; x_wconf 82' lang='lat' dir='ltr'>Qua</span> <span class='ocrx_word' id='word_1_93' title='bbox 722 2094 1026 2144; x_wconf 81' lang='lat' dir='ltr'>conditione</span> <span class='ocrx_word' id='word_1_94' title='bbox 1064 2094 1261 2143; x_wconf 85' lang='lat' dir='ltr'>fuerint</span> <span class='ocrx_word' id='word_1_95' title='bbox 1296 2092 1475 2143; x_wconf 85' lang='lat' dir='ltr'>Biblia</span> <span class='ocrx_word' id='word_1_96' title='bbox 1499 2093 1698 2142; x_wconf 87' lang='lat' dir='ltr'>Latina</span> <span class='ocrx_word' id='word_1_97' title='bbox 1730 2092 1944 2141; x_wconf 83' lang='lat' dir='ltr'>saeculo</span> <span class='ocrx_word' id='word_1_98' title='bbox 1982 2094 2180 2142; x_wconf 90' lang='lat' dir='ltr'>tertio</span> <span class='ocrx_word' id='word_1_99' title='bbox 2220 2107 2327 2142; x_wconf 90' lang='lat' dir='ltr'>aer.</span> <span class='ocrx_word' id='word_1_100' title='bbox 2366 2092 2475 2143; x_wconf 90' lang='lat' dir='ltr'>chr.</span> <span class='ocrx_word' id='word_1_101' title='bbox 2512 2094 2757 2144; x_wconf 85' lang='lat' dir='ltr'>vidimus.</span> 
     </span>
     <span class='ocr_line' id='line_1_13' title="bbox 261 2179 2752 2247; baseline -0.001 -15"><span class='ocrx_word' id='word_1_102' title='bbox 261 2182 357 2232; x_wconf 90' lang='lat' dir='ltr'>Ob</span> <span class='ocrx_word' id='word_1_103' title='bbox 384 2184 664 2247; x_wconf 91' lang='lat' dir='ltr'>copiosum</span> <span class='ocrx_word' id='word_1_104' title='bbox 688 2182 962 2231; x_wconf 89' lang='lat' dir='ltr'>Versionis</span> <span class='ocrx_word' id='word_1_105' title='bbox 1002 2197 1183 2230; x_wconf 92' lang='lat' dir='ltr'>eorum</span> <span class='ocrx_word' id='word_1_106' title='bbox 1207 2182 1263 2229; x_wconf 94' lang='lat' dir='ltr'>in</span> <span class='ocrx_word' id='word_1_107' title='bbox 1288 2180 1536 2229; x_wconf 85' lang='lat' dir='ltr'>Ecclesia</span> <span class='ocrx_word' id='word_1_108' title='bbox 1561 2179 1870 2229; x_wconf 84' lang='lat' dir='ltr'>Occidentis</span> <span class='ocrx_word' id='word_1_109' title='bbox 1905 2196 2061 2229; x_wconf 89' lang='lat' dir='ltr'>usum</span> <span class='ocrx_word' id='word_1_110' title='bbox 2087 2185 2140 2229; x_wconf 91' lang='lat' dir='ltr'>et</span> <span class='ocrx_word' id='word_1_111' title='bbox 2165 2194 2409 2245; x_wconf 81' lang='lat' dir='ltr'>magnam</span> <span class='ocrx_word' id='word_1_112' title='bbox 2447 2182 2752 2230; x_wconf 86' lang='lat' dir='ltr'>versionum</span> 
     </span>
     <span class='ocr_line' id='line_1_14' title="bbox 262 2267 2755 2330; baseline -0 -12"><span class='ocrx_word' id='word_1_113' title='bbox 262 2269 666 2319; x_wconf 85' lang='lat' dir='ltr'>multitudinem</span> <span class='ocrx_word' id='word_1_114' title='bbox 693 2268 912 2318; x_wconf 85' lang='lat' dir='ltr'>accidit:</span> <span class='ocrx_word' id='word_1_115' title='bbox 942 2272 1000 2317; x_wconf 90' lang='lat' dir='ltr'>ut</span> <span class='ocrx_word' id='word_1_116' title='bbox 1023 2272 1176 2317; x_wconf 89' lang='lat' dir='ltr'>vetus</span> <span class='ocrx_word' id='word_1_117' title='bbox 1200 2267 1335 2316; x_wconf 90' lang='lat' dir='ltr'>haec</span> <span class='ocrx_word' id='word_1_118' title='bbox 1360 2267 1623 2317; x_wconf 85' lang='lat' dir='ltr'>traductio</span> <span class='ocrx_word' id='word_1_119' title='bbox 1654 2272 1765 2316; x_wconf 88' lang='lat' dir='ltr'>tam</span> <span class='ocrx_word' id='word_1_120' title='bbox 1789 2268 1938 2316; x_wconf 89' lang='lat' dir='ltr'>varia</span> <span class='ocrx_word' id='word_1_121' title='bbox 1964 2272 2105 2317; x_wconf 89' lang='lat' dir='ltr'>esset</span> <span class='ocrx_word' id='word_1_122' title='bbox 2127 2268 2184 2316; x_wconf 92' lang='lat' dir='ltr'>in</span> <span class='ocrx_word' id='word_1_123' title='bbox 2211 2267 2434 2317; x_wconf 89' lang='lat' dir='ltr'>diversis</span> <span class='ocrx_word' id='word_1_124' title='bbox 2464 2268 2755 2330; x_wconf 90' lang='lat' dir='ltr'>codicibus,</span> 
     </span>
     <span class='ocr_line' id='line_1_15' title="bbox 263 2354 2755 2421; baseline -0 -16"><span class='ocrx_word' id='word_1_125' title='bbox 263 2362 331 2405; x_wconf 84' lang='lat' dir='ltr'>ut</span> <span class='ocrx_word' id='word_1_126' title='bbox 366 2358 457 2405; x_wconf 85' lang='lat' dir='ltr'>vix</span> <span class='ocrx_word' id='word_1_127' title='bbox 490 2356 713 2405; x_wconf 86' lang='lat' dir='ltr'>tolerari</span> <span class='ocrx_word' id='word_1_128' title='bbox 748 2356 1007 2421; x_wconf 79' lang='lat' dir='ltr'>potuerit3</span> <span class='ocrx_word' id='word_1_129' title='bbox 1059 2354 1384 2419; x_wconf 85' lang='lat' dir='ltr'>exemplaria</span> <span class='ocrx_word' id='word_1_130' title='bbox 1418 2354 1585 2405; x_wconf 86' lang='lat' dir='ltr'>latina</span> <span class='ocrx_word' id='word_1_131' title='bbox 1620 2354 1932 2420; x_wconf 86' lang='lat' dir='ltr'>plerumque</span> <span class='ocrx_word' id='word_1_132' title='bbox 1971 2366 2162 2403; x_wconf 88' lang='lat' dir='ltr'>manca</span> <span class='ocrx_word' id='word_1_133' title='bbox 2211 2360 2363 2403; x_wconf 86' lang='lat' dir='ltr'>erant</span> <span class='ocrx_word' id='word_1_134' title='bbox 2399 2358 2452 2403; x_wconf 85' lang='lat' dir='ltr'>et</span> <span class='ocrx_word' id='word_1_135' title='bbox 2489 2360 2755 2417; x_wconf 88' lang='lat' dir='ltr'>corrupta,</span> 
     </span>
     <span class='ocr_line' id='line_1_16' title="bbox 264 2440 2758 2506; baseline -0.001 -12"><span class='ocrx_word' id='word_1_136' title='bbox 264 2450 332 2493; x_wconf 85' lang='lat' dir='ltr'>ut</span> <span class='ocrx_word' id='word_1_137' title='bbox 366 2459 587 2494; x_wconf 86' lang='lat' dir='ltr'>sensum</span> <span class='ocrx_word' id='word_1_138' title='bbox 624 2448 678 2491; x_wconf 89' lang='lat' dir='ltr'>et</span> <span class='ocrx_word' id='word_1_139' title='bbox 712 2447 941 2491; x_wconf 89' lang='lat' dir='ltr'>mentem</span> <span class='ocrx_word' id='word_1_140' title='bbox 979 2442 1179 2491; x_wconf 85' lang='lat' dir='ltr'>Textus</span> <span class='ocrx_word' id='word_1_141' title='bbox 1218 2440 1368 2491; x_wconf 83' lang='lat' dir='ltr'>Sacri</span> <span class='ocrx_word' id='word_1_142' title='bbox 1405 2456 1525 2491; x_wconf 84' lang='lat' dir='ltr'>raro</span> <span class='ocrx_word' id='word_1_143' title='bbox 1563 2440 1846 2491; x_wconf 81' lang='lat' dir='ltr'>admodum</span> <span class='ocrx_word' id='word_1_144' title='bbox 1884 2445 2121 2491; x_wconf 89' lang='lat' dir='ltr'>correcte</span> <span class='ocrx_word' id='word_1_145' title='bbox 2159 2442 2526 2506; x_wconf 86' lang='lat' dir='ltr'>exprimerent.</span> <span class='ocrx_word' id='word_1_146' title='bbox 2585 2441 2666 2494; x_wconf 82' lang='lat' dir='ltr'><strong>Cf.</strong></span> <span class='ocrx_word' id='word_1_147' title='bbox 2707 2441 2758 2491; x_wconf 91' lang='grc'><strong>8.</strong></span> 
     </span>
     <span class='ocr_line' id='line_1_17' title="bbox 262 2527 2762 2595; baseline -0.001 -15"><span class='ocrx_word' id='word_1_148' title='bbox 262 2530 605 2595; x_wconf 85' lang='lat' dir='ltr'>Hieronymi,</span> <span class='ocrx_word' id='word_1_149' title='bbox 644 2546 729 2594; x_wconf 88' lang='lat' dir='ltr'>ep.</span> <span class='ocrx_word' id='word_1_150' title='bbox 770 2530 885 2577; x_wconf 80' lang='lat'><strong>112.</strong></span> <span class='ocrx_word' id='word_1_151' title='bbox 922 2528 991 2577; x_wconf 90' lang='lat' dir='ltr'>ad</span> <span class='ocrx_word' id='word_1_152' title='bbox 1028 2528 1079 2577; x_wconf 88' lang='lat' dir='ltr'>S.</span> <span class='ocrx_word' id='word_1_153' title='bbox 1118 2528 1471 2593; x_wconf 82' lang='lat' dir='ltr'>Augustinum</span> <span class='ocrx_word' id='word_1_154' title='bbox 1508 2543 1557 2577; x_wconf 94' lang='lat' dir='ltr'>n.</span> <span class='ocrx_word' id='word_1_155' title='bbox 1599 2529 1818 2579; x_wconf 79' lang='lat'><strong>19—22.</strong></span> <span class='ocrx_word' id='word_1_156' title='bbox 1857 2544 1908 2591; x_wconf 91' lang='lat' dir='ltr'>p.</span> <span class='ocrx_word' id='word_1_157' title='bbox 1937 2529 2052 2577; x_wconf 82' lang='lat'><strong>752.</strong></span> <span class='ocrx_word' id='word_1_158' title='bbox 2087 2543 2128 2580; x_wconf 91' lang='lat' dir='ltr'>s.</span> <span class='ocrx_word' id='word_1_159' title='bbox 2183 2527 2441 2577; x_wconf 87' lang='lat' dir='ltr'>Nonnulli</span> <span class='ocrx_word' id='word_1_160' title='bbox 2476 2533 2762 2594; x_wconf 87' lang='lat' dir='ltr'>propterea</span> 
     </span>
     <span class='ocr_line' id='line_1_18' title="bbox 264 2614 2763 2682; baseline -0.001 -15"><span class='ocrx_word' id='word_1_161' title='bbox 264 2623 477 2668; x_wconf 80' lang='lat' dir='ltr'>textum</span> <span class='ocrx_word' id='word_1_162' title='bbox 514 2615 777 2667; x_wconf 84' lang='lat' dir='ltr'>Graecum</span> <span class='ocrx_word' id='word_1_163' title='bbox 812 2616 1160 2682; x_wconf 87' lang='lat' dir='ltr'>apponebant</span> <span class='ocrx_word' id='word_1_164' title='bbox 1200 2616 1433 2666; x_wconf 80' lang='lat' dir='ltr'>versioni</span> <span class='ocrx_word' id='word_1_165' title='bbox 1478 2616 1722 2678; x_wconf 83' lang='lat' dir='ltr'>Latinae,</span> <span class='ocrx_word' id='word_1_166' title='bbox 1773 2615 1866 2680; x_wconf 91' lang='lat' dir='ltr'>qui</span> <span class='ocrx_word' id='word_1_167' title='bbox 1912 2615 1970 2665; x_wconf 89' lang='lat' dir='ltr'>in</span> <span class='ocrx_word' id='word_1_168' title='bbox 2015 2614 2145 2664; x_wconf 91' lang='lat' dir='ltr'>locis</span> <span class='ocrx_word' id='word_1_169' title='bbox 2195 2614 2368 2664; x_wconf 88' lang='lat' dir='ltr'>dubiis</span> <span class='ocrx_word' id='word_1_170' title='bbox 2417 2615 2763 2666; x_wconf 83' lang='lat' dir='ltr'>adhiberetur</span> 
     </span>
     <span class='ocr_line' id='line_1_19' title="bbox 264 2702 2762 2769; baseline -0.001 -15"><span class='ocrx_word' id='word_1_171' title='bbox 264 2705 764 2769; x_wconf 86' lang='lat' dir='ltr'>consulereturque.</span> <span class='ocrx_word' id='word_1_172' title='bbox 797 2704 923 2754; x_wconf 92' lang='lat' dir='ltr'>Viro</span> <span class='ocrx_word' id='word_1_173' title='bbox 943 2703 1063 2753; x_wconf 89' lang='lat' dir='ltr'>ideo</span> <span class='ocrx_word' id='word_1_174' title='bbox 1090 2703 1312 2765; x_wconf 89' lang='lat' dir='ltr'>erudit0,</span> <span class='ocrx_word' id='word_1_175' title='bbox 1336 2703 1636 2768; x_wconf 84' lang='lat' dir='ltr'>linguarum</span> <span class='ocrx_word' id='word_1_176' title='bbox 1663 2703 1889 2752; x_wconf 90' lang='lat' dir='ltr'>scientia</span> <span class='ocrx_word' id='word_1_177' title='bbox 1909 2702 2262 2766; x_wconf 89' lang='lat' dir='ltr'>omnibusque</span> <span class='ocrx_word' id='word_1_178' title='bbox 2281 2702 2352 2751; x_wconf 87' lang='lat' dir='ltr'>ad</span> <span class='ocrx_word' id='word_1_179' title='bbox 2371 2704 2671 2752; x_wconf 83' lang='lat' dir='ltr'>versionem</span> <span class='ocrx_word' id='word_1_180' title='bbox 2697 2703 2762 2752; x_wconf 91' lang='lat' dir='ltr'>de</span> 
     </span>
     <span class='ocr_line' id='line_1_20' title="bbox 263 2788 2762 2854; baseline -0 -14"><span class='ocrx_word' id='word_1_181' title='bbox 263 2808 415 2842; x_wconf 84' lang='lat' dir='ltr'>novo</span> <span class='ocrx_word' id='word_1_182' title='bbox 454 2789 841 2842; x_wconf 84' lang='lat' dir='ltr'>conficiendam</span> <span class='ocrx_word' id='word_1_183' title='bbox 876 2790 963 2840; x_wconf 89' lang='lat' dir='ltr'>vel</span> <span class='ocrx_word' id='word_1_184' title='bbox 998 2795 1204 2839; x_wconf 88' lang='lat' dir='ltr'>tantum</span> <span class='ocrx_word' id='word_1_185' title='bbox 1241 2789 1627 2840; x_wconf 81' lang='lat' dir='ltr'>emendandam</span> <span class='ocrx_word' id='word_1_186' title='bbox 1667 2788 1919 2840; x_wconf 86' lang='lat' dir='ltr'>subsidiis</span> <span class='ocrx_word' id='word_1_187' title='bbox 1963 2789 2166 2838; x_wconf 90' lang='lat' dir='ltr'>imbuto</span> <span class='ocrx_word' id='word_1_188' title='bbox 2205 2805 2339 2853; x_wconf 89' lang='lat' dir='ltr'>opus</span> <span class='ocrx_word' id='word_1_189' title='bbox 2376 2789 2491 2851; x_wconf 86' lang='lat' dir='ltr'>fuit,</span> <span class='ocrx_word' id='word_1_190' title='bbox 2541 2790 2633 2854; x_wconf 91' lang='lat' dir='ltr'>qui</span> <span class='ocrx_word' id='word_1_191' title='bbox 2679 2789 2762 2839; x_wconf 88' lang='lat' dir='ltr'>his</span> 
     </span>
     <span class='ocr_line' id='line_1_21' title="bbox 262 2874 2760 2942; baseline -0.001 -14"><span class='ocrx_word' id='word_1_192' title='bbox 262 2881 419 2928; x_wconf 80' lang='lat' dir='ltr'>vitiis</span> <span class='ocrx_word' id='word_1_193' title='bbox 442 2878 756 2928; x_wconf 87' lang='lat' dir='ltr'>mederetur.</span> <span class='ocrx_word' id='word_1_194' title='bbox 818 2877 860 2941; x_wconf 86' lang='lat'>2)</span> <span class='ocrx_word' id='word_1_195' title='bbox 894 2877 1058 2927; x_wconf 84' lang='lat' dir='ltr'>Cuius</span> <span class='ocrx_word' id='word_1_196' title='bbox 1086 2877 1435 2926; x_wconf 87' lang='lat' dir='ltr'>eruditionem</span> <span class='ocrx_word' id='word_1_197' title='bbox 1462 2883 1515 2926; x_wconf 91' lang='lat' dir='ltr'>et</span> <span class='ocrx_word' id='word_1_198' title='bbox 1535 2878 1808 2942; x_wconf 86' lang='lat' dir='ltr'>ingenium</span> <span class='ocrx_word' id='word_1_199' title='bbox 1832 2875 2046 2941; x_wconf 84' lang='lat' dir='ltr'>plurimi</span> <span class='ocrx_word' id='word_1_200' title='bbox 2070 2876 2330 2939; x_wconf 80' lang='lat' dir='ltr'>faciebat3</span> <span class='ocrx_word' id='word_1_201' title='bbox 2357 2874 2760 2927; x_wconf 80' lang='lat' dir='ltr'>lucubrationes</span> 
     </span>
     <span class='ocr_line' id='line_1_22' title="bbox 266 2963 2758 3028; baseline -0.001 -13"><span class='ocrx_word' id='word_1_202' title='bbox 266 2967 389 3016; x_wconf 87' lang='lat' dir='ltr'>eius</span> <span class='ocrx_word' id='word_1_203' title='bbox 441 2981 547 3015; x_wconf 90' lang='lat' dir='ltr'>non</span> <span class='ocrx_word' id='word_1_204' title='bbox 594 2970 800 3014; x_wconf 87' lang='lat' dir='ltr'>tantum</span> <span class='ocrx_word' id='word_1_205' title='bbox 848 2964 1152 3014; x_wconf 79' lang='lat' dir='ltr'>avidissime</span> <span class='ocrx_word' id='word_1_206' title='bbox 1197 2964 1341 3028; x_wconf 87' lang='lat' dir='ltr'>legit,</span> <span class='ocrx_word' id='word_1_207' title='bbox 1391 2963 1487 3014; x_wconf 87' lang='lat' dir='ltr'>sed</span> <span class='ocrx_word' id='word_1_208' title='bbox 1534 2965 1694 3014; x_wconf 84' lang='lat' dir='ltr'>etiam</span> <span class='ocrx_word' id='word_1_209' title='bbox 1743 2963 1800 3012; x_wconf 89' lang='lat' dir='ltr'>in</span> <span class='ocrx_word' id='word_1_210' title='bbox 1849 2963 2088 3014; x_wconf 85' lang='lat' dir='ltr'>obscuris</span> <span class='ocrx_word' id='word_1_211' title='bbox 2139 2963 2544 3028; x_wconf 86' lang='lat' dir='ltr'>quaestionibus</span> <span class='ocrx_word' id='word_1_212' title='bbox 2590 2964 2758 3028; x_wconf 88' lang='lat' dir='ltr'>ipsius</span> 
     </span>
     <span class='ocr_line' id='line_1_23' title="bbox 265 3047 2762 3116; baseline -0.002 -14"><span class='ocrx_word' id='word_1_213' title='bbox 265 3053 596 3102; x_wconf 80' lang='lat' dir='ltr'>sententiam</span> <span class='ocrx_word' id='word_1_214' title='bbox 632 3052 866 3116; x_wconf 88' lang='lat' dir='ltr'>expetiit.</span> <span class='ocrx_word' id='word_1_215' title='bbox 917 3047 1000 3100; x_wconf 77' lang='lat' dir='ltr'><strong>Of.</strong></span> <span class='ocrx_word' id='word_1_216' title='bbox 1039 3051 1089 3100; x_wconf 86' lang='lat' dir='ltr'>d.</span> <span class='ocrx_word' id='word_1_217' title='bbox 1122 3051 1341 3100; x_wconf 86' lang='lat' dir='ltr'>Damasi</span> <span class='ocrx_word' id='word_1_218' title='bbox 1377 3051 1455 3112; x_wconf 89' lang='grc' dir='ltr'><strong>Ρ.,</strong></span> <span class='ocrx_word' id='word_1_219' title='bbox 1492 3049 1563 3099; x_wconf 89' lang='lat' dir='ltr'>ad</span> <span class='ocrx_word' id='word_1_220' title='bbox 1600 3051 1820 3101; x_wconf 88' lang='lat' dir='ltr'>Hieron.</span> <span class='ocrx_word' id='word_1_221' title='bbox 1848 3066 1930 3114; x_wconf 87' lang='lat' dir='ltr'>ep.</span> <span class='ocrx_word' id='word_1_222' title='bbox 1961 3052 2042 3099; x_wconf 89' lang='grc'>19.</span> <span class='ocrx_word' id='word_1_223' title='bbox 2080 3067 2130 3115; x_wconf 92' lang='lat' dir='ltr'>p.</span> <span class='ocrx_word' id='word_1_224' title='bbox 2169 3051 2252 3099; x_wconf 88' lang='grc'>63.</span> <span class='ocrx_word' id='word_1_225' title='bbox 2327 3049 2366 3114; x_wconf 77' lang='lat'>³)</span> <span class='ocrx_word' id='word_1_226' title='bbox 2405 3051 2592 3115; x_wconf 86' lang='lat' dir='ltr'>Neque</span> <span class='ocrx_word' id='word_1_227' title='bbox 2629 3065 2762 3100; x_wconf 88' lang='lat' dir='ltr'>sane</span> 
     </span>
     <span class='ocr_line' id='line_1_24' title="bbox 265 3136 2761 3204; baseline -0.001 -16"><span class='ocrx_word' id='word_1_228' title='bbox 265 3153 310 3188; x_wconf 85' lang='lat' dir='ltr'>s.</span> <span class='ocrx_word' id='word_1_229' title='bbox 336 3139 612 3188; x_wconf 82' lang='lat' dir='ltr'>Damasus</span> <span class='ocrx_word' id='word_1_230' title='bbox 650 3137 743 3188; x_wconf 86' lang='lat' dir='ltr'>alii</span> <span class='ocrx_word' id='word_1_231' title='bbox 778 3139 947 3204; x_wconf 82' lang='lat' dir='ltr'>magis</span> <span class='ocrx_word' id='word_1_232' title='bbox 982 3138 1177 3188; x_wconf 87' lang='lat' dir='ltr'>idoneo</span> <span class='ocrx_word' id='word_1_233' title='bbox 1216 3139 1327 3188; x_wconf 89' lang='lat' dir='ltr'>viro</span> <span class='ocrx_word' id='word_1_234' title='bbox 1364 3137 1419 3186; x_wconf 90' lang='lat' dir='ltr'>id</span> <span class='ocrx_word' id='word_1_235' title='bbox 1454 3138 1719 3202; x_wconf 88' lang='lat' dir='ltr'>potuisset</span> <span class='ocrx_word' id='word_1_236' title='bbox 1753 3138 2096 3199; x_wconf 88' lang='lat' dir='ltr'>committere,</span> <span class='ocrx_word' id='word_1_237' title='bbox 2137 3152 2295 3202; x_wconf 89' lang='lat' dir='ltr'>quam</span> <span class='ocrx_word' id='word_1_238' title='bbox 2333 3136 2384 3186; x_wconf 88' lang='lat' dir='ltr'>d.</span> <span class='ocrx_word' id='word_1_239' title='bbox 2415 3137 2761 3201; x_wconf 89' lang='lat' dir='ltr'>Hieronymo,</span> 
     </span>
     <span class='ocr_line' id='line_1_25' title="bbox 266 3223 2764 3292; baseline -0.002 -16"><span class='ocrx_word' id='word_1_240' title='bbox 266 3242 441 3292; x_wconf 87' lang='lat' dir='ltr'>quem</span> <span class='ocrx_word' id='word_1_241' title='bbox 475 3231 685 3291; x_wconf 84' lang='lat' dir='ltr'>praeter</span> <span class='ocrx_word' id='word_1_242' title='bbox 712 3227 959 3275; x_wconf 87' lang='lat' dir='ltr'>eximiam</span> <span class='ocrx_word' id='word_1_243' title='bbox 994 3225 1345 3286; x_wconf 86' lang='lat' dir='ltr'>orientalium,</span> <span class='ocrx_word' id='word_1_244' title='bbox 1382 3239 1722 3274; x_wconf 83' lang='lat' dir='ltr'>romanarum</span> <span class='ocrx_word' id='word_1_245' title='bbox 1746 3239 2165 3290; x_wconf 86' lang='lat' dir='ltr'>graecarumque</span> <span class='ocrx_word' id='word_1_246' title='bbox 2190 3223 2464 3274; x_wconf 87' lang='lat' dir='ltr'>literarum</span> <span class='ocrx_word' id='word_1_247' title='bbox 2487 3225 2764 3288; x_wconf 76' lang='lat' dir='ltr'>peritiam3</span> 
     </span>
     <span class='ocr_line' id='line_1_26' title="bbox 264 3309 2764 3379; baseline -0.002 -16"><span class='ocrx_word' id='word_1_248' title='bbox 264 3313 659 3379; x_wconf 81' lang='lat' dir='ltr'>amplissimam</span> <span class='ocrx_word' id='word_1_249' title='bbox 712 3313 1070 3378; x_wconf 87' lang='lat' dir='ltr'>cognitionem</span> <span class='ocrx_word' id='word_1_250' title='bbox 1116 3313 1435 3362; x_wconf 85' lang='lat' dir='ltr'>Divinorum</span> <span class='ocrx_word' id='word_1_251' title='bbox 1468 3310 1838 3372; x_wconf 89' lang='lat' dir='ltr'>Voluminum,</span> <span class='ocrx_word' id='word_1_252' title='bbox 1889 3309 1942 3360; x_wconf 82' lang='lat' dir='ltr'><strong>S.</strong></span> <span class='ocrx_word' id='word_1_253' title='bbox 1979 3311 2038 3360; x_wconf 92' lang='lat' dir='ltr'>P.</span> <span class='ocrx_word' id='word_1_254' title='bbox 2090 3316 2142 3362; x_wconf 91' lang='lat' dir='ltr'>et</span> <span class='ocrx_word' id='word_1_255' title='bbox 2191 3310 2242 3361; x_wconf 90' lang='grc'><strong>8.</strong></span> <span class='ocrx_word' id='word_1_256' title='bbox 2281 3312 2372 3372; x_wconf 85' lang='grc' dir='ltr'><strong>Ε.,</strong></span> <span class='ocrx_word' id='word_1_257' title='bbox 2422 3311 2764 3360; x_wconf 86' lang='lat' dir='ltr'>traditionum</span> 
     </span>
     <span class='ocr_line' id='line_1_27' title="bbox 263 3398 2758 3463; baseline -0 -14"><span class='ocrx_word' id='word_1_258' title='bbox 263 3401 667 3450; x_wconf 85' lang='lat' dir='ltr'>Hebraicarum</span> <span class='ocrx_word' id='word_1_259' title='bbox 704 3405 758 3448; x_wconf 89' lang='lat' dir='ltr'>et</span> <span class='ocrx_word' id='word_1_260' title='bbox 794 3399 1217 3462; x_wconf 86' lang='lat' dir='ltr'>christianarum,</span> <span class='ocrx_word' id='word_1_261' title='bbox 1270 3404 1512 3448; x_wconf 82' lang='lat' dir='ltr'>exactam</span> <span class='ocrx_word' id='word_1_262' title='bbox 1546 3399 1789 3447; x_wconf 86' lang='lat' dir='ltr'>notitiam</span> <span class='ocrx_word' id='word_1_263' title='bbox 1838 3402 2012 3449; x_wconf 89' lang='lat' dir='ltr'>terrae</span> <span class='ocrx_word' id='word_1_264' title='bbox 2048 3413 2262 3462; x_wconf 86' lang='lat' dir='ltr'>sacrae;</span> <span class='ocrx_word' id='word_1_265' title='bbox 2310 3399 2534 3462; x_wconf 86' lang='lat' dir='ltr'>insignis</span> <span class='ocrx_word' id='word_1_266' title='bbox 2569 3398 2758 3463; x_wconf 80' lang='lat' dir='ltr'>pietas,</span> 
     </span>
     <span class='ocr_line' id='line_1_28' title="bbox 264 3485 2764 3537; baseline -0.001 -1"><span class='ocrx_word' id='word_1_267' title='bbox 264 3487 579 3537; x_wconf 82' lang='lat' dir='ltr'>indefessus</span> <span class='ocrx_word' id='word_1_268' title='bbox 598 3487 747 3536; x_wconf 81' lang='lat' dir='ltr'>zelus</span> <span class='ocrx_word' id='word_1_269' title='bbox 766 3515 832 3522; x_wconf 94' lang='lat'><strong>—</strong></span> <span class='ocrx_word' id='word_1_270' title='bbox 852 3491 909 3536; x_wconf 86' lang='lat' dir='ltr'>at</span> <span class='ocrx_word' id='word_1_271' title='bbox 932 3487 1225 3536; x_wconf 88' lang='lat' dir='ltr'>secundum</span> <span class='ocrx_word' id='word_1_272' title='bbox 1250 3487 1527 3536; x_wconf 88' lang='lat' dir='ltr'>scientiam</span> <span class='ocrx_word' id='word_1_273' title='bbox 1552 3485 1681 3535; x_wconf 89' lang='lat' dir='ltr'>fidei</span> <span class='ocrx_word' id='word_1_274' title='bbox 1709 3513 1760 3520; x_wconf 91' lang='lat'>-</span> <span class='ocrx_word' id='word_1_275' title='bbox 1781 3500 1914 3534; x_wconf 87' lang='lat' dir='ltr'>sana</span> <span class='ocrx_word' id='word_1_276' title='bbox 1938 3487 2122 3534; x_wconf 85' lang='lat' dir='ltr'>critica.</span> <span class='ocrx_word' id='word_1_277' title='bbox 2146 3485 2420 3536; x_wconf 83' lang='lat' dir='ltr'>ornabant.</span> <span class='ocrx_word' id='word_1_278' title='bbox 2462 3485 2612 3534; x_wconf 87' lang='lat' dir='ltr'>Adde</span> <span class='ocrx_word' id='word_1_279' title='bbox 2638 3485 2764 3534; x_wconf 89' lang='lat' dir='ltr'>huic</span> 
     </span>
     <span class='ocr_line' id='line_1_29' title="bbox 264 3573 2763 3625; baseline -0.001 -1"><span class='ocrx_word' id='word_1_280' title='bbox 264 3575 503 3624; x_wconf 85' lang='lat' dir='ltr'>Doctori</span> <span class='ocrx_word' id='word_1_281' title='bbox 537 3575 830 3625; x_wconf 86' lang='lat' dir='ltr'>studiorum</span> <span class='ocrx_word' id='word_1_282' title='bbox 868 3573 1183 3623; x_wconf 88' lang='lat' dir='ltr'>commercia</span> <span class='ocrx_word' id='word_1_283' title='bbox 1213 3573 1579 3622; x_wconf 86' lang='lat' dir='ltr'>intercessisse</span> <span class='ocrx_word' id='word_1_284' title='bbox 1606 3587 1728 3622; x_wconf 88' lang='lat' dir='ltr'>cum</span> <span class='ocrx_word' id='word_1_285' title='bbox 1753 3573 1880 3621; x_wconf 88' lang='lat' dir='ltr'>viris</span> <span class='ocrx_word' id='word_1_286' title='bbox 1907 3573 2132 3622; x_wconf 89' lang='lat' dir='ltr'>scientia</span> <span class='ocrx_word' id='word_1_287' title='bbox 2157 3578 2213 3620; x_wconf 91' lang='lat' dir='ltr'>et</span> <span class='ocrx_word' id='word_1_288' title='bbox 2241 3587 2443 3622; x_wconf 89' lang='lat' dir='ltr'>morum</span> <span class='ocrx_word' id='word_1_289' title='bbox 2479 3573 2763 3622; x_wconf 86' lang='lat' dir='ltr'>sanctitate</span> 
     </span>
     <span class='ocr_line' id='line_1_30' title="bbox 270 3657 2764 3724; baseline -0.002 -14"><span class='ocrx_word' id='word_1_290' title='bbox 270 3661 579 3711; x_wconf 85' lang='lat' dir='ltr'>illustribus</span> <span class='ocrx_word' id='word_1_291' title='bbox 632 3662 691 3709; x_wconf 90' lang='lat' dir='ltr'>in</span> <span class='ocrx_word' id='word_1_292' title='bbox 740 3660 960 3710; x_wconf 83' lang='lat' dir='ltr'>Oriente</span> <span class='ocrx_word' id='word_1_293' title='bbox 1010 3666 1064 3710; x_wconf 91' lang='lat' dir='ltr'>et</span> <span class='ocrx_word' id='word_1_294' title='bbox 1112 3659 1433 3722; x_wconf 83' lang='lat' dir='ltr'>Occidente3</span> <span class='ocrx_word' id='word_1_295' title='bbox 1495 3664 1710 3724; x_wconf 88' lang='lat' dir='ltr'>praesto</span> <span class='ocrx_word' id='word_1_296' title='bbox 1765 3658 1930 3708; x_wconf 86' lang='lat' dir='ltr'>fuisse</span> <span class='ocrx_word' id='word_1_297' title='bbox 1981 3660 2032 3708; x_wconf 91' lang='lat' dir='ltr'>ei</span> <span class='ocrx_word' id='word_1_298' title='bbox 2077 3659 2272 3709; x_wconf 89' lang='lat' dir='ltr'>multos</span> <span class='ocrx_word' id='word_1_299' title='bbox 2327 3659 2540 3708; x_wconf 87' lang='lat' dir='ltr'>codices</span> <span class='ocrx_word' id='word_1_300' title='bbox 2591 3657 2644 3707; x_wconf 83' lang='lat' dir='ltr'><strong>S.</strong></span> <span class='ocrx_word' id='word_1_301' title='bbox 2695 3657 2764 3720; x_wconf 88' lang='grc'><strong>8.,</strong></span> 
     </span>
     <span class='ocr_line' id='line_1_31' title="bbox 268 3745 2767 3813; baseline -0.001 -16"><span class='ocrx_word' id='word_1_302' title='bbox 268 3747 541 3813; x_wconf 83' lang='lat' dir='ltr'>Polyapla</span> <span class='ocrx_word' id='word_1_303' title='bbox 578 3747 827 3812; x_wconf 79' lang='lat' dir='ltr'>origenis</span> <span class='ocrx_word' id='word_1_304' title='bbox 865 3747 1079 3812; x_wconf 86' lang='lat' dir='ltr'>aliaque</span> <span class='ocrx_word' id='word_1_305' title='bbox 1118 3751 1407 3812; x_wconf 87' lang='lat' dir='ltr'>apparatus</span> <span class='ocrx_word' id='word_1_306' title='bbox 1447 3748 1617 3796; x_wconf 91' lang='lat' dir='ltr'>critici</span> <span class='ocrx_word' id='word_1_307' title='bbox 1652 3746 1918 3810; x_wconf 82' lang='lat' dir='ltr'>subsidia3</span> <span class='ocrx_word' id='word_1_308' title='bbox 1976 3746 2204 3811; x_wconf 87' lang='lat' dir='ltr'>denique</span> <span class='ocrx_word' id='word_1_309' title='bbox 2239 3746 2510 3810; x_wconf 84' lang='lat' dir='ltr'>ingenium</span> <span class='ocrx_word' id='word_1_310' title='bbox 2547 3745 2674 3794; x_wconf 88' lang='lat' dir='ltr'>felix</span> <span class='ocrx_word' id='word_1_311' title='bbox 2714 3749 2767 3794; x_wconf 87' lang='lat' dir='ltr'>et</span> 
     </span>
     <span class='ocr_line' id='line_1_32' title="bbox 270 3831 2767 3899; baseline -0.002 -15"><span class='ocrx_word' id='word_1_312' title='bbox 270 3849 454 3899; x_wconf 79' lang='lat' dir='ltr'>capax</span> <span class='ocrx_word' id='word_1_313' title='bbox 499 3833 925 3883; x_wconf 89' lang='lat' dir='ltr'>difficillimarum</span> <span class='ocrx_word' id='word_1_314' title='bbox 964 3833 1419 3898; x_wconf 86' lang='lat' dir='ltr'>disquisitionum;</span> <span class='ocrx_word' id='word_1_315' title='bbox 1464 3834 1704 3898; x_wconf 90' lang='lat' dir='ltr'>spiritum</span> <span class='ocrx_word' id='word_1_316' title='bbox 1742 3834 1994 3884; x_wconf 88' lang='lat' dir='ltr'>orationis</span> <span class='ocrx_word' id='word_1_317' title='bbox 2027 3838 2086 3882; x_wconf 74' lang='lat' dir='ltr'>&#39;et</span> <span class='ocrx_word' id='word_1_318' title='bbox 2122 3849 2214 3882; x_wconf 94' lang='lat' dir='ltr'>cor</span> <span class='ocrx_word' id='word_1_319' title='bbox 2249 3831 2518 3893; x_wconf 89' lang='lat' dir='ltr'>mundum,</span> <span class='ocrx_word' id='word_1_320' title='bbox 2569 3831 2767 3896; x_wconf 89' lang='lat' dir='ltr'>quibus-</span> 
     </span>
     <span class='ocr_line' id='line_1_33' title="bbox 271 3917 2765 3984; baseline -0.002 -13"><span class='ocrx_word' id='word_1_321' title='bbox 271 3922 407 3972; x_wconf 87' lang='lat' dir='ltr'>solis</span> <span class='ocrx_word' id='word_1_322' title='bbox 446 3921 627 3970; x_wconf 87' lang='lat' dir='ltr'>datum</span> <span class='ocrx_word' id='word_1_323' title='bbox 676 3926 757 3970; x_wconf 89' lang='lat' dir='ltr'>est</span> <span class='ocrx_word' id='word_1_324' title='bbox 802 3922 857 3968; x_wconf 91' lang='lat' dir='ltr'>in</span> <span class='ocrx_word' id='word_1_325' title='bbox 906 3919 1117 3970; x_wconf 88' lang='lat' dir='ltr'>abditos</span> <span class='ocrx_word' id='word_1_326' title='bbox 1174 3920 1226 3970; x_wconf 87' lang='lat' dir='ltr'>S.</span> <span class='ocrx_word' id='word_1_327' title='bbox 1263 3920 1547 3969; x_wconf 86' lang='lat' dir='ltr'>Librorum</span> <span class='ocrx_word' id='word_1_328' title='bbox 1602 3921 1882 3970; x_wconf 86' lang='lat' dir='ltr'>thesauros</span> <span class='ocrx_word' id='word_1_329' title='bbox 1935 3924 2234 3984; x_wconf 89' lang='lat' dir='ltr'>penetrare.</span> <span class='ocrx_word' id='word_1_330' title='bbox 2298 3919 2475 3978; x_wconf 81' lang='lat' dir='ltr'>Quare</span> <span class='ocrx_word' id='word_1_331' title='bbox 2514 3917 2566 3967; x_wconf 89' lang='grc'><strong>8.</strong></span> <span class='ocrx_word' id='word_1_332' title='bbox 2603 3919 2765 3967; x_wconf 88' lang='lat' dir='ltr'>Pater</span> 
     </span>
     <span class='ocr_line' id='line_1_34' title="bbox 273 4005 2766 4073; baseline -0.002 -15"><span class='ocrx_word' id='word_1_333' title='bbox 273 4023 601 4058; x_wconf 84' lang='lat' dir='ltr'>coaevorum</span> <span class='ocrx_word' id='word_1_334' title='bbox 638 4022 703 4056; x_wconf 90' lang='lat' dir='ltr'>ac</span> <span class='ocrx_word' id='word_1_335' title='bbox 739 4013 1071 4072; x_wconf 85' lang='lat' dir='ltr'>posterorum</span> <span class='ocrx_word' id='word_1_336' title='bbox 1107 4006 1407 4073; x_wconf 80' lang='lat' dir='ltr'>prodigium</span> <span class='ocrx_word' id='word_1_337' title='bbox 1445 4009 1629 4070; x_wconf 89' lang='lat' dir='ltr'>evasit,</span> <span class='ocrx_word' id='word_1_338' title='bbox 1667 4008 1874 4072; x_wconf 88' lang='lat' dir='ltr'>fuitque</span> <span class='ocrx_word' id='word_1_339' title='bbox 1913 4008 2114 4072; x_wconf 78' lang='lat' dir='ltr'>egregii</span> <span class='ocrx_word' id='word_1_340' title='bbox 2151 4005 2434 4055; x_wconf 86' lang='lat' dir='ltr'>Sacrarum</span> <span class='ocrx_word' id='word_1_341' title='bbox 2466 4006 2766 4054; x_wconf 85' lang='lat' dir='ltr'>Literarum</span> 
     </span>
     <span class='ocr_line' id='line_1_35' title="bbox 272 4092 2768 4159; baseline -0.002 -15"><span class='ocrx_word' id='word_1_342' title='bbox 272 4095 580 4159; x_wconf 87' lang='lat' dir='ltr'>interpretis</span> <span class='ocrx_word' id='word_1_343' title='bbox 616 4098 941 4158; x_wconf 82' lang='lat' dir='ltr'>prototypon</span> <span class='ocrx_word' id='word_1_344' title='bbox 978 4092 1345 4155; x_wconf 85' lang='lat' dir='ltr'>clarissimum,</span> <span class='ocrx_word' id='word_1_345' title='bbox 1391 4095 1449 4142; x_wconf 92' lang='lat' dir='ltr'>in</span> <span class='ocrx_word' id='word_1_346' title='bbox 1486 4110 1591 4159; x_wconf 93' lang='lat' dir='ltr'>quo</span> <span class='ocrx_word' id='word_1_347' title='bbox 1626 4092 1898 4142; x_wconf 87' lang='lat' dir='ltr'>laudando</span> <span class='ocrx_word' id='word_1_348' title='bbox 1934 4095 2043 4142; x_wconf 87' lang='lat' dir='ltr'>iam</span> <span class='ocrx_word' id='word_1_349' title='bbox 2079 4093 2300 4142; x_wconf 88' lang='lat' dir='ltr'>Veteres</span> <span class='ocrx_word' id='word_1_350' title='bbox 2339 4096 2624 4142; x_wconf 86' lang='lat' dir='ltr'>certarunt.</span> <span class='ocrx_word' id='word_1_351' title='bbox 2683 4092 2768 4140; x_wconf 86' lang='lat' dir='ltr'>Ita</span> 
     </span>
     <span class='ocr_line' id='line_1_36' title="bbox 275 4179 2768 4246; baseline -0.002 -16"><span class='ocrx_word' id='word_1_352' title='bbox 275 4181 333 4230; x_wconf 84' lang='lat' dir='ltr'><strong>S.</strong></span> <span class='ocrx_word' id='word_1_353' title='bbox 369 4181 809 4246; x_wconf 84' lang='lat' dir='ltr'>Augustinus,</span> <span class='ocrx_word' id='word_1_354' title='bbox 856 4181 921 4230; x_wconf 92' lang='lat' dir='ltr'>de</span> <span class='ocrx_word' id='word_1_355' title='bbox 962 4180 1076 4230; x_wconf 86' lang='lat' dir='ltr'>Civ.</span> <span class='ocrx_word' id='word_1_356' title='bbox 1113 4182 1232 4230; x_wconf 91' lang='lat' dir='ltr'>Dei.</span> <span class='ocrx_word' id='word_1_357' title='bbox 1268 4181 1463 4241; x_wconf 87' lang='lat' dir='ltr'>XVIII,</span> <span class='ocrx_word' id='word_1_358' title='bbox 1502 4182 1587 4229; x_wconf 83' lang='lat'><strong>43.</strong></span> <span class='ocrx_word' id='word_1_359' title='bbox 1623 4197 1676 4244; x_wconf 92' lang='lat' dir='ltr'>p.</span> <span class='ocrx_word' id='word_1_360' title='bbox 1715 4181 1832 4230; x_wconf 84' lang='lat'><strong>288.</strong></span> <span class='ocrx_word' id='word_1_361' title='bbox 1871 4180 2082 4229; x_wconf 87' lang='lat' dir='ltr'>scribit:</span> <span class='ocrx_word' id='word_1_362' title='bbox 2123 4180 2506 4244; x_wconf 87' lang='lat' dir='ltr'>„presbyter</span> <span class='ocrx_word' id='word_1_363' title='bbox 2540 4179 2768 4227; x_wconf 85' lang='lat' dir='ltr'>Hiero-</span> 
     </span>
     <span class='ocr_line' id='line_1_37' title="bbox 276 4266 2763 4331; baseline -0.001 -15"><span class='ocrx_word' id='word_1_364' title='bbox 276 4282 507 4331; x_wconf 85' lang='lat' dir='ltr'>nymus</span> <span class='ocrx_word' id='word_1_365' title='bbox 568 4267 751 4316; x_wconf 89' lang='lat' dir='ltr'>homo</span> <span class='ocrx_word' id='word_1_366' title='bbox 814 4266 1241 4317; x_wconf 88' lang='lat' dir='ltr'>doctissimus</span> <span class='ocrx_word' id='word_1_367' title='bbox 1304 4272 1366 4316; x_wconf 89' lang='lat' dir='ltr'>et</span> <span class='ocrx_word' id='word_1_368' title='bbox 1419 4268 1698 4316; x_wconf 88' lang='lat' dir='ltr'>omnium</span> <span class='ocrx_word' id='word_1_369' title='bbox 1756 4268 1951 4316; x_wconf 85' lang='lat' dir='ltr'>trium</span> <span class='ocrx_word' id='word_1_370' title='bbox 2011 4266 2384 4331; x_wconf 86' lang='lat' dir='ltr'>linguarum</span> <span class='ocrx_word' id='word_1_371' title='bbox 2445 4267 2763 4330; x_wconf 85' lang='lat' dir='ltr'>peritus.“</span> 
     </span>
     <span class='ocr_line' id='line_1_38' title="bbox 277 4352 2768 4419; baseline -0.002 -15"><span class='ocrx_word' id='word_1_372' title='bbox 277 4353 619 4419; x_wconf 86' lang='lat' dir='ltr'>Sulpicius</span> <span class='ocrx_word' id='word_1_373' title='bbox 676 4353 982 4416; x_wconf 88' lang='lat' dir='ltr'>Severus,</span> <span class='ocrx_word' id='word_1_374' title='bbox 1029 4352 1262 4418; x_wconf 87' lang='lat' dir='ltr'>Dialogo</span> <span class='ocrx_word' id='word_1_375' title='bbox 1312 4353 1357 4402; x_wconf 95' lang='grc' dir='ltr'><strong>Ι.</strong></span> <span class='ocrx_word' id='word_1_376' title='bbox 1404 4352 1470 4402; x_wconf 89' lang='lat' dir='ltr'>de</span> <span class='ocrx_word' id='word_1_377' title='bbox 1519 4354 1803 4404; x_wconf 83' lang='lat' dir='ltr'>virtutibus</span> <span class='ocrx_word' id='word_1_378' title='bbox 1850 4353 2092 4402; x_wconf 86' lang='lat' dir='ltr'>monach.</span> <span class='ocrx_word' id='word_1_379' title='bbox 2145 4353 2330 4402; x_wconf 90' lang='lat' dir='ltr'>orient.</span> <span class='ocrx_word' id='word_1_380' title='bbox 2367 4369 2420 4400; x_wconf 89' lang='lat'><strong>11.</strong></span> <span class='ocrx_word' id='word_1_381' title='bbox 2458 4353 2506 4400; x_wconf 88' lang='lat'><strong>4.</strong></span> <span class='ocrx_word' id='word_1_382' title='bbox 2559 4367 2609 4416; x_wconf 91' lang='lat' dir='ltr'>p.</span> <span class='ocrx_word' id='word_1_383' title='bbox 2650 4353 2768 4400; x_wconf 84' lang='lat'><strong>504.</strong></span> 
     </span>
     <span class='ocr_line' id='line_1_39' title="bbox 280 4437 2768 4506; baseline -0.002 -16"><span class='ocrx_word' id='word_1_384' title='bbox 280 4441 447 4502; x_wconf 87' lang='lat' dir='ltr'>„Mihi</span> <span class='ocrx_word' id='word_1_385' title='bbox 470 4443 579 4490; x_wconf 86' lang='lat' dir='ltr'>iam</span> <span class='ocrx_word' id='word_1_386' title='bbox 606 4441 807 4506; x_wconf 88' lang='lat' dir='ltr'>pridem</span> <span class='ocrx_word' id='word_1_387' title='bbox 843 4441 1203 4505; x_wconf 83' lang='lat' dir='ltr'>Hieronymus</span> <span class='ocrx_word' id='word_1_388' title='bbox 1240 4441 1513 4505; x_wconf 88' lang='lat' dir='ltr'>superiore</span> <span class='ocrx_word' id='word_1_389' title='bbox 1536 4439 1629 4489; x_wconf 87' lang='lat' dir='ltr'>illa</span> <span class='ocrx_word' id='word_1_390' title='bbox 1653 4455 1774 4489; x_wconf 89' lang='lat' dir='ltr'>mea</span> <span class='ocrx_word' id='word_1_391' title='bbox 1798 4441 2228 4504; x_wconf 87' lang='lat' dir='ltr'>peregrinatione</span> <span class='ocrx_word' id='word_1_392' title='bbox 2255 4443 2572 4503; x_wconf 86' lang='lat' dir='ltr'>compertus,</span> <span class='ocrx_word' id='word_1_393' title='bbox 2609 4437 2768 4487; x_wconf 85' lang='lat' dir='ltr'>facile</span> 
     </span>
     <span class='ocr_line' id='line_1_40' title="bbox 278 4523 2770 4592; baseline -0.002 -14"><span class='ocrx_word' id='word_1_394' title='bbox 278 4529 601 4590; x_wconf 85' lang='lat' dir='ltr'>obtinuerat,</span> <span class='ocrx_word' id='word_1_395' title='bbox 638 4533 698 4576; x_wconf 88' lang='lat' dir='ltr'>ut</span> <span class='ocrx_word' id='word_1_396' title='bbox 720 4527 926 4577; x_wconf 86' lang='lat' dir='ltr'>nullum</span> <span class='ocrx_word' id='word_1_397' title='bbox 962 4527 1092 4576; x_wconf 90' lang='lat' dir='ltr'>mihi</span> <span class='ocrx_word' id='word_1_398' title='bbox 1129 4527 1483 4592; x_wconf 86' lang='lat' dir='ltr'>expetendum</span> <span class='ocrx_word' id='word_1_399' title='bbox 1518 4528 1715 4577; x_wconf 89' lang='lat' dir='ltr'>rectius</span> <span class='ocrx_word' id='word_1_400' title='bbox 1754 4527 2057 4576; x_wconf 87' lang='lat' dir='ltr'>arbitrarer.</span> <span class='ocrx_word' id='word_1_401' title='bbox 2107 4527 2200 4575; x_wconf 91' lang='lat' dir='ltr'>Vir</span> <span class='ocrx_word' id='word_1_402' title='bbox 2233 4526 2374 4574; x_wconf 89' lang='lat' dir='ltr'>enim</span> <span class='ocrx_word' id='word_1_403' title='bbox 2398 4529 2610 4590; x_wconf 89' lang='lat' dir='ltr'>praeter</span> <span class='ocrx_word' id='word_1_404' title='bbox 2645 4523 2770 4572; x_wconf 91' lang='lat' dir='ltr'>fidei</span> 
     </span>
     <span class='ocr_line' id='line_1_41' title="bbox 281 4611 2769 4679; baseline -0.001 -16"><span class='ocrx_word' id='word_1_405' title='bbox 281 4616 543 4676; x_wconf 88' lang='lat' dir='ltr'>meritum,</span> <span class='ocrx_word' id='word_1_406' title='bbox 594 4613 881 4677; x_wconf 86' lang='lat' dir='ltr'>dotemque</span> <span class='ocrx_word' id='word_1_407' title='bbox 918 4615 1189 4676; x_wconf 85' lang='lat' dir='ltr'>virtutum,</span> <span class='ocrx_word' id='word_1_408' title='bbox 1225 4629 1334 4663; x_wconf 90' lang='lat' dir='ltr'>non</span> <span class='ocrx_word' id='word_1_409' title='bbox 1380 4613 1549 4664; x_wconf 88' lang='lat' dir='ltr'>solum</span> <span class='ocrx_word' id='word_1_410' title='bbox 1587 4614 1795 4664; x_wconf 89' lang='lat' dir='ltr'>Latinis</span> <span class='ocrx_word' id='word_1_411' title='bbox 1834 4617 1995 4679; x_wconf 88' lang='lat' dir='ltr'>atque</span> <span class='ocrx_word' id='word_1_412' title='bbox 2021 4612 2258 4674; x_wconf 82' lang='lat' dir='ltr'>Graccis,</span> <span class='ocrx_word' id='word_1_413' title='bbox 2296 4611 2390 4661; x_wconf 85' lang='lat' dir='ltr'>sed</span> <span class='ocrx_word' id='word_1_414' title='bbox 2428 4617 2481 4660; x_wconf 88' lang='lat' dir='ltr'>et</span> <span class='ocrx_word' id='word_1_415' title='bbox 2505 4611 2769 4661; x_wconf 86' lang='lat' dir='ltr'>Hebraeis</span> 
     </span>
    </p>

    <p class='ocr_par' dir='ltr' id='par_1_5' title="bbox 384 4699 2460 4754">
     <span class='ocr_line' id='line_1_42' title="bbox 384 4699 2460 4754; baseline 0 -8"><span class='ocrx_word' id='word_1_416' title='bbox 384 4707 601 4754; x_wconf 83' lang='lat' dir='ltr'>Danko,</span> <span class='ocrx_word' id='word_1_417' title='bbox 632 4707 748 4747; x_wconf 85' lang='lat' dir='ltr'>Hist.</span> <span class='ocrx_word' id='word_1_418' title='bbox 778 4706 1078 4748; x_wconf 81' lang='lat' dir='ltr'>Bevelationis</span> <span class='ocrx_word' id='word_1_419' title='bbox 1106 4707 1295 4748; x_wconf 76' lang='lat' dir='ltr'>divinae.</span> <span class='ocrx_word' id='word_1_420' title='bbox 1325 4707 1403 4748; x_wconf 85' lang='lat'><strong>111.</strong></span> <span class='ocrx_word' id='word_1_421' title='bbox 2395 4699 2460 4748; x_wconf 88' lang='grc'><strong>14</strong></span> 
     </span>
    </p>
   </div>
  </div>
 </body>
</html>
