3309 5300
1125 1093 1653 1189 CAPUT
1723 1092 2394 1189 PRIMUM

1562 1262 1737 1297 SECTIO
1781 1265 1953 1298 PRIMA.

1093 1348 1211 1463 'DE
1257 1386 1586 1463 CANONE
1633 1386 1693 1463 s.
1740 1385 2181 1462 LIBRORUM
2227 1387 2301 1461 U.
2348 1388 2411 1461 T.

891 1665 952 1742 ξ.
997 1665 1056 1727 2.
1103 1659 1339 1723 Notio
1387 1656 1977 1742 Scripturarum
2023 1656 2619 1722 Canonicarum.

716 1853 780 1901 In
839 1857 1067 1917 utraque
1121 1849 1397 1910 Ecclesia,
1459 1852 1567 1897 tam
1625 1846 1887 1897 Orientali
1950 1863 2110 1913 quam
2166 1846 2525 1909 Occidentali,
2589 1848 2896 1912 complexus
2956 1847 3009 1898 S.

506 1942 789 1991 Librorum
845 1943 1103 2003 tanquam
1159 1937 1450 2001 praecipua
1508 1934 1748 1999 „Regula
1803 1934 1958 1983 fidei“
2017 1940 2257 1995 nostrae,
2315 1935 2428 1983 sive
2484 1916 2772 1983 eorundem
2825 1936 3007 1996 index,

508 2026 870 2077 vetustissima
895 2023 1310 2074 consuetudine:
1352 2020 1875 2085 „Scripturarum
1917 2022 2168 2071 Canon“
2210 2021 2541 2086 adpellatur3
2580 2022 2809 2087 ideoque
2842 2037 3009 2086 quae-

510 2117 739 2165 stionem
787 2113 1067 2174 instituere
1118 2109 1184 2158 de
1235 2114 1378 2157 certo
1425 2108 1709 2157 Librorum
1759 2108 2044 2157 Sacrorum
2091 2124 2337 2169 numero,
2397 2108 2591 2158 dicitur
2640 2108 3008 2159 ecclesiastico

511 2215 658 2249 more
697 2200 1044 2263 inquirere
1081 2198 1147 2245 in
1182 2198 1394 2261 ipsum
1433 2194 1781 2243 Canonem.
2178 2254 2183 2259 ἱ

715 2286 759 2335 Ι.
797 2286 878 2335 Ne
916 2284 1143 2333 confusa
1177 2282 1404 2347 prodeat
1441 2282 1705 2345 quaestio,
1744 2282 2032 2330 videndum
2068 2282 2197 2347 quid
2232 2282 2320 2330 hic
2356 2281 2461 2330 loci
2496 2282 2733 2332 dicamus
2776 2283 2849 2343 „C
2864 2298 2942 2331 an
2955 2299 3010 2331 o·-

509 2374 711 2436 nem“;
768 2387 966 2421 nomen
1015 2370 1213 2435 quippe
1265 2368 1384 2429 ,,τοῧ
1434 2362 1687 2427 κανόνοςίι,
1739 2367 1864 2416 olim
1913 2367 2071 2417 latius
2122 2370 2309 2432 patuit,
2362 2374 2747 2433 acceptumque
2795 2369 2896 2417 fuit
2942 2369 3011 2417 de

511 2460 702 2524 quavis
739 2473 928 2512 norma
964 2472 1060 2506 seu
1093 2454 1300 2519 regula,
1353 2469 1492 2519 quae
1531 2453 1787 2503 discernit
1834 2459 2037 2503 rectum
2084 2455 2153 2503 ab
2192 2454 2412 2520 obliquo
2452 2460 2504 2505 et
2541 2471 2719 2515 curm,
2759 2469 3009 2521 quaeque

510 2561 613 2595 nec
649 2545 974 2594 additionem
1021 2558 1123 2592 nec
1161 2542 1544 2591 detractionem
1581 2540 1826 2590 admittit.
1881 2542 1955 2589 Et
1990 2556 2119 2591 sane
2158 2556 2223 2591 ex
2260 2558 2363 2591 usu
2398 2541 2616 2606 linguae
2653 2556 2897 2607 graecae,
2938 2542 3011 2591 ad

511 2622 596 2683 res
634 2632 885 2697 physicas
923 2646 1032 2680 non
1067 2630 1259 2692 minus,
1310 2642 1469 2694 quam
1518 2628 1588 2677 ad
1635 2627 1865 2677 morales
1904 2627 2333 2678 determinandas
2374 2627 2669 2678 adhibetur.
2733 2628 2814 2678 Cf.
2850 2629 3009 2679 Jose-

512 2721 693 2786 phum,
735 2735 778 2768 c.
805 2718 996 2782 Apion.
1023 2718 1096 2779 H,
1123 2719 1204 2765 17.
1230 2733 1282 2780 p.
1309 2717 1428 2765 483.
1466 2715 1762 2775 Platonem,
1799 2716 1856 2762 in
1892 2715 2116 2764 Philebo
2145 2715 2227 2764 ed.
2251 2716 2370 2779 Bip.
2396 2715 2467 2776 H,
2495 2717 2577 2764 36.
2615 2715 2687 2765 Μ.
2713 2714 2773 2764 F.
2802 2716 3012 2776 Quinti-

510 2806 728 2866 lianum,
758 2806 848 2870 qui
868 2804 934 2853 de
953 2804 1290 2853 institutione
1312 2803 1547 2851 oratoria
1563 2803 1631 2864 X,
1656 2804 1702 2850 1.
1722 2817 1909 2850 vocem
1930 2816 2178 2866 graecam
2206 2797 2436 2862 ,,κανὼν“
2457 2801 2621 2851 latine
2650 2802 3007 2862 „ordinem“

512 2898 594 2943 est
627 2894 1026 2956 interpretatus.
1065 2891 1128 2939 V.
1167 2891 1247 2938 ed.
1286 2890 1345 2938 P.
1384 2889 1677 2948 Burmann.
1712 2889 1887 2952 Lugd.
1925 2888 2116 2938 Batav.
2158 2891 2308 2940 1720.
2346 2889 2418 2951 Π,
2457 2891 2575 2938 893.
2626 2888 2707 2937 Cf.
2733 2888 2800 2937 D.
2826 2889 3011 2938 Ruhn-

510 2980 635 3041 ken,
673 2979 814 3027 Hist.
853 2993 925 3026 cr.
965 2977 1112 3025 Orat.
1151 2991 1327 3040 graec.
1364 2975 1533 3039 praef.
1573 2975 1654 3024 ed.
1692 2975 1881 3024 Rutilii
1917 2975 2080 3044 Lupi.¹
2114 2977 2183 3024 ib.
2225 2977 2376 3025 1768.
2414 2992 2465 3039 p.
2502 2974 2691 3024 XCIV.
2739 2976 2823 3024 Ex
2862 2975 2913 3024 S.
2954 2975 3009 3024 S.

512 3066 572 3114 P.
612 3067 670 3114 P.
708 3081 758 3114 V.
799 3063 851 3112 S.
891 3047 1206 3128 Gregorium
1243 3063 1418 3126 Nysa,
1461 3077 1505 3110 c.
1543 3063 1771 3111 Eunom.
1810 3061 1843 3110 1.
1881 3063 1972 3110 IV.
2014 3063 2093 3110 ed.
2130 3062 2312 3126 Migne
2349 3062 2419 3122 II,
2472 3063 2589 3111 649.
2642 3061 2693 3112 8.
2731 3062 3008 3124 Basilium,

513 3153 634 3202 adv,
671 3151 900 3200 Eunom.
940 3149 974 3198 1.
1013 3149 1056 3211 Ι,
1095 3151 1213 3198 212.
1254 3149 1306 3198 8.
1333 3148 1602 3197 Joannem
1641 3148 2093 3212 chrysostomum,
2131 3147 2270 3197 hom.
2296 3149 2417 3197 XII.
2454 3149 2510 3197 in
2548 3164 2629 3212 ep.
2670 3149 2739 3196 ad
2774 3147 3009 3214 Philipp.

512 3255 564 3289 n.
603 3241 651 3287 3.
688 3237 782 3299 XI,
822 3238 940 3286 293.
995 3235 1463 3300 Metaphorice
1501 3235 1747 3284 doctrina
1792 3235 1849 3282 in
1884 3235 2064 3284 Verbo
2100 3235 2206 3283 Dei
2254 3234 2451 3283 tradita
2494 3240 2718 3284 vocatur
2764 3231 3011 3296 ,,Κανὼν“

513 3325 580 3374 ab
617 3325 735 3388 ipso
776 3323 823 3371 d.
850 3322 1022 3372 Paulo
1059 3322 1130 3371 ΙΙ.
1171 3321 1291 3370 Cor.
1333 3323 1414 3383 10,
1456 3323 1536 3370 13.
1577 3320 1695 3370 Gal.
1735 3323 1785 3382 6,
1825 3323 1904 3369 16.
1942 3320 2175 3385 Philipp.
2214 3323 2262 3382 3,
2304 3322 2397 3383 163
2437 3326 2490 3370 et
2526 3335 2560 3370 a
2594 3323 2783 3385 priscis
2818 3321 3010 3371 Eccle-

515 3411 626 3460 siae
672 3410 733 3458 P.
769 3409 830 3459 P.
879 3415 932 3458 et
979 3409 1030 3458 8.
1069 3409 1133 3456 Ε.
1171 3409 1235 3458 V.
1289 3408 1340 3459 S.
1379 3409 1678 3469 Irenaeum,
1730 3408 1849 3456 adv.
1897 3407 2043 3456 haer.
2082 3407 2179 3457 111.
2222 3409 2301 3468 11,
2352 3410 2397 3456 1.
2449 3426 2500 3473 p.
2537 3410 2655 3456 463.
2707 3409 2797 3458 IV.
2837 3411 2920 3471 35,
2960 3413 3009 3458 4.

512 3513 564 3560 p.
605 3497 722 3545 682.
760 3495 1162 3558 Tertullianum,
1203 3495 1324 3544 adv.
1365 3495 1532 3543 Marc.
1569 3495 1663 3556 IV,
1692 3496 1739 3544 5.
1777 3511 1828 3558 p.
1859 3496 1974 3544 151.
2016 3493 2346 3544 Clementem
2382 3494 2551 3557 Alex„
2592 3495 2779 3544 Strom.
2806 3494 2899 3557 VI,
2927 3497 3010 3544 15.

515 3599 568 3646 p.
617 3584 734 3632 803.
785 3581 838 3632 8.
874 3582 1141 3631 Joannem
1194 3581 1647 3646 chrysostomum,
1697 3582 1753 3629 in
1802 3597 1846 3630 c.
1898 3583 1981 3630 33.
2035 3580 2167 3630 Gen.
2217 3581 2356 3634 hom.
2405 3581 2599 3643 LVHI,
2650 3583 2697 3630 3.
2748 3581 2840 3642 IV,
2890 3583 3010 3630 566.

516 3668 926 3730 Theodoretum,
971 3670 1187 3734 interpr.
1240 3668 1309 3717 ad
1359 3668 1477 3717 Gal.
1525 3670 1574 3730 6,
1624 3670 1705 3717 16.
1758 3669 1853 3716 ΙΠ.
1907 3671 1953 3728 1,
1992 3669 2111 3718 396.
2162 3673 2215 3717 et
2264 3666 2315 3716 S.
2352 3667 2616 3717 Isidorum
2664 3667 3007 3730 Pelusiotam‚

518 3769 601 3820 ep.
640 3754 674 3804 l.
711 3754 802 3817 IV,
843 3756 960 3802 114.
1001 3755 1081 3803 ed.
1119 3756 1300 3819 Migne
1344 3757 1493 3804 1158.
1553 3755 1699 3803 Hinc
1746 3755 1962 3804 tandem
2000 3755 2070 3804 ad
2104 3757 2223 3818 ipsa
2259 3755 2470 3804 transiit
2504 3754 2791 3804 Volumina
2828 3753 3009 3816 Sacra,

518 3843 710 3905 quibus
750 3842 936 3890 eadem
977 3856 1162 3890 norma
1200 3842 1587 3890 continebatur.
1641 3840 1917 3890 Canonem
1953 3856 2185 3905 namque
2220 3841 2316 3890 illa
2350 3841 2384 3890 1.
2423 3858 2468 3890 c.
2506 3841 2785 3890 Ecclesiae
2822 3843 3009 3890 Patres

517 3933 571 3977 et
597 3927 894 3991 Scriptores
931 3943 1126 3976 vocare
1167 3932 1571 3977 consueverunt.
1609 3928 1884 3977 Processit
1913 3926 2049 3976 haec
2073 3943 2169 3992 per
2192 3929 2569 3992 metonymiam
2605 3927 3011 3992 significationis

517 4015 762 4078 propriae
787 4015 844 4061 in
871 4013 1289 4077 metaphoricam
1315 4013 1610 4075 translatio,
1641 4030 1707 4063 ex
1733 4014 1976 4063 intuendi
2006 4016 2239 4063 ratione:
2280 4015 2332 4064 S.
2362 4014 2659 4079 Scripturas
2687 4016 2748 4063 V.
2778 4019 2831 4064 et
2855 4015 2917 4063 N.
2946 4015 3008 4064 Τ.

515 4115 733 4161 unam,
786 4102 914 4150 etsi
960 4116 1090 4149 non
1137 4100 1340 4150 solam
1389 4100 1714 4164 regulam,
1765 4094 1847 4149 τὸν
1885 4096 2063 4148 κανόνα
2110 4101 2279 4150 fidei
2330 4107 2394 4150 et
2440 4117 2677 4150 morum
2716 4103 3009 4150 continere.

517 4187 672 4235 Unde
709 4202 814 4235 vox
853 4183 1183 4247 ,,κανονίζειν“
1223 4187 1515 4236 denotabat
1551 4191 1686 4236 teste
1724 4187 2079 4249 TheodoretO,
2128 4187 2337 4252 explan.
2375 4189 2433 4236 in
2472 4188 2624 4236 Cant.
2662 4187 2733 4236 Π.
2775 4189 2819 4250 1,
2859 4191 2906 4237 3.
2944 4188 3009 4236 in

519 4273 852 4325 Canonem
877 4273 1264 4322 Divinarum
1301 4273 1799 4338 Scripturarum
1835 4274 2115 4336 referre,
2155 4289 2219 4322 ex
2245 4274 2429 4322 eadem
2458 4276 2662 4338 origine
2689 4275 3012 4323 adiectivum

517 4353 834 4420 ,,κανονιν.ὸς“
882 4365 1054 4408 ortum
1091 4366 1186 4421 est,
1237 4376 1359 4409 cum
1395 4360 1546 4409 nulla
1583 4360 1692 4410 alia
1728 4361 1942 4424 scripta,
1991 4361 2093 4408 nisi
2130 4361 2366 4424 genuina
2401 4361 2457 4408 in
2496 4360 2769 4409 Canonem
2806 4362 3010 4425 recipe-

517 4451 712 4494 rentur.
784 4445 1071 4510 Aptissime
1127 4447 1338 4495 demum
1393 4448 1607 4495 nomine
1667 4447 1787 4507 „105
1843 4441 2093 4507 xavo'v0;“,
2152 4448 2296 4496 notio
2350 4447 2541 4496 indicis
2597 4446 2685 4496 vel
2737 4442 3010 4514 καταλόγου

517 4532 938 4595 exprimebatur3
984 4561 1042 4567 —
1080 4532 1198 4581 coll.
1238 4533 1492 4594 Eusebio,
1530 4533 1600 4581 H.
1638 4533 1703 4582 E.
1742 4533 1833 4593 VI,
1874 4534 1955 4580 25.
2006 4549 2057 4596 p.
2098 4535 2213 4582 226.
2270 4532 2481 4595 Rufin0‚
2524 4549 2705 4597 expos.
2745 4536 2801 4582 in
2840 4535 3008 4596 symb.
