3309 5300
1174 460 1237 502 De
1262 460 1495 512 Interpret.
1528 463 1574 501 S.
1606 462 1649 502 S.
1681 461 1920 503 Catholicis.
2659 450 2793 516 339

288 635 605 710 Duguet,
640 636 705 695 L.
741 634 1109 695 Garrieres
1156 638 1215 696 C.
1250 638 1649 697 Saccarelli
1697 643 1758 697 et
1794 640 1912 698 alii.
1943 642 1994 698 E
2023 641 2267 719 reliquis
2296 641 2592 700 variorum
2625 642 2796 700 Ordi-

288 759 438 797 num
471 742 773 801 sodalibus
803 743 866 799 in
896 742 1287 800 dilucidandis
1320 741 1375 801 S.
1408 744 1643 818 Paginis
1673 744 2034 820 praeclaram
2081 746 2415 803 memoriam
2463 746 2694 821 scriptis
2733 746 2796 803 in

286 844 487 903 lucem
550 846 697 905 datis
759 847 870 904 sibi
926 850 1311 922 pepererunt:
1370 848 1579 905 Franc.
1644 848 1975 919 Huisius,
2037 848 2179 906 Ben.
2229 848 2288 907 C.
2333 849 2794 921 Montisferr.,

288 950 534 1007 Hector·
580 952 789 1008 Pinto
851 950 1298 1027 Hieronymian.
1355 951 1549 1009 Balth.
1606 954 1811 1023 Paez,
1873 953 2009 1009 Ord.
2057 953 2342 1025 Redemt„
2405 952 2464 1009 O.
2515 955 2714 1013 Simon
2759 973 2794 1010 a

288 1054 589 1131 Corroy,
621 1056 775 1115 Phil.
810 1056 889 1113 du
918 1055 1171 1113 Hamel
1203 1053 1466 1127 Goelest„
1492 1056 1714 1127 Gregor
1743 1056 2046 1127 Coelius,
2069 1058 2412 1115 Pannonius
2433 1078 2477 1114 s.
2504 1057 2676 1115 Pauli
2706 1077 2794 1133 pr.

288 1159 394 1215 Er.
431 1178 613 1231 mon.,
657 1160 835 1217 Mich.
867 1159 1251 1231 Gislerius,
1296 1160 1497 1236 Aloys.
1546 1160 1977 1231 Novarinus,
2023 1160 2235 1218 Joann.
2271 1162 2396 1219 Roa
2443 1161 2687 1232 Avila,
2723 1161 2790 1220 G.

290 1262 457 1334 Ere,
507 1267 661 1339 Aug.
708 1264 1145 1334 Torniellus,
1190 1266 1344 1337 Aug.
1394 1264 1799 1339 Steuchius,
1859 1264 2070 1322 Petrus
2095 1278 2149 1322 'a
2193 1266 2532 1340 Figuerio
2576 1265 2789 1324 Clerici

290 1366 635 1441 regulares3
698 1368 1104 1443 Ludolphus
1168 1367 1247 1423 de
1308 1367 1644 1438 Saxonia,
1707 1369 1865 1427 Petr.
1930 1368 2175 1439 Sutor,
2245 1370 2433 1427 Andr.
2499 1368 2792 1443 Capella

292 1470 699 1542 Carthusiani,
746 1472 1209 1530 Cherubinus
1249 1488 1284 1527 a
1316 1470 1373 1529 S.
1404 1472 1678 1547 Josepho,
1727 1471 2005 1530 Claudius
2036 1492 2070 1529 a
2101 1472 2336 1531 Monte
2380 1474 2795 1550 Martyrum,

294 1576 508 1634 Thom.
568 1576 1017 1647 Beauxamis,
1072 1577 1421 1651 ‚Iosephus
1484 1576 1803 1649 Angelus
1863 1596 1898 1633 a
1957 1578 2030 1635 N.
2090 1577 2154 1635 B.
2209 1578 2287 1636 M.
2337 1578 2427 1647 V„
2489 1578 2797 1636 Joannes

296 1700 331 1737 a
378 1682 439 1739 S.
478 1683 675 1761 Anna,
722 1681 1079 1738 Modestus
1126 1700 1161 1736 a
1205 1678 1261 1736 S.
1292 1680 1521 1737 Joanne
1549 1680 1680 1750 Ev„
1725 1682 1936 1739 Joann.
1969 1681 2044 1737 da
2087 1680 2444 1757 Sylveira,
2481 1681 2798 1738 Didacus

292 1784 369 1841 de
425 1785 622 1843 Leon
681 1783 1080 1845 carmelitae..
1122 1783 1373 1839 Demum
1428 1783 1785 1858 Gasparus
1846 1803 1881 1840 a
1941 1783 2116 1853 Melo,
2177 1784 2374 1841 Desid.
2431 1784 2796 1841 Erasmus

292 1888 881 1960 Rotterodamus,
928 1886 1193 1947 eruditus
1237 1887 1337 1949 sed
1382 1890 1684 1962 suspectus
1730 1885 2009 1962 scriptor,
2070 1887 2381 1963 impatiens
2435 1888 2621 1945 omnis
2675 1908 2796 1946 non

294 1990 500 2048 minus
563 1994 628 2050 in
688 1992 1005 2060 scribend0‚
1070 2011 1245 2069 quam
1307 1990 1371 2047 in
1431 1991 1688 2050 vivendo
1755 1990 2068 2065 ligaminis,
2129 1992 2292 2049 Hier.
2359 1992 2796 2067 Seripandus

296 2093 555 2167 Salem„
618 2096 741 2153 Jac.
790 2094 1113 2166 Veldius,
1174 2096 1341 2153 Joan.
1390 2095 1893 2166 Hoffmeister,
1955 2097 2122 2154 Joan.
2184 2093 2501 2168 Soaretz,
2571 2098 2792 2155 Sebast.

296 2198 695 2269 Tuscanus,
756 2200 855 2256 Fr.
904 2200 982 2259 M.
1032 2200 1370 2258 Wouters
1430 2218 1463 2257 e
1524 2197 1756 2256 familia
1801 2198 1858 2256 S.
1905 2198 2243 2274 Augustini.
2303 2199 2526 2257 Paulus
2573 2200 2794 2257 Justi-

295 2301 569 2360 n-ianus
615 2302 1093 2371 Camaldulensis,
1143 2302 1401 2361 moribus
1447 2307 1508 2361 et
1548 2302 1740 2361 literis
1787 2303 2072 2378 egregius.

477 2532 537 2611 ξ.
584 2531 726 2597 154.
772 2530 1162 2594 Encomia
1204 2538 1578 2593 texuntur
1625 2538 2082 2594 ceterorum
2126 2531 2482 2595 virorum
2529 2530 2621 2596 ab

761 2642 1225 2730 explanatis
1273 2641 1340 2707 S.
1388 2640 1837 2729 Scripturis
1882 2644 2338 2728 insignium.

514 2837 649 2897 Non
694 2838 1001 2898 scribimus
1047 2839 1396 2913 catalogum,
1441 2858 1634 2916 neque
1679 2858 1986 2898 recensere
2029 2839 2300 2897 volumus
2357 2838 2594 2898 nomina
2638 2839 2792 2899 viro-

297 2961 436 3000 rum
482 2943 759 3015 omnium,
816 2942 915 3020 qui
964 2961 1071 3018 per
1113 2943 1232 3000 tria
1275 2943 1384 3000 illa
1427 2941 1661 3000 saecula
1705 2942 1870 3000 XVI.
1921 2942 2121 3001 XVII.
2171 2947 2230 3001 et
2275 2944 2507 3002 XVIII.
2567 2943 2794 3002 clarue-

297 3049 450 3102 runt
494 3046 751 3104 exaratis
800 3046 1387 3105 commentationibus
1432 3047 1494 3104 in
1540 3047 1598 3104 S.
1633 3047 1993 3122 Scripturas3
2041 3048 2140 3105 sed
2188 3067 2220 3105 e
2265 3066 2511 3106 numero
2557 3047 2794 3105 illorum

296 3151 693 3226 producemus
754 3171 868 3222 eos,
931 3151 1033 3229 qui
1077 3171 1139 3210 se
1184 3150 1427 3211 scientia
1473 3151 1862 3229 operibusque
1907 3150 2259 3210 illustriores
2317 3151 2638 3210 reddidere.
2715 3152 2796 3209 Et

296 3255 415 3312 hoc
472 3254 705 3312 nomine
750 3255 962 3330 dignus
1008 3259 1095 3313 est
1140 3256 1417 3314 memoria
1461 3254 1737 3313 Urbanus
1782 3255 1949 3313 VIII.
2010 3253 2066 3313 S.
2114 3257 2178 3314 P.
2229 3255 2677 3330 paraphrasium
2730 3255 2792 3311 in

296 3358 566 3416 Psalmos
590 3363 650 3417 et
673 3357 913 3418 Cantica
941 3359 1155 3418 nobilis
1186 3360 1449 3434 scriptor.
1498 3361 1547 3416 E
1580 3359 1868 3417 Praelatis
1900 3363 1960 3418 et
1991 3357 2159 3416 Olero
2189 3359 2478 3419 saeculari
2511 3356 2792 3416 laudandi

297 3467 470 3520 sunt:
517 3463 683 3521 Gard.
731 3466 871 3521 Ant.
922 3463 1246 3535 Caraffa,
1292 3463 1459 3521 Card.
1509 3463 1575 3522 G.
1620 3463 1974 3534 Sirletus,
2020 3463 2192 3522 Corn.
2237 3462 2636 3522 Jansenius
2680 3460 2791 3536 Ep.

259 3557 617 3637 'Gandens.,
678 3565 869 3624 Fried.
914 3567 1207 3624 Nausea
1250 3568 1354 3642 Ep.
1403 3567 1597 3638 vind„
1660 3566 1828 3624 Card.
1889 3567 2063 3641 Gasp.
2128 3566 2610 3636 contarenus,
2656 3565 2790 3624 Ger.

297 3669 813 3726 Matthisisius
854 3670 993 3728 Gan.
1021 3669 1156 3740 001„
1190 3670 1383 3728 Germ.
1409 3669 1738 3741 Brixius,
1772 3670 1910 3728 Can.
1939 3670 2086 3741 Par„
2112 3669 2265 3728 Gilb.
2289 3669 2794 3728 Genebrardus

296 3769 413 3847 Ep.
463 3773 771 3850 Aquensis,
840 3773 950 3847 Ep.
1001 3774 1221 3832 Tortos.
1280 3774 1426 3832 Lud.
1487 3772 1631 3830 Ten
1648 3794 1710 3845 a,
1777 3775 1830 3832 J.
1879 3775 2304 3845 Nol-cassel,
2373 3774 2482 3849 Ep.
2529 3773 2791 3843 Gornrm,

300 3875 768 3950 Coriophilus
798 3877 907 3950 Ep.
942 3877 1123 3948 Icon.,
1154 3877 1371 3935 Canon.
1406 3877 1694 3934 Dominic.
1727 3877 2049 3948 Garzias,
2098 3877 2373 3936 Guilelm.
2403 3877 2788 3935 Lindanus
2818 3933 2823 3939 .

298 3980 413 4053 Ep.
446 3978 674 4050 Batav.,
704 3980 873 4038 Card.
908 3982 1023 4039 Jos.
1058 3983 1205 4038 Mar.
1243 3981 1704 4053 Thomasius,
1750 3981 1987 4056 ingenio
2017 3984 2243 4051 acutus,
2288 3980 2566 4038 memoria
2612 3979 2794 4049 felix;

300 4083 369 4139 in
401 4083 579 4142 sacris
625 4088 686 4142 et
731 4084 993 4158 profanis
1038 4085 1417 4160 scriptoribus
1461 4085 1908 4156 versatissimuS,
1955 4085 2097 4142 adeo
2141 4088 2339 4142 tamen
2383 4082 2691 4140 humiliter
2721 4083 2794 4140 de

301 4187 491 4262 seipso
554 4189 829 4260 sentisne,
886 4192 955 4246 ut
1010 4208 1312 4264 nunquam
1374 4207 1477 4246 suo
1538 4190 1639 4246 sed
1696 4188 1888 4246 alieno
1946 4188 2026 4245 Μ.
2074 4185 2276 4258 ,Oari‘
2331 4187 2568 4244 nomine
2613 4185 2792 4244 libros

301 4291 597 4366 vulgaret.
646 4293 789 4350 Ben.
835 4292 1147 4350 Bossuet
1190 4312 1281 4368 ep.
1332 4292 1513 4350 Meld.
1565 4295 1626 4350 et
1672 4290 1837 4349 Gard.
1885 4292 2006 4350 Jac.
2054 4291 2447 4348 Sadoletus
2493 4288 2792 4346 doctrinae

305 4395 478 4470 copia
522 4399 585 4453 et
626 4396 849 4471 ingenii
894 4396 1235 4455 celebritate
1296 4396 1646 4466 eminentes,
1713 4395 1958 4454 Hieron.
2019 4393 2318 4452 Osorius
2376 4394 2485 4466 Ep.
2530 4392 2792 4467 Algarb„

302 4499 469 4556 Hier.
536 4499 836 4557 Osorius
896 4500 1019 4556 iun.
1076 4500 1214 4558 Gan.
1260 4500 1557 4569 EborenS„
1612 4501 1781 4557 Joan.
1830 4498 2009 4568 Eck,
2075 4497 2178 4574 qui
2240 4516 2396 4554 unus
2456 4515 2530 4554 ex
2589 4495 2793 4570 primis

304 4621 365 4659 se
423 4605 774 4676 praetensae
828 4601 1255 4660 Reformationi
1302 4603 1587 4676 opposuit,
1648 4603 1686 4660 J
1688 4620 1818 4660 can.
1865 4602 2098 4658 Faber
2143 4598 2251 4676 Ep.
2303 4599 2566 4668 Vindob.‚
2619 4598 2788 4656 Card-

2381 4696 2479 4745 22*
