3309 5300
1479 1235 1542 1317 Ι.

701 1426 1220 1522 TABULA
1296 1427 2327 1526 CHRONOLOGICA

251 1631 714 1708 HISTORIAE
761 1634 1378 1711 REVELATIONIS
1420 1635 1786 1711 DIVINAE
1822 1636 2175 1712 VETERIS
2210 1637 2749 1715 TESTAMENTI.

1167 1887 1546 1941 Pefltoous
1593 1888 1840 1942 ΡΗΙΜΑ.

249 2007 340 2056 ΑΒ
377 2008 681 2060 ORIGINE
714 2011 954 2061 MUNDI
984 2012 1078 2060 ΕΤ
1116 2011 1654 2062 REVELATIONIS
1690 2011 1929 2073 USQUE
1963 2013 2059 2062 AD
2093 2014 2439 2064 TEMPORA
2471 2016 2743 2096 REGUM‚

889 2098 1050 2148 SIVE
1089 2098 1180 2147 AB
1219 2098 1414 2148 ANNO
1453 2100 1818 2149 4274—1084.
1856 2099 1918 2148 A.
1954 2101 2020 2150 N.
2060 2101 2118 2154 C.

250 2265 352 2299 Anni
367 2271 456 2302 ante

277 2327 347 2362 Ae.
374 2330 418 2362 V.
2637 2300 2717 2342 Ρη

284 2408 419 2456 4274
548 2411 782 2461 Mundus
819 2427 853 2461 a
888 2413 1006 2461 Deo
1054 2417 1264 2462 creatus
1336 2449 2537 2465 ..................
2713 2417 2742 2464 3

547 2497 761 2563 Lapsus
797 2499 1238 2564 Protoparentum
1271 2537 2537 2551 ...................
2677 2504 2741 2551 14

549 2584 750 2635 Cainus
789 2591 841 2635 et
877 2586 1014 2635 Abel
1051 2591 1345 2636 nascuntur
1404 2624 2538 2640 .................
2676 2589 2739 2636 19

285 2679 416 2729 3344
547 2674 784 2724 Adamus
821 2676 1043 2725 moritur
1055 2712 2536 2727 ......................
2675 2676 2741 2723 24

284 2766 415 2815 3287
545 2762 837 2811 Henochus
877 2764 1027 2812 vivus
1067 2778 1094 2812 e
1132 2767 1274 2811 terra
1293 2761 1551 2811 sublatus
1617 2799 2535 2814 ..............
2673 2762 2739 2809 23

283 2853 414 2902 3218
544 2850 810 2899 Nativitas
847 2850 963 2899 Noe·
988 2885 2534 2901 .......................
2672 2849 2740 2896 24

283 2940 413 2989 2718
546 2937 662 2986 No&
701 2938 886 3001 genuit
921 2936 1090 2986 filios:
1127 2936 1434 3001 Japhetum‚
1473 2934 1688 2984 Semum
1726 2940 1780 2984 et
1816 2935 2075 2985 chamum
2106 2975 2534 2987 .......
2672 2936 2737 2982 25
2810 2974 2823 2977 -

284 3026 413 3075 2619
457 3018 462 3045 ¹
544 3024 761 3073 Initium
799 3023 1002 3085 diluvii,
1042 3028 1314 3085 autumnO,
1353 3038 1534 3072 mense
1573 3022 1794 3072 Octobri
1826 3061 2533 3074 ...........
2670 3022 2737 3069 26

283 3113 412 3162 2618
543 3111 659 3159 Noe
697 3111 848 3160 iussu
883 3112 986 3161 Dei
1025 3111 1295 3177 egreditur
1332 3126 1396 3159 ex
1433 3125 1559 3159 arca
1615 3147 2532 3161 ..............
2669 3134 2735 3141 —-

281 3199 408 3248 2551
543 3197 730 3247 Heber
765 3213 800 3247 a
836 3197 960 3249 Sale
996 3199 1233 3248 nascitur
1263 3234 2325 3247 ................
2352 3222 2394 3245 -.
2453 3235 2463 3245 .
2522 3234 2533 3247 .
2668 3193 2736 3240 44

281 3286 411 3334 2517
542 3284 748 3351 Phaleg
782 3286 998 3336 Hebero
1036 3291 1193 3335 natus
1233 3285 1416 3335 eodem
1454 3289 1709 3349 tempore,
1749 3299 1853 3349 quo
1886 3283 2127 3332 confusio
2165 3282 2464 3348 linguarum
2491 3290 2544 3333 et
2583 3324 2589 3379 Ι

613 3372 871 3438 dispersio
910 3374 1145 3439 gentium
1185 3373 1378 3422 accidit
1407 3408 2531 3421 .................
2668 3402 2734 3409 -

280 3460 407 3508 2396
539 3460 716 3510 Thare
753 3466 904 3525 patre
941 3460 1188 3510 Nachoro
1226 3460 1467 3509 nascitur
1543 3496 2529 3508 ...............
2666 3488 2732 3496 —

278 3546 408 3594 2326
536 3548 804 3598 Nativitas
841 3548 1059 3597 Abrami
1096 3547 1192 3597 filii
1228 3547 1441 3596 Thatae
1472 3581 2528 3596 ................
2666 3575 2732 3582 —-

279 3633 407 3681 2269
535 3635 652 3684 Noe
691 3651 720 3683 e
757 3636 868 3684 vita
905 3635 1134 3685 decessit
1185 3670 2527 3684 ....................
2582 3648 2587 3736 ι
2666 3661 2732 3669 —-

278 3719 404 3767 2251
537 3722 764 3771 Vocatio
804 3722 1022 3771 Abrami
1058 3724 1114 3769 in
1150 3726 1345 3770 terram
1380 3721 1748 3785 promissionis
1822 3759 1831 3769 .
1892 3758 1902 3768 .
1961 3758 1971 3768 .
2031 3758 2041 3768 .
2100 3758 2111 3768 .
2169 3756 2179 3768 .
2238 3757 2250 3768 .
2308 3757 2320 3769 .
2378 3757 2389 3769 .
2447 3758 2458 3769 .
2516 3757 2528 3769 .
2581 3745 2585 3770 ι
2664 3721 2731 3768 46

278 3806 406 3852 2242
449 3799 454 3920 i
534 3808 868 3858 Abrahamus
923 3810 1096 3857 victor
1151 3808 1215 3856 de
1271 3808 1506 3872 quinque
1562 3823 1747 3871 regum
1804 3807 1971 3871 copiis
2022 3821 2055 3854 a
2106 3804 2535 3855 Melchisedecho

605 3895 892 3945 Sacerdote
929 3897 1034 3944 Dei
1067 3893 1337 3956 Altissimi,
1385 3895 1477 3959 qui
1529 3909 1723 3958 panem
1778 3892 1970 3941 obtulit
2016 3897 2069 3941 et
2118 3893 2313 3955 vinum,
2363 3894 2529 3942 bene-

606 3983 797 4032 dicitur
843 4017 2527 4032 .........................
2663 3988 2728 4035 49

604 4071 752 4119 Deus
790 4071 1028 4135 repetitis
1065 4068 1272 4117 vicibus
1310 4067 1616 4117 Abrahamo
1655 4066 1785 4115 facit
1822 4066 2199 4131 promissiones
2238 4066 2534 4130 foedusque

606 4172 726 4205 cum
763 4173 827 4205 eo
858 4158 955 4205 init
975 4190 2523 4205 .......................
2662 4159 2725 4206 51

275 4246 404 4294 2240
447 4281 452 4326 3
532 4242 836 4292 Abrahamo
875 4244 1111 4291 nascitur
1146 4240 1340 4291 Ismaiil
1380 4256 1444 4289 ex
1482 4240 1625 4304 Agar
1673 4276 2523 4289 .............
2578 4220 2583 4336 ἶ
2662 4244 2727 4291 52

274 4332 402 4379 2227
447 4331 452 4380 Ι
533 4329 866 4379 Abrahamus
905 4328 1298 4378 circumciditur
1333 4327 1490 4376 simul
1528 4342 1646 4375 cum
1686 4326 1919 4375 maribus
1959 4325 2144 4375 (lomus
2183 4340 2312 4374 suae
2368 4362 2379 4372 .
2441 4362 2450 4373 .
2512 4363 2521 4373 .
2660 4331 2726 4377 53

275 4418 402 4465 2226
535 4416 669 4465 Sara
704 4418 912 4480 peperit
941 4415 1104 4464 filium
1144 4416 1458 4480 promissum
1495 4415 1650 4462 Isaac
1678 4448 2521 4462 .............
2577 4344 2583 4582 Ι
2660 4415 2726 4463 57

275 4504 402 4551 2166
531 4503 721 4551 Isaaco
757 4503 969 4552 Esavus
1009 4507 1061 4551 et
1096 4502 1335 4551 Jacobus
1373 4498 1586 4564 gemelli
1625 4515 1653 4547 e
1690 4500 1939 4548 Rebecca
1974 4500 2087 4547 nati
2126 4504 2249 4547 sunt
2304 4536 2313 4545 .
2372 4538 2391 4558 .‚
2442 4535 2451 4546 .
2511 4536 2521 4546 .
2659 4501 2727 4549 60

273 4590 397 4648 2151
547 4587 882 4638 Abrahamus
921 4604 984 4638 ex
1021 4588 1122 4637 hac
1161 4589 1270 4636 vita
1307 4588 1362 4635 in
1399 4587 1553 4636 sedes
1589 4586 1709 4634 illas
1747 4587 1963 4634 Petrum
2000 4587 2210 4634 transiit
2239 4621 2525 4632 .....
2576 4587 2582 4645 Ι
2660 4612 2725 4620 -
