3309 5300
1134 417 1200 459 no
1228 417 1465 469 hta-pret.
1497 418 1541 460 s.
1570 417 1615 460 s.
1644 416 1885 461 οιιιιοιιοι.
2628 404 2752 470 341

935 765 1268 842 AETAS
1321 765 2113 843 RECENTISSIMA:

237 1031 300 1108 ἓ.
357 1029 519 1096 155.
566 1027 681 1091 De
730 1034 962 1090 statu
1005 1027 1708 1113 interpretationis
1755 1025 1823 1092 S.
1872 1026 1937 1091 S.
1987 1027 2427 1093 catholicae
2475 1053 2524 1093 s.
2564 1027 2754 1094 XIX.

473 1257 747 1316 Exeunte
806 1257 1039 1316 saeculo
1084 1258 1318 1316 XVIII.
1368 1261 1429 1316 et
1472 1258 1650 1316 XIX.
1695 1259 1957 1331 ineunte,
2018 1279 2125 1334 per
2167 1259 2511 1318 universum
2556 1261 2754 1318 orbem

233 1362 607 1438 disciplinae
634 1361 897 1421 Biblicae
943 1361 1215 1420 excultae
1245 1362 1520 1433 fuerunt3
1565 1362 1827 1419 studium
1856 1363 2241 1437 Linguarum,
2286 1365 2747 1441 Antiquitatum,

231 1466 518 1537 Oritices,
590 1465 861 1540 diligenti
921 1485 1097 1540 opera
1154 1469 1497 1540 provectum
1513 1511 1526 1537 ,
1595 1466 1829 1524 scholae
1892 1471 2122 1525 erectae
2189 1468 2287 1526 vel
2358 1469 2738 1540 instauratae,

232 1571 437 1628 diaria
462 1570 728 1627 literaria
750 1570 997 1640 condita,
1020 1569 1422 1628 Bibliothecae
1447 1574 1683 1628 auctae:
1718 1572 1928 1648 quibus
1953 1572 2219 1631 omnibus
2243 1590 2362 1629 non
2386 1572 2583 1647 potuit
2607 1593 2746 1645 non,

233 1675 430 1732 etiam
479 1673 739 1748 cognitio
770 1676 825 1734 S.
863 1674 1297 1749 Scripturarum
1329 1676 1488 1732 haud
1522 1675 1812 1733 mediocre
1843 1695 2051 1751 capere
2081 1676 2526 1735 incrementum.
2572 1678 2745 1751 Ipsae

243 1779 436 1836 etiam
484 1778 748 1836 hostium
794 1779 1110 1837 continuae
1156 1778 1431 1837 adversus
1471 1778 1646 1836 fidem
1687 1779 2077 1854 oppositiones
2123 1780 2531 1838 necessitatem
2562 1781 2744 1856 impo-

237 1886 520 1954 suerunt,
570 1883 895 1940 doctrinam
942 1882 1304 1940 Catholicam
1349 1884 1779 1959 propugnandi.
1840 1884 2084 1959 Reperti
2130 1888 2269 1942 sunt
2313 1884 2471 1942 inter
2516 1889 2742 1943 nostros

239 2007 426 2065 quam
471 1987 734 2062 plurimi,
783 1986 884 2064 qui
916 1986 1012 2044 vel
1043 1987 1106 2043 in
1140 1987 1334 2044 omnia
1363 1986 1462 2045 vel
1491 1988 1555 2044 in
1584 1987 1787 2065 aliqua
1816 1987 2137 2046 Volumina
2182 2009 2225 2047 e.
2258 1987 2480 2046 Codicis
2525 1989 2743 2063 scripta

239 2091 646 2162 commentati,
692 2111 924 2149 sensum
972 2091 1414 2166 grammaticum
1462 2093 1516 2151 S.
1552 2091 1606 2148 S.
1656 2092 2099 2168 investigarent,
2146 2091 2437 2151 Historias
2482 2095 2537 2152 S.
2574 2094 2740 2151 novis

241 2195 756 2273 disquisitionibus
787 2195 1174 2266 illustrarent,
1212 2196 1432 2254 Lexica
1462 2201 1522 2254 et
1553 2197 1960 2270 grammaticas
1992 2197 2429 2268 concinnarent,
2466 2197 2741 2255 Oriticam

242 2321 284 2357 s.
317 2304 688 2372 exercerent,
712 2299 1024 2358 Versiones
1055 2305 1114 2358 et
1133 2300 1434 2358 Editiones
1456 2300 1785 2358 Bibliorum
1816 2301 2202 2373 adornarent;
2242 2306 2419 2380 atque
2441 2302 2505 2358 in
2528 2320 2742 2375 genere

241 2404 508 2464 breviori
570 2408 631 2461 et
690 2405 875 2479 magis
933 2408 1210 2462 accurata
1268 2404 1514 2475 ratione,
1579 2425 1755 2482 quam
1815 2406 2036 2462 factum
2094 2408 2183 2462 est
2237 2409 2393 2476 ante,
2457 2405 2739 2464 lectiones

245 2529 288 2565 s.
329 2509 670 2568 Literarum
714 2509 1175 2567 introducerent.
1240 2509 1408 2567 Unde
1451 2513 1611 2567 certa
1641 2514 1731 2567 est
1760 2509 2070 2580 conclusio,
2119 2509 2272 2566 nulli
2302 2512 2412 2567 hoc
2444 2509 2741 2568 saeculum

243 2612 513 2672 virorum
543 2612 611 2672 in
643 2613 849 2691 quovis
881 2632 1097 2688 genere
1129 2614 1493 2672 eruditorum
1523 2614 1692 2691 copia
1722 2614 1958 2686 cedere;
2006 2613 2106 2692 qui
2154 2618 2352 2672 tamen
2397 2614 2515 2672 suis
2561 2614 2738 2673 etiam

243 2738 360 2776 non
403 2721 732 2776 caruerunt
763 2717 1103 2777 defectibus.
1152 2716 1655 2779 Quemadmodum
1690 2722 1848 2777 enim
1878 2739 1997 2777 non
2027 2738 2226 2778 omnes
2270 2720 2649 2777 orthodoxam
2683 2719 2738 2776 S.

245 2823 580 2881 Literarum
612 2822 935 2880 doctrinam
967 2824 1154 2881 secuti
1195 2827 1351 2894 sunt,
1399 2823 1483 2880 ita
1515 2842 1749 2901 quoque
1793 2824 1865 2881 de
1900 2822 2386 2898 interpretatione
2415 2824 2743 2899 Hagiogra-

243 2928 497 3001 phorum
528 2928 598 2985 U.
628 2928 695 2984 F.
730 2947 848 2984 non
895 2946 1092 2985 omnes
1139 2929 1339 2986 eodem
1385 2929 1553 2986 modo
1597 2928 1793 2986 meriti
1838 2928 2023 2986 fuere.
2071 2930 2196 2985 Imo
2242 2948 2356 2986 non
2405 2928 2739 3001 defuerunt,

247 3032 344 3107 qui
377 3031 864 3089 Acatholicorum
909 3032 1160 3107 vestigia
1190 3032 1363 3089 nimis
1395 3032 1653 3091 fideliter
1697 3036 2044 3107 prementes,
2092 3051 2271 3091 novas
2317 3032 2740 3107 explicationes

246 3134 382 3194 locis
429 3136 611 3194 etiam
657 3136 996 3209 dogmaticis
1054 3136 1408 3207 intulerunt,
1471 3156 1614 3215 quas
1661 3137 1909 3214 quisque
1954 3134 2289 3193 Catholicus
2345 3134 2496 3193 iuste
2541 3143 2741 3195 censet

245 3259 366 3299 esse
395 3240 814 3316 repudiandae.
859 3240 916 3297 N
918 3241 1146 3316 eglecta
1185 3241 1548 3315 Analogia
1591 3240 1778 3297 fidei
1823 3240 2329 3299 lucubrationibus
2375 3240 2494 3297 suis
2538 3242 2740 3299 Ratio-

245 3344 564 3402 nalismum
609 3344 672 3402 in
710 3345 929 3403 Textus
978 3344 1034 3401 S.
1082 3344 1458 3415 invexerunt,
1505 3344 1562 3402 S.
1597 3345 1662 3401 P.
1712 3349 1773 3401 et
1820 3344 1876 3402 S.
1908 3344 1975 3401 E.
2025 3348 2085 3402 et
2130 3343 2378 3402 aliorum
2423 3346 2737 3419 proborum

244 3447 647 3524 interpretum
711 3448 1106 3524 expositiones
1168 3448 1268 3507 vel
1326 3449 1679 3522 ignorarunt
1737 3448 1837 3507 vel
1896 3452 2364 3519 contemserunt3
2420 3449 2738 3524 Vulgatam

250 3554 716 3629 vilipenderant,
760 3554 832 3611 de
876 3553 947 3610 D.
995 3554 1549 3628 Hagiographorum
1596 3552 1983 3627 inspiratione
2028 3572 2334 3629 perperam
2382 3556 2738 3622 statuerunt,

246 3677 417 3715 usum
484 3657 768 3736 loquendi
835 3657 1083 3715 nimium
1156 3662 1432 3715 urserunt
1447 3701 1461 3728 ,
1530 3656 2005 3715 Acatholicorum
2076 3657 2376 3732 opiniones
2442 3657 2739 3735 librosque

247 3761 513 3839 impense
580 3763 1077 3820 commendarunt.
1143 3794 1222 3804 -—
1276 3762 1588 3837 Praecipui
1655 3762 1833 3819 huius
1901 3760 2129 3835 ingenii
2189 3760 2468 3836 Theologi
2536 3767 2737 3819 erant:

249 3867 416 3925 Dom.
447 3866 840 3935 Brentano,
885 3866 1071 3923 Altm.
1129 3864 1447 3940 Arigler,
1491 3867 1556 3922 P.
1591 3864 1670 3922 M.
1728 3866 2041 3934 Arneth,
2086 3866 2162 3921 H.
2214 3863 2474 3936 Braun,
2517 3864 2736 3924 Leand.

247 3990 363 4029 van
394 3972 543 4040 Ess,
591 3970 813 4027 Thadd.
856 3970 1042 4028 Andr.
1073 3971 1397 4040 Dereser,
1431 3970 1600 4027 Joan.
1634 3969 1882 4037 Babor,
1923 3970 2110 4027 Andr.
2147 3967 2288 4026 Ben.
2322 3969 2733 4038 Feilmoser,

247 4074 303 4133 G.
339 4074 668 4143 Fischer,
703 4075 756 4132 J.
783 4075 864 4131 M.
901 4073 1269 4149 Engstler,
1300 4074 1418 4132 Jos.
1449 4073 1881 4148 Gehringer,
1912 4074 2083 4131 Joan.
2115 4072 2271 4131 Blae.
2307 4072 2733 4144 Gerhauser,

250 4179 447 4254 Aloys.
495 4180 652 4236 Petr.
698 4177 952 4247 Gratz,
1013 4176 1095 4236 St.
1142 4178 1373 4255 Hayd,
1437 4178 1554 4236 Jos.
1613 4179 1791 4236 Laur.
1837 4176 2241 4246 Isenbiehl,
2303 4176 2472 4235 Joan.
2518 4177 2740 4245 Jahn,

247 4284 296 4341 J.
320 4282 737 4353 Lami,.Joan.
764 4281 936 4357 Greg.
964 4283 1228 4359 Meyer,
1260 4283 1390 4340 Seb.
1419 4280 1867 4351 Mutschelle,
1898 4280 2372 4356 Monsperger‚
2406 4280 2595 4337 Adam
2616 4282 2734 4338 Jos.

249 4388 591 4465 Onymus,
639 4386 842 4462 Aloys.
893 4385 1416 4457 Sandbiichler,
1464 4385 1606 4443 Bon.
1655 4386 1735 4441 M.
1781 4384 2360 4461 Schnappinger,
2414 4383 2732 4459 christoph

247 4492 570 4562 Fischer,
633 4491 774 4548 Ant.
833 4491 1041 4565 Vogt,
1099 4492 1406 4548 Innocent.
1465 4488 1780 4558 Fessler,
1840 4486 1936 4545 Fr.
2000 4489 2193 4547 Emer.
2258 4488 2733 4558 Simanovics,

249 4596 312 4652 G.
360 4594 626 4652 Zirkel.
687 4592 825 4651 Istis
871 4592 1105 4670 quidem
1163 4592 1587 4667 interpretibus
1645 4593 2046 4667 opposuerunt
2086 4610 2149 4649 se
2194 4591 2297 4653 alii
2341 4590 2455 4651 viri
2500 4590 2731 4661 iudicio,
