3309 5300
1148 425 1285 479 Leges
1315 425 1472 479 explic.
1502 428 1546 469 S.
1576 424 1842 480 scripturae.
2615 410 2739 477 307

249 726 308 805 ξ.
364 727 510 791 138.
557 722 675 787 De
722 722 1115 807 Allegatis
1159 722 1225 787 S.
1261 722 1326 787 S.
1374 746 1618 808 penes
1663 746 1712 787 S.
1745 723 2028 786 Patres
2077 730 2151 785 et
2198 720 2646 817 Scriptores
2689 744 2743 785 e.

892 835 900 843 ’
1260 836 1748 921 disquisitiO.
1863 849 1891 876 ⁸

466 1054 601 1104 Cum
636 1055 920 1105 recentiori
955 1059 1192 1119 tempore
1218 1082 1283 1089 —
1308 1070 1358 1103 v,
1398 1052 1520 1104 Chr.
1557 1054 1645 1104 Fr.
1684 1054 1956 1103 Matthaei.
1997 1054 2061 1104 N.
2087 1054 2148 1103 T.
2177 1053 2351 1103 Viteb.
2382 1056 2532 1104 1803.
2557 1054 2601 1115 1,
2630 1055 2746 1105 680.

250 1142 394 1191 Ueb.
435 1140 485 1191 d.
523 1158 635 1208 sog.
673 1143 899 1191 Recens.
936 1158 987 1207 p.
1027 1144 1073 1190 2.
1115 1158 1157 1191 s.
1187 1169 1249 1177 -
1276 1157 1384 1191 non
1420 1141 1507 1190 hic
1543 1139 1721 1202 illeve,
1759 1140 1853 1191 sed
1891 1140 1960 1191 ad
1997 1157 2160 1189 unum
2197 1156 2380 1191 omnes
2417 1141 2528 1191 fere
2567 1140 2750 1190 Critici

252 1228 546 1277 acatholici
600 1228 653 1278 S.
702 1230 763 1278 P.
817 1232 871 1277 et
915 1226 968 1277 S.
1016 1229 1100 1290 E„
1156 1228 1391 1277 criminis
1442 1228 1643 1277 Textus
1695 1228 1745 1278 S.
1799 1244 1862 1277 ex
1911 1228 2123 1293 ingenio
2174 1229 2484 1293 saepissime
2542 1229 2748 1289 mutati,

253 1318 307 1364 et
332 1316 697 1380 negligentiae
721 1317 777 1365 in
801 1315 935 1365 locis
961 1315 1461 1380 Hagiographorum
1488 1315 1784 1364 excitandis
1816 1314 1952 1365 falso
1991 1320 2309 1365 accusarent
2335 1314 2386 1365 S.
2413 1308 2472 1364 P.
2499 1320 2552 1364 et
2577 1314 2629 1365 S.
2655 1316 2750 1377 E.;

253 1400 542 1466 diligenter
577 1402 651 1451 de
688 1401 1029 1467 Allegatis
1068 1400 1122 1451 S.
1159 1400 1213 1451 S.
1251 1401 1427 1466 apud
1460 1402 1522 1451 P.
1562 1406 1624 1451 et
1661 1400 1713 1450 S.
1751 1401 1816 1451 Ε.
1857 1416 2067 1451 causa
2104 1402 2420 1466 exponenda
2457 1406 2509 1451 et
2545 1402 2750 1466 discep-

251 1487 425 1537 tanda
463 1488 577 1537 erit.
625 1488 980 1537 Coniecerunt
1014 1488 1119 1537 iam
1156 1488 1518 1552 superioribus
1558 1490 1705 1538 aevis
1754 1488 1852 1537 has
1899 1489 2268 1537 accusationes
2308 1489 2657 1553 conviciaque
2696 1490 2749 1537 in

256 1572 311 1623 S.
338 1574 399 1623 P.
429 1580 481 1625 et
504 1574 557 1624 8.
582 1576 648 1623 Ε.
673 1576 726 1625 J.
752 1574 1027 1637 Dallaeus‚
1068 1574 1135 1623 de
1172 1589 1274 1623 usu
1305 1574 1523 1623 Patrum
1550 1575 1618 1623 ad
1644 1589 1711 1623 ea
1736 1573 2036 1624 definienda
2063 1574 2356 1639 Religionis
2393 1577 2585 1640 capita,
2615 1590 2751 1640 quae

258 1660 423 1709 hodie
462 1666 586 1710 sunt
623 1666 980 1711 controversa.
1021 1658 1153 1710 Gen.
1184 1662 1334 1711 1656.
1373 1676 1423 1726 p.
1450 1662 1568 1710 234.
1595 1675 1637 1709 s.
1675 1660 1832 1723 Pfaff,
1873 1660 1938 1709 de
1974 1661 2216 1726 genuinis
2242 1662 2306 1710 N.
2333 1661 2394 1710 T.
2421 1660 2752 1711 lectionibus.

257 1748 457 1812 Stuttg.
483 1750 635 1797 1720.
661 1748 903 1797 Eandem
924 1748 1245 1797 cantilenam
1266 1764 1329 1797 ex
1350 1748 1543 1798 nostris
1570 1748 1812 1797 cecinere
1832 1748 2088 1810 Morinus,
2112 1748 2176 1796 de
2195 1748 2434 1798 Hebraei
2455 1748 2754 1813 Graecique

256 1839 438 1883 textus
476 1836 799 1897 sinceritate,
836 1835 881 1884 Ι.
919 1835 1011 1883 ΙΧ.
1049 1836 1101 1893 4,
1139 1836 1185 1884 2.
1224 1851 1275 1899 p.
1313 1836 1431 1884 417.
1470 1834 1660 1883 Fidem
1697 1851 1824 1885 vero
1863 1834 1914 1884 S.
1954 1835 2013 1884 P.
2053 1838 2107 1884 et
2144 1834 2196 1884 S.
2232 1836 2299 1883 E.
2339 1836 2548 1900 egregie
2586 1834 2754 1883 vindi·

258 1927 469 1971 carunt.
536 1920 594 1971 C.
644 1923 695 1971 J.
745 1920 1048 1984 Ansaldi,
1105 1920 1231 1970 Ord.
1285 1921 1476 1971 Praed.
1534 1922 1598 1971 de
1654 1922 1974 1971 authenticis
2030 1921 2313 1970 Sacrarum
2369 1921 2757 1987 Scripturarum

258 2008 409 2072 apud
472 2006 527 2057 S.
578 2008 633 2057 S.
682 2009 869 2058 Patres
931 2008 1248 2059 lectionibus
1308 2007 1431 2057 libri
1485 2008 1607 2058 duc.
1675 2010 1917 2059 Veronae
1973 2011 2124 2058 1747.
2196 2010 2269 2058 Et
2323 2009 2466 2073 quod
2526 2010 2756 2059 mireris:

260 2094 666 2156 Griesbach,
707 2095 831 2145 diss.
870 2112 941 2145 cr.
980 2094 1046 2144 de
1083 2096 1201 2145 cod.
1228 2111 1277 2162 q.
1304 2096 1403 2145 Ev.
1432 2095 1647 2161 Origen.
1675 2112 1727 2161 p.
1755 2098 1873 2146 278.
1901 2112 1942 2145 s.
1981 2096 2203 2158 Vater,
2245 2096 2503 2161 Specileg.
2545 2097 2754 2145 observ.

258 2181 299 2242 I,
343 2184 428 2231 12.
468 2196 510 2231 a.
548 2184 647 2231 viri
685 2182 982 2232 acatholici.
1024 2183 1076 2232 S.
1102 2183 1291 2233 Patres
1331 2198 1359 2231 e
1398 2183 1449 2231 S.
1486 2182 1772 2248 Scripturis
1810 2184 2116 2232 testimonia
2151 2183 2405 2244 dicentes,
2442 2199 2550 2232 non
2588 2182 2759 2233 solum

260 2270 316 2318 in
356 2267 767 2319 Commentariis
805 2269 873 2318 ad
912 2269 963 2319 S.
1002 2268 1195 2331 Biblia,
1244 2269 1339 2318 sed
1376 2273 1429 2318 et
1462 2270 1519 2318 in
1556 2267 1831 2334 polemicis
1878 2269 2340 2319 lucubrationibus
2377 2271 2603 2318 maxime
2640 2285 2759 2319 cum

260 2356 525 2405 adversus
562 2355 916 2405 heterodoxos
956 2361 1270 2421 pugnarent,
1320 2357 1374 2405 in
1411 2356 1657 2405 Homiliis
1699 2360 1752 2405 et
1789 2356 2095 2421 ubicunque
2135 2372 2192 2405 se
2229 2355 2528 2421 Scripturas
2566 2348 2760 2405 citasse

264 2442 571 2503 ostendunt,
624 2458 733 2491 non
780 2443 1096 2504 memoriter,
1135 2443 1516 2505 arbitrarie,
1565 2447 1617 2491 et
1651 2442 1994 2492 tumultuarie
2033 2443 2088 2492 id
2124 2443 2332 2505 fecisse,
2371 2443 2466 2492 sed
2501 2443 2760 2513 Textibus

265 2528 588 2593 originariis
614 2544 679 2579 ac
704 2530 1051 2579 Versionibus
1078 2530 1385 2579 adhaesisse
1412 2531 1550 2590 suis;
1591 2532 1772 2595 itaque
1809 2530 1878 2579 ab
1917 2529 2099 2594 aliqua
2134 2532 2464 2593 recensione,
2503 2531 2758 2594 interpre-

265 2617 495 2676 tatione,
554 2616 623 2666 ab
674 2614 853 2682 aliquo
904 2616 1114 2667 demum
1170 2632 1264 2667 seu
1320 2620 1558 2668 correcto
1615 2633 1710 2668 seu
1765 2618 1940 2666 minus
1997 2621 2233 2666 correcto
2287 2617 2338 2666 S.
2389 2616 2441 2667 S.
2491 2616 2761 2667 volumine

270 2731 338 2740 -—
379 2704 570 2754 saltem
609 2705 754 2769 quod
790 2706 899 2755 suis
938 2705 1217 2754 obtinebat
1252 2705 1309 2753 in
1344 2703 1605 2754 Ecclesiis
1642 2704 1893 2771 quodque
1931 2704 2075 2770 apud
2111 2706 2348 2769 privatos
2385 2704 2531 2754 licito
2570 2706 2626 2754 in
2663 2719 2765 2753 usu

268 2794 404 2852 erat,
428 2818 496 2826 -—
518 2791 791 2842 derivasse
818 2796 872 2840 et
892 2791 1278 2856 pronunciasse
1306 2791 1358 2840 S.
1386 2791 1780 2856 Scripturarum
1817 2793 2134 2854 testimonia,
2171 2791 2454 2856 multiplici
2480 2797 2532 2840 et
2558 2790 2764 2840 efficaci

267 2883 585 2942 argumento
636 2877 937 2928 confirmari
986 2882 1175 2942 potest.
1237 2878 1539 2943 Antequam
1588 2878 1880 2928 calumnias
1927 2879 1983 2926 in
2021 2877 2073 2926 S.
2111 2879 2170 2927 P.
2209 2883 2263 2927 et
2300 2878 2351 2927 S.
2389 2879 2454 2927 E.
2494 2880 2760 2943 proiectas

268 2963 626 3030 repellamus:
688 2964 1092 3029 distinguendas
1150 2969 1399 3029 putamus
1462 2964 1856 3028 allusioneS,
1921 2979 2053 3030 quas
2115 2963 2167 3014 S.
2223 2966 2284 3014 P.
2347 2969 2402 3014 et
2461 2964 2513 3014 S.
2569 2967 2633 3014 E.
2695 2964 2764 3014 ad

269 3051 484 3116 aliquas
508 3051 715 3101 faciunt
741 3051 794 3102 S.
821 3051 1127 3117 Scripturae
1150 3051 1447 3101 locutiones
1474 3051 1847 3117 historiasque,
1876 3053 1942 3101 ab
1969 3053 2098 3116 ipsis
2127 3050 2178 3100 S.
2203 3050 2593 3116 Scripturarum
2619 3053 2765 3101 testi-

269 3139 493 3202 moniis3
544 3139 579 3187 i.
619 3155 665 3188 e.
706 3154 1017 3200 samonem,
1070 3143 1129 3187 ut
1174 3140 1251 3187 ita
1299 3138 1553 3202 dicamus,
1604 3155 1786 3188 eorum
1835 3137 2326 3204 scripturalem,
2377 3154 2410 3188 a
2450 3139 2764 3188 testimoniis

272 3225 328 3276 S.
358 3225 767 3290 Scripturarum.
806 3240 854 3275 a.
892 3227 1061 3276 Extra
1096 3225 1443 3275 dubitationis
1481 3225 1653 3275 aleam
1691 3227 1921 3291 positum
1959 3231 2040 3276 est
2077 3226 2128 3275 S.
2153 3227 2212 3276 P.
2254 3231 2308 3276 et
2344 3225 2396 3276 S.
2421 3227 2488 3275 E.
2527 3241 2592 3275 ea
2626 3225 2766 3288 loca,

272 3313 332 3360 in
379 3327 606 3376 quorum
663 3313 1081 3378 expositione
1131 3317 1412 3361 versantur
1467 3312 1536 3360 ad
1590 3313 1889 3362 codicum
1937 3328 2151 3363 suorum
2205 3312 2403 3362 fidem
2456 3317 2766 3362 accurate

273 3397 545 3448 laudasse.
583 3399 635 3448 b.
663 3398 921 3448 Codicum
945 3413 1157 3448 suorum
1183 3398 1436 3448 lectiones
1464 3397 1689 3448 fideliter
1713 3403 2118 3464 repraesentant
2142 3399 2197 3446 in
2235 3397 2768 3464 allegationibus

276 3485 545 3547 omnibUS,
584 3485 991 3550 quibuscunque
1024 3471 1231 3534 demum
1269 3487 1379 3534 suis
1417 3486 1796 3550 scriptionibus
1836 3487 2095 3548 aspersis3
2137 3484 2368 3535 admissa
2401 3486 2666 3535 interdum
2693 3485 2770 3534 ibi

276 3569 467 3636 aliqua
489 3571 733 3620 lectionis
758 3573 1051 3621 mutatione
1075 3571 1181 3620 loci
1204 3571 1423 3632 laudati,
1450 3572 1542 3622 ubi
1562 3572 1648 3620 vel
1669 3572 1909 3621 adiectae
1931 3571 2273 3636 explicationi
2298 3587 2404 3621 non
2432 3571 2768 3634 conduceret,

276 3657 368 3706 vel
405 3657 537 3706 nihil
574 3657 775 3707 faceret
812 3658 880 3707 ad
927 3658 1205 3708 consilium
1256 3659 1554 3708 scribentis.
1615 3658 1864 3708 Attamen
1902 3675 1968 3708 ne
2007 3658 2296 3723 cupiditate
2336 3657 2388 3708 S.
2425 3660 2484 3709 P.
2525 3663 2577 3708 et
2614 3657 2666 3708 S.
2705 3659 2769 3708 E.

278 3759 379 3809 per
427 3745 609 3794 omnia
657 3744 977 3793 defendendi
1014 3745 1246 3810 abrepti,
1298 3749 1458 3809 atque
1503 3761 1613 3794 rem
1650 3750 1862 3810 praeter
1899 3745 2110 3794 modum
2148 3760 2344 3810 augere
2383 3746 2768 3809 existimemur3

276 3832 385 3880 hoc
432 3821 606 3896 ipsum
659 3830 973 3896 explicatius
1022 3832 1314 3881 eruendum
1352 3836 1449 3882 est.
1510 3847 1553 3880 α.
1592 3832 1737 3880 Fieri
1785 3830 1932 3881 nullo
1983 3831 2136 3881 modo
2183 3833 2465 3896 potuisset,
2514 3837 2575 3881 ut
2621 3831 2672 3881 S.
2709 3833 2770 3882 P.

281 3923 341 3967 et
388 3916 442 3966 S.
480 3918 544 3966 E.
590 3919 871 3983 pericopas
918 3918 972 3968 8.
1012 3917 1063 3967 8.
1110 3919 1435 3982 copiosiores
1482 3917 1797 3983 allegantes,
1834 3934 1941 3967 non
1978 3918 2149 3968 solum
2195 3919 2383 3968 eadem
2417 3935 2555 3984 pene
2590 3921 2771 3981 verba,

284 4019 426 4070 quae
465 4019 609 4054 nunc
645 4004 895 4068 legimus,
946 4004 1041 4054 sed
1090 4005 1329 4054 ordinem
1380 4021 1594 4070 quoque
1643 4020 1835 4054 vocum
1875 4005 1944 4054 ad
1991 4009 2291 4054 contextum
2341 4004 2466 4054 libri
2514 4010 2607 4055 aut
2642 4005 2774 4054 nihil

284 4096 379 4140 aut
412 4105 603 4156 parum
640 4091 1022 4140 conferentium
1060 4093 1274 4142 omnino
1313 4092 1540 4142 eundem
1577 4091 1824 4156 religiose
1861 4097 2160 4152 servarent3
2198 4093 2300 4141 nisi
2330 4091 2476 4141 locos
2513 4093 2588 4142 ita
2623 4093 2773 4142 volu·

284 4180 456 4228 issent
493 4182 546 4226 et
582 4177 843 4243 allegare,
892 4184 945 4228 et
986 4194 1174 4228 revera
1219 4179 1564 4244 allegassent,
1612 4181 1673 4227 ut
1718 4179 1775 4226 in
1812 4179 1922 4228 suis
1970 4177 2245 4228 codicibus
2284 4177 2337 4226 S.
2373 4177 2666 4228 Bibliorum
2705 4178 2772 4227 ab

285 4265 417 4330 ipsis
455 4264 774 4330 legerentur.
835 4265 1145 4330 Argumenti
1180 4266 1339 4316 huius
1375 4266 1457 4314 vis
1496 4270 1549 4314 et
1585 4267 1820 4330 gravitas
1858 4269 2082 4330 augetur
2119 4266 2276 4314 etiam
2314 4261 2357 4330 β.
2397 4280 2517 4314 cum
2550 4280 2774 4330 perpen-

289 4351 491 4402 dimus:
528 4352 585 4400 in
622 4353 994 4404 diversissimis
1032 4353 1361 4402 diversorum
1400 4351 1452 4402 S.
1491 4353 1550 4402 P.
1591 4357 1644 4401 et
1682 4351 1734 4401 S.
1773 4353 1836 4400 E.
1877 4352 2153 4417 operibus,
2191 4352 2334 4401 hunc
2369 4352 2613 4402 lectionis
2651 4368 2774 4401 con·

186 4495 191 4498 ¹
290 4453 503 4488 sensum
553 4439 801 4504 reperiri3
852 4442 1011 4504 atque
1059 4440 1153 4488 ubi
1201 4433 1359 4504 porro
1409 4438 1879 4488 animadvertimus
1930 4453 2020 4488 eos
2059 4455 2178 4488 cum
2221 4438 2490 4488 codicibus
2528 4440 2776 4489 vetustis-

292 4525 437 4576 simis
474 4525 530 4574 in
570 4525 785 4574 easdem
822 4524 1077 4575 lectiones
1116 4526 1449 4590 conspirare,
1500 4541 1610 4574 rem
1657 4525 1958 4576 confectam
2001 4540 2118 4574 esse
2156 4526 2328 4590 quivis
2363 4539 2567 4589 aequus
2604 4541 2776 4574 rerum

295 4612 491 4662 arbiter
528 4611 797 4678 largietur.
860 4611 1015 4661 Unde
1052 4613 1221 4676 magis
1264 4611 1439 4662 adhuc
1482 4612 1832 4677 allegationes
1869 4612 2019 4674 illae,
2071 4627 2207 4677 quae
2259 4612 2507 4663 disertam
2544 4610 2777 4676 aliquam

2369 4697 2468 4748 20³*
