3309 5300
522 401 607 464 74
1145 412 1377 453 comment.
1409 413 1463 453 de
1482 413 1525 454 S.
1550 413 1760 464 scriptur.
1780 423 1874 464 cap.
1895 413 2019 464 prim.
2041 413 2149 454 sect.
2169 413 2226 452 11.
2244 411 2386 453 addit.

523 593 693 651 muni
746 613 893 669 pene
942 612 1055 650 usu
1104 593 1378 670 loquendi
1432 593 1714 651 Veterum
1767 593 1825 652 S.
1879 593 1938 652 S.
1995 594 2245 652 Patrum
2297 597 2357 650 et
2406 593 2772 670 Scriptorum
2830 594 3019 652 libri

522 699 1306 776 apocryphi'vocantur:
1376 700 1499 775 qui
1559 701 1642 756 ab
1702 698 2117 756 hominibus
2177 691 2772 756 infallibilitatis
2833 699 3018 756 dono

520 802 944 862 carentibus
995 803 1307 860 humana
1356 803 1726 878 industria
1785 795 2103 872 conditi,
2167 803 2588 860 nominibus
2648 807 3017 880 utcunque

518 908 847 967 virorum
900 908 974 964 in
1020 907 1433 964 theocratia
1478 908 1546 962 V.
1581 907 1670 978 T.‚
1718 907 1838 966 vel
1889 907 2211 964 historia
2257 908 2332 964 N.
2381 906 2447 964 Τ.
2497 907 2856 966 clarorum
2907 909 3015 965 in-

520 1011 812 1087 scripti3
868 1012 1027 1069 sive
1080 1013 1166 1070 ob
1217 1012 1442 1068 finem
1493 1013 1751 1069 bonum
1803 1012 1956 1069 sive
1996 1013 2080 1068 ob
2130 1031 2548 1088 perversum
2601 1013 2920 1083 exarati,
2981 1031 3020 1069 a

521 1116 801 1173 Canone
841 1119 1161 1173 attamen
1202 1116 1482 1174 exclusi
1514 1119 1582 1172 et
1612 1135 1647 1172 a
1677 1114 1974 1191 publico
2016 1135 2146 1172 usu
2187 1115 2444 1173 reiecti
2485 1113 2715 1173 sunt¹.
2764 1117 3018 1173 Minime

522 1222 681 1278 enim
722 1220 875 1277 illud
919 1240 1131 1278 nomen
1173 1241 1208 1278 a
1251 1219 1313 1278 S.
1361 1221 1427 1277 P.
1476 1225 1536 1277 et
1582 1219 1640 1278 S.
1685 1221 1755 1277 E.
1803 1219 1993 1295 primo
2038 1220 2343 1295 proprium
2388 1220 2562 1276 datur
2605 1239 2725 1276 esse
2770 1221 3016 1278 convin-

521 1325 705 1397 citur,
757 1325 880 1382 illis
939 1324 1171 1382 Veteris
1224 1324 1582 1382 Testamenti
1644 1323 1881 1394 Sacris
1933 1323 2478 1394 Voluminibus;
2543 1343 2714 1401 quos
2774 1324 3019 1382 Canon

521 1430 1016 1488 Hebraeorum
1061 1430 1271 1486 hodie
1316 1449 1454 1486 non
1501 1430 1858 1500 continet,
1907 1426 2082 1486 licet
2125 1426 2304 1506 olim
2350 1424 2744 1487 tenuerit2.

521 1637 721 1702 legant,
760 1638 851 1702 qui
889 1635 1181 1700 apocryphi
1217 1636 1540 1697 vocantur“3
1580 1639 1633 1683 et
1670 1634 1726 1682 in
1763 1631 1868 1682 fine
1905 1635 1981 1682 ait
2014 1650 2066 1699 p.
2093 1635 2212 1682 963.
2254 1649 2548 1699 „nusquam
2586 1635 3019 1700 apocryphorum

518 1726 719 1774 me'ntio
757 1724 999 1784 habetur,
1048 1722 1143 1772 sed
1177 1723 1216 1770 ii
1252 1725 1377 1772 sunt
1412 1720 1802 1770 haereticorum
1855 1725 2226 1783 commentum,
2278 1723 2368 1786 qui
2406 1721 2666 1771 arbitratu
2712 1738 2808 1772 suo
2845 1723 3017 1772 libros

523 1811 913 1862 conscribunt.“
989 1810 1089 1858 His
1128 1807 1251 1857 addi
1288 1812 1537 1872 poterunt
1573 1806 1945 1872 Origenes,
1997 1807 2200 1874 prolog.
2237 1809 2294 1856 in
2333 1807 2486 1857 Cant.
2525 1805 2790 1858 scribens:
2833 1809 3018 1874 „quod

524 1902 705 1948 essent
752 1897 818 1946 de
856 1896 1130 1960 scripturis
1168 1894 1278 1956 his,
1318 1909 1457 1958 quae
1505 1899 1770 1943 vocantur
1806 1894 2172 1959 apocryphae,
2221 1909 2316 1958 pro
2367 1909 2430 1944 60
2471 1894 2614 1959 quod
2649 1895 2820 1944 multa
2853 1897 2912 1944 in
2945 1897 3019 1954 iis

522 1988 789 2050 corrupta,
840 1989 891 2032 et
939 1987 1127 2031 contra
1160 1981 1317 2030 fidem
1366 1995 1547 2030 veram
1595 1982 1942 2030 inveniuntur
1979 1995 2014 2030 a
2053 1981 2344 2031 maioribus
2394 1980 2606 2043 tradita,
2657 1998 2764 2031 non
2806 1982 3018 2047 placuit

520 2073 584 2121 iis
623 2072 737 2121 dari
762 2069 955 2131 locum,
1002 2084 1101 2117 nec
1128 2068 1334 2117 admitti
1360 2067 1429 2116 ad
1454 2068 1874 2116 auctoritatem.“
1925 2067 2068 2129 XIV,
2096 2068 2214 2116 325.
2266 2066 2318 2116 S.
2345 2067 2784 2132 Augustinus,
2823 2075 3020 2119 contra

522 2159 641 2208 adV.
679 2158 840 2222 Legis
880 2161 933 2206 et
967 2156 1154 2222 proph.
1191 2156 1234 2218 Ι,
1261 2157 1345 2205 20.
1372 2172 1421 2220 p.
1452 2157 1570 2205 270.
1608 2171 1660 2204 11.
1688 2157 1771 2204 39.
1837 2153 2010 2216 „Sane
2049 2154 2114 2204 de
2153 2154 2473 2221 apocryphis
2509 2157 2608 2206 iste
2645 2159 2827 2221 posuit
2862 2159 3017 2208 testi-

520 2247 717 2308 monia,
767 2259 906 2309 quae
943 2246 1040 2294 sub
1080 2243 1380 2294 nominibus
1417 2241 1794 2308 Apostolorum
1832 2241 2097 2304 Andreae,
2146 2242 2481 2308 Joannisque
2528 2245 2833 2309 conscripta
2869 2250 3018 2294 sunt.

522 2333 674 2394 Quae
712 2333 758 2380 si
794 2331 1006 2381 illorum
1044 2335 1237 2391 essent,
1276 2333 1493 2394 recepta
1531 2334 1709 2378 essent
1745 2330 1813 2378 ab
1845 2329 2110 2391 Ecclesia,
2151 2344 2290 2394 quae
2327 2331 2395 2378 ab
2433 2329 2644 2379 illorum
2681 2333 3020 2396 temporibus

520 2436 617 2486 per
639 2420 1031 2485 Episcoporum
1068 2419 1435 2468 successiones
1474 2417 1814 2477 certissimas,
1851 2432 2024 2480 usque
2063 2416 2133 2466 ad
2169 2421 2354 2468 nostra
2391 2422 2443 2466 et
2481 2418 2732 2483 deinceps
2771 2424 3020 2484 tempora

522 2509 877 2572 perseverat.“
943 2505 1193 2554 Similiter
1230 2508 1413 2553 censet
1446 2503 1515 2553 D.
1541 2503 2008 2568 Hieronymus,
2047 2503 2116 2552 ad
2152 2504 2377 2552 Laetam
2415 2520 2496 2569 ep.
2530 2506 2648 2568 107,
2682 2506 2763 2554 12.
2801 2523 2852 2570 p.
2891 2507 3020 2556 688.

526 2593 765 2657 „Caveat
814 2593 991 2642 omnia
1041 2591 1375 2657 apocrypha,
1429 2595 1483 2639 et
1528 2592 1575 2640 si
1612 2590 1826 2657 quando
1877 2605 1942 2640 ea
1977 2606 2084 2640 non
2135 2591 2203 2640 ad
2251 2591 2558 2657 dogmatum
2595 2593 2874 2642 veritatem
2912 2593 3020 2642 sed

521 2682 591 2733 ad
634 2683 906 2746 sig-norum
956 2680 1307 2728 reverentiam
1356 2679 1535 2743 legere
1583 2678 1828 2741 voluerit,
1877 2681 2014 2729 sciat
2060 2695 2192 2728 non
2241 2695 2470 2728 eorum
2521 2696 2673 2731 esse
2725 2696 3024 2745 quorum

518 2769 742 2819 titulis
780 2770 1290 2833 praenotantur3
1340 2766 1615 2832 multaque
1653 2766 1734 2816 his
1774 2766 2009 2816 admixta
2044 2767 2240 2817 vitiosa
2277 2771 2330 2815 et
2365 2766 2584 2831 grandis
2623 2782 2742 2817 esse
2779 2768 3018 2832 pruden-

516 2858 627 2906 tiae
652 2871 841 2905 aurum
866 2855 922 2903 in
945 2854 1057 2903 luto
1085 2856 1415 2919 quaererest‘
1445 2853 1796 2903 Gratulantur
1833 2854 2044 2919 quidem
2076 2854 2397 2904 Acatholici:
2437 2869 2495 2904 se
2532 2870 2640 2903 uno
2677 2855 3022 2919 potissimum

521 2944 573 2995 d.
610 2944 939 3008 Hieronymo
978 2941 1129 3004 duce,
1168 2942 1260 3007 qui
1294 2942 1351 2989 in
1382 2940 1525 2990 Prol.
1552 2940 1656 3006 gal.
1684 2941 1868 2991 scribit
1897 2941 2268 3007 „quidquid
2307 2946 2503 2991 extra
2539 2942 2659 2991 hos
2687 2958 2749 2977 -*-
2779 2940 3019 2991 Canoni-

518 3046 611 3082 cos
636 3046 714 3081 sc.
739 3057 806 3065 —-—
832 3034 954 3092 est,
993 3030 1164 3078 inter
1201 3028 1577 3094 apocrypha
1612 3028 2046 3093 ponendum“;
2082 3029 2276 3079 Libros
2315 3029 2367 3079 S.
2394 3030 2458 3079 V.
2483 3029 2547 3079 F.
2575 3032 2725 3078 extra
2761 3028 3022 3079 volumen

482 3118 828 3175 ,hebraicum
875 3118 1095 3183 positOS,
1146 3114 1449 3182 adpellasse
1500 3115 1852 3181 apocryphos.
1926 3115 2033 3165 Sed
2078 3117 2135 3165 in
2184 3116 2265 3166 his
2302 3117 2480 3167 verbis
2517 3130 2626 3165 non
2666 3115 2892 3165 multum
2931 3120 3022 3165 est

515 3203 889 3267 laborandum,
926 3202 1017 3256 ubi
1054 3203 1433 3253 attenderimus
1473 3202 1521 3252 d.
1548 3202 1932 3267 Hieronymum
1959 3204 2016 3252 in
2040 3202 2273 3269 Prologo
2311 3203 2520 3269 galeato
2560 3218 2810 3253 enarrare
2836 3203 3020 3268 Cano-

517 3307 639 3341 nem
673 3292 741 3341 L.
776 3291 841 3341 L.
880 3291 932 3342 S.
969 3292 1033 3341 V.
1071 3292 1133 3341 F.
1171 3290 1501 3340 Judaeorum
1546 3291 1630 3340 sui
1668 3290 1936 3355 temporie.
1981 3291 2044 3340 V.
2083 3307 2134 3356 p.
2173 3293 2257 3340 32.
2320 3290 2605 3356 Conspirat
2654 3290 2708 3340 S.
2745 3291 2882 3340 Leo
2919 3290 3018 3355 M„

520 3394 601 3445 ep.
648 3380 765 3429 XV.
816 3379 887 3428 ad
932 3378 1235 3427 Turribium
1282 3378 1680 3427 Asturicensem
1731 3394 1813 3443 ep.
1862 3393 1907 3427 c.
1959 3378 2041 3426 15.
2097 3377 2180 3426 ed.
2229 3378 2318 3427 Fr.
2359 3377 2636 3427 Ballerini.
2684 3378 2820 3427 Ven.
2860 3379 3020 3427 1753.

518 3466 561 3529 1,
602 3467 717 3516 706.
755 3465 1050 3515 mandans:
1104 3464 1445 3527 „Curandum
1484 3480 1611 3529 ergo
1648 3470 1745 3527 est,
1785 3469 1839 3513 et
1873 3463 2196 3514 sacerdotali
2245 3464 2521 3530 diligentia
2569 3465 2798 3514 maxime
2833 3466 3020 3529 provi-

522 3552 769 3616 dendum,
806 3558 868 3603 ut
903 3552 1085 3603 falsati
1122 3552 1351 3615 codices,
1390 3558 1444 3602 et
1469 3567 1503 3601 a
1534 3553 1746 3601 sincera
1779 3554 2006 3602 veritate
2045 3552 2334 3614 discordes,
2370 3554 2428 3601 in
2452 3552 2601 3602 nullo
2627 3568 2730 3603 usu
2764 3551 3021 3602 lectionis

520 3640 835 3691 habeantur.
908 3639 1264 3705 Apocryphae
1319 3644 1499 3690 autem
1555 3639 1887 3705 Scripturas,
1944 3654 2084 3705 quae
2136 3640 2236 3690 sub
2286 3640 2588 3690 nominibus
2635 3639 3022 3705 Apostolorum

518 3726 803 3777 multarum
850 3728 1053 3778 habent
1100 3728 1441 3777 seminarium
1490 3726 1809 3789 falsitatum,
1860 3742 1970 3775 non
2023 3726 2196 3777 solum
2232 3726 2660 3790 interdicendae,
2708 3726 2805 3777 sed
2854 3728 3022 3776 etiam

522 3815 734 3880 penitus
772 3814 1099 3864 auferendae
1137 3818 1274 3877 sunt,
1313 3818 1475 3879 atque
1512 3814 1729 3879 ignibus
1768 3813 2241 3863 concremandae.“

732 3900 770 3966 ¹)
800 3900 881 3950 cf.
905 3902 1005 3951 Th.
1033 3900 1441 3966 Stapletoni,
1469 3901 1535 3950 de
1560 3902 1786 3967 princip.
1809 3900 1900 3949 fid.
1925 3905 2162 3951 controv.
2188 3900 2252 3950 V.
2278 3901 2313 3951 l.
2341 3902 2390 3963 9,
2417 3903 2466 3950 5.
2491 3918 2543 3965 p.
2570 3902 2688 3951 318.
2725 3900 2796 3953 H.
2824 3898 3020 3949 Gold-

520 3988 756 4053 hagen‚
793 3988 995 4037 Introd.
1031 3989 1075 4050 I,
1103 3989 1219 4038 198.
1274 3989 1343 4038 D.
1382 3988 1661 4054 Czerny,
1698 3989 1872 4038 Instit.
1911 3988 2092 4037 Herm.
2129 3988 2172 4048 1,
2202 3990 2282 4037 72.
2339 3988 2408 4045 Τ.
2441 3987 2721 4047 Sartori,
2759 3987 3020 4037 Hermen.

519 4075 704 4125 Harm.
740 4092 791 4141 p.
830 4078 913 4126 36.
973 4075 1038 4124 R.
1077 4073 1333 4135 Simon,
1385 4075 1525 4125 Hist.
1576 4077 1690 4125 crit.
1738 4076 1804 4124 V.
1842 4076 1904 4124 T.
1955 4075 2037 4124 ed.
2074 4076 2196 4124 Par.
2245 4092 2298 4140 p.
2335 4078 2420 4125 47.
2481 4075 2830 4124 Honorati
2878 4089 2912 4123 a
2961 4073 3019 4123 S.

520 4162 753 4225 Maria,
790 4163 1058 4213 animadv.
1094 4164 1152 4211 in
1186 4178 1295 4227 reg.
1334 4167 1389 4211 et
1422 4179 1579 4212 usum
1618 4162 1748 4213 Crit.
1773 4164 1817 4212 I.
1856 4165 1904 4226 2,
1934 4165 1980 4212 7.
2019 4180 2071 4225 p.
2097 4164 2217 4212 301.
2267 4163 2320 4212 J.
2345 4163 2408 4212 L.
2435 4163 2603 4227 Hug,
2641 4162 2784 4211 Einl.
2822 4162 2866 4224 Ι,
2897 4164 3019 4211 119.

520 4250 571 4299 J.
598 4250 662 4299 N.
691 4250 913 4313 Alber,
951 4250 1125 4299 Instit.
1164 4250 1345 4299 Herm.
1386 4248 1438 4298 S.
1467 4249 1520 4299 S.
1556 4251 1622 4299 N.
1648 4251 1711 4300 T.
1749 4251 1970 4301 Pestini.
2000 4252 2148 4299 1818.
2186 4250 2229 4311 Ι,
2257 4251 2376 4299 227.
2425 4248 2699 4311 Herbst,
2736 4248 2859 4298 hist.
2900 4250 3015 4298 crit.

520 4336 661 4385 Einl.
686 4336 729 4399 1,
754 4337 839 4386 49.
886 4336 1104 4398 Thilo,
1141 4336 1177 4386 l.
1213 4338 1248 4386 i.
1286 4352 1331 4386 c.
1370 4354 1420 4402 p.
1448 4337 1561 4387 XC.
1609 4337 1896 4400 Movere,
1931 4338 1988 4386 in
2023 4334 2247 4387 Welte’s
2282 4337 2348 4385 K.
2375 4336 2438 4385 L.
2473 4337 2518 4398 Ι,
2547 4338 2746 4386 325.·6.
2795 4334 3022 4385 Reith-.

519 4438 735 4489 mayr,.
757 4425 900 4474 Einl.
926 4441 977 4489 p.
1005 4426 1091 4473 41.
1140 4424 1386 4487 Malou,
1423 4424 1733 4474 Bibellesen
1755 4424 1827 4487 II,
1856 4426 1937 4474 14.
1964 4438 2007 4473 s.
2055 4423 2341 4486 Reusch,
2365 4424 2508 4473 Einl.
2535 4440 2586 4489 p.
2617 4425 2734 4474 169.
2784 4424 3015 4488 Lamy,

518 4511 720 4561 Introd.
758 4528 809 4576 p.
848 4513 929 4561 72.
992 4511 1033 4575 ²)
1071 4511 1229 4577 Apud
1265 4510 1609 4561 Acatholicos
1646 4511 1942 4577 apocryphi
1977 4512 2116 4573 libri,
2153 4511 2458 4561 indubitata
2493 4511 2834 4561 confessione
2869 4512 3016 4559 voci-

519 4602 718 4660 tantur,
754 4598 831 4647 illi
854 4613 990 4663 quos
1022 4598 1239 4665 quidam
1276 4614 1341 4647 ex
1376 4600 1571 4649 nostris
1610 4598 2286 4649 deutero-canonicos
2323 4603 2549 4662 vocant3
2587 4599 2788 4663 quique
2826 4612 3016 4647 revera
