<?xml version="1.0" encoding="UTF-8"?>
<!DOCTYPE html PUBLIC "-//W3C//DTD XHTML 1.0 Transitional//EN"
    "http://www.w3.org/TR/xhtml1/DTD/xhtml1-transitional.dtd">
<html xmlns="http://www.w3.org/1999/xhtml" xml:lang="en" lang="en">
 <head>
  <title>
</title>
<meta http-equiv="Content-Type" content="text/html;charset=utf-8" />
  <meta name='ocr-system' content='tesseract 3.04.00' />
  <meta name='ocr-capabilities' content='ocr_page ocr_carea ocr_par ocr_line ocrx_word'/>
</head>
<body>
  <div class='ocr_page' id='page_1' title='image "./historiarevelat02dankgoog_0159.png"; bbox 0 0 3309 5300; ppageno 0'>
   <div class='ocr_carea' id='block_1_1' title="bbox 1223 381 2747 445">
    <p class='ocr_par' dir='ltr' id='par_1_1' title="bbox 1223 381 2747 445">
     <span class='ocr_line' id='line_1_1' title="bbox 1223 381 2747 445; baseline 0.009 -14"><span class='ocrx_word' id='word_1_1' title='bbox 1223 393 1360 444; x_wconf 76' lang='lat' dir='ltr'>Leges</span> <span class='ocrx_word' id='word_1_2' title='bbox 1388 392 1575 434; x_wconf 83' lang='lat' dir='ltr'>Criticae</span> <span class='ocrx_word' id='word_1_3' title='bbox 1602 393 1771 433; x_wconf 86' lang='lat' dir='ltr'>Sacrae.</span> <span class='ocrx_word' id='word_1_4' title='bbox 2626 381 2747 445; x_wconf 72' lang='lat'>137</span> 
     </span>
    </p>
   </div>
   <div class='ocr_carea' id='block_1_2' title="bbox 266 569 2752 2370">
    <p class='ocr_par' dir='ltr' id='par_1_2' title="bbox 266 569 2750 1676">
     <span class='ocr_line' id='line_1_2' title="bbox 266 569 2750 638; baseline -0.001 -16"><span class='ocrx_word' id='word_1_5' title='bbox 266 571 575 638; x_wconf 87' lang='lat' dir='ltr'>perturbata,</span> <span class='ocrx_word' id='word_1_6' title='bbox 614 571 819 620; x_wconf 87' lang='lat' dir='ltr'>omissa</span> <span class='ocrx_word' id='word_1_7' title='bbox 841 571 1161 620; x_wconf 89' lang='lat' dir='ltr'>videbantur</span> <span class='ocrx_word' id='word_1_8' title='bbox 1194 571 1543 634; x_wconf 88' lang='lat' dir='ltr'>interpretari,</span> <span class='ocrx_word' id='word_1_9' title='bbox 1583 571 1906 634; x_wconf 78' lang='lat' dir='ltr'><strong>glossemata</strong></span> <span class='ocrx_word' id='word_1_10' title='bbox 1941 571 1996 618; x_wconf 90' lang='lat' dir='ltr'>in</span> <span class='ocrx_word' id='word_1_11' title='bbox 2032 570 2258 619; x_wconf 84' lang='lat' dir='ltr'>Textum</span> <span class='ocrx_word' id='word_1_12' title='bbox 2284 569 2496 632; x_wconf 88' lang='lat' dir='ltr'>inferre,</span> <span class='ocrx_word' id='word_1_13' title='bbox 2535 586 2599 619; x_wconf 85' lang='lat' dir='ltr'>ex</span> <span class='ocrx_word' id='word_1_14' title='bbox 2633 570 2750 620; x_wconf 87' lang='lat' dir='ltr'>aliis</span> 
     </span>
     <span class='ocr_line' id='line_1_3' title="bbox 266 655 2746 722; baseline 0 -15"><span class='ocrx_word' id='word_1_15' title='bbox 266 657 481 707; x_wconf 83' lang='lat' dir='ltr'>fontibus</span> <span class='ocrx_word' id='word_1_16' title='bbox 518 655 752 719; x_wconf 67' lang='lat' dir='ltr'>addere,</span> <span class='ocrx_word' id='word_1_17' title='bbox 792 660 953 721; x_wconf 89' lang='lat' dir='ltr'>atque</span> <span class='ocrx_word' id='word_1_18' title='bbox 978 657 1055 704; x_wconf 86' lang='lat' dir='ltr'>ita</span> <span class='ocrx_word' id='word_1_19' title='bbox 1084 657 1309 706; x_wconf 85' lang='lat' dir='ltr'>Textum</span> <span class='ocrx_word' id='word_1_20' title='bbox 1342 657 1491 705; x_wconf 86' lang='lat' dir='ltr'>varie</span> <span class='ocrx_word' id='word_1_21' title='bbox 1518 657 1840 721; x_wconf 89' lang='lat' dir='ltr'>interpolare</span> <span class='ocrx_word' id='word_1_22' title='bbox 1866 657 1984 706; x_wconf 88' lang='lat' dir='ltr'>ausi</span> <span class='ocrx_word' id='word_1_23' title='bbox 2011 661 2148 706; x_wconf 89' lang='lat' dir='ltr'>sunt.</span> <span class='ocrx_word' id='word_1_24' title='bbox 2185 658 2269 706; x_wconf 91' lang='lat' dir='ltr'>De</span> <span class='ocrx_word' id='word_1_25' title='bbox 2295 671 2402 721; x_wconf 90' lang='lat' dir='ltr'>qua</span> <span class='ocrx_word' id='word_1_26' title='bbox 2426 673 2483 706; x_wconf 91' lang='lat' dir='ltr'>re</span> <span class='ocrx_word' id='word_1_27' title='bbox 2509 659 2746 722; x_wconf 88' lang='lat' dir='ltr'>queritur</span> 
     </span>
     <span class='ocr_line' id='line_1_4' title="bbox 267 723 2742 808; baseline -0.001 -13"><span class='ocrx_word' id='word_1_28' title='bbox 267 750 359 795; x_wconf 89' lang='lat' dir='ltr'>iam</span> <span class='ocrx_word' id='word_1_29' title='bbox 394 743 673 808; x_wconf 87' lang='lat' dir='ltr'>Origenes,</span> <span class='ocrx_word' id='word_1_30' title='bbox 728 749 1007 793; x_wconf 82' lang='lat' dir='ltr'><strong>comment.</strong></span> <span class='ocrx_word' id='word_1_31' title='bbox 1057 744 1113 791; x_wconf 92' lang='lat' dir='ltr'>in</span> <span class='ocrx_word' id='word_1_32' title='bbox 1161 744 1261 793; x_wconf 84' lang='lat' dir='ltr'>Ev.</span> <span class='ocrx_word' id='word_1_33' title='bbox 1298 723 1556 792; x_wconf 78' lang='lat' dir='ltr'>Matthaei</span> <span class='ocrx_word' id='word_1_34' title='bbox 1605 748 1641 796; x_wconf 83' lang='lat' dir='ltr'>t.</span> <span class='ocrx_word' id='word_1_35' title='bbox 1678 744 1793 792; x_wconf 89' lang='lat' dir='ltr'>XV.</span> <span class='ocrx_word' id='word_1_36' title='bbox 1840 760 1892 793; x_wconf 91' lang='lat' dir='ltr'>n.</span> <span class='ocrx_word' id='word_1_37' title='bbox 1933 745 2014 793; x_wconf 86' lang='lat'>14.</span> <span class='ocrx_word' id='word_1_38' title='bbox 2052 744 2122 793; x_wconf 88' lang='lat' dir='ltr'>ad</span> <span class='ocrx_word' id='word_1_39' title='bbox 2161 746 2241 805; x_wconf 87' lang='grc'>19,</span> <span class='ocrx_word' id='word_1_40' title='bbox 2280 747 2363 793; x_wconf 91' lang='grc'>21.</span> <span class='ocrx_word' id='word_1_41' title='bbox 2417 744 2500 794; x_wconf 90' lang='lat' dir='ltr'>ed.</span> <span class='ocrx_word' id='word_1_42' title='bbox 2539 744 2742 793; x_wconf 88' lang='lat' dir='ltr'>Lomm.</span> 
     </span>
     <span class='ocr_line' id='line_1_5' title="bbox 266 830 2748 895; baseline 0 -15"><span class='ocrx_word' id='word_1_43' title='bbox 266 833 353 892; x_wconf 91' lang='lat'>111,</span> <span class='ocrx_word' id='word_1_44' title='bbox 386 832 499 880; x_wconf 86' lang='grc'><strong>357.</strong></span> <span class='ocrx_word' id='word_1_45' title='bbox 562 830 868 895; x_wconf 85' lang='lat' dir='ltr'>Utrumque</span> <span class='ocrx_word' id='word_1_46' title='bbox 905 830 1303 880; x_wconf 79' lang='lat' dir='ltr'>Testamentum</span> <span class='ocrx_word' id='word_1_47' title='bbox 1338 830 1503 880; x_wconf 90' lang='lat' dir='ltr'>habet</span> <span class='ocrx_word' id='word_1_48' title='bbox 1538 831 1734 880; x_wconf 88' lang='lat' dir='ltr'>menda</span> <span class='ocrx_word' id='word_1_49' title='bbox 1769 846 1882 893; x_wconf 88' lang='lat' dir='ltr'>sua,</span> <span class='ocrx_word' id='word_1_50' title='bbox 1921 831 2023 880; x_wconf 89' lang='lat' dir='ltr'>hac</span> <span class='ocrx_word' id='word_1_51' title='bbox 2059 833 2265 881; x_wconf 88' lang='lat' dir='ltr'>ratione</span> <span class='ocrx_word' id='word_1_52' title='bbox 2301 830 2468 881; x_wconf 87' lang='lat' dir='ltr'>illata.</span> <span class='ocrx_word' id='word_1_53' title='bbox 2516 831 2748 880; x_wconf 83' lang='lat' dir='ltr'>Maxime</span> 
     </span>
     <span class='ocr_line' id='line_1_6' title="bbox 268 917 2750 992; baseline -0.001 -23"><span class='ocrx_word' id='word_1_54' title='bbox 268 919 481 969; x_wconf 89' lang='lat' dir='ltr'>omnium</span> <span class='ocrx_word' id='word_1_55' title='bbox 530 917 804 982; x_wconf 87' lang='lat' dir='ltr'>proclives</span> <span class='ocrx_word' id='word_1_56' title='bbox 850 918 999 967; x_wconf 83' lang='lat' dir='ltr'>fuere</span> <span class='ocrx_word' id='word_1_57' title='bbox 1045 919 1366 968; x_wconf 84' lang='lat' dir='ltr'>mutat-iones</span> <span class='ocrx_word' id='word_1_58' title='bbox 1402 919 1459 966; x_wconf 91' lang='lat' dir='ltr'>in</span> <span class='ocrx_word' id='word_1_59' title='bbox 1495 918 1648 968; x_wconf 87' lang='lat' dir='ltr'>Novo</span> <span class='ocrx_word' id='word_1_60' title='bbox 1685 917 1945 980; x_wconf 83' lang='lat' dir='ltr'>Foedere,</span> <span class='ocrx_word' id='word_1_61' title='bbox 1995 933 2116 967; x_wconf 90' lang='lat' dir='ltr'>cum</span> <span class='ocrx_word' id='word_1_62' title='bbox 2162 918 2364 967; x_wconf 88' lang='lat' dir='ltr'>librarii</span> <span class='ocrx_word' id='word_1_63' title='bbox 2411 918 2750 992; x_wconf 70' lang='lat' dir='ltr'>idiotismum,</span> 
     </span>
     <span class='ocr_line' id='line_1_7' title="bbox 267 1004 2746 1070; baseline -0 -15"><span class='ocrx_word' id='word_1_64' title='bbox 267 1006 517 1070; x_wconf 85' lang='lat' dir='ltr'>ellypsim‚</span> <span class='ocrx_word' id='word_1_65' title='bbox 571 1006 876 1054; x_wconf 87' lang='lat' dir='ltr'>orationem</span> <span class='ocrx_word' id='word_1_66' title='bbox 924 1019 1240 1070; x_wconf 78' lang='lat' dir='ltr'>suspensam</span> <span class='ocrx_word' id='word_1_67' title='bbox 1287 1021 1383 1069; x_wconf 91' lang='lat' dir='ltr'>pro</span> <span class='ocrx_word' id='word_1_68' title='bbox 1430 1005 1556 1054; x_wconf 87' lang='lat' dir='ltr'>vitio</span> <span class='ocrx_word' id='word_1_69' title='bbox 1608 1006 1868 1054; x_wconf 84' lang='lat' dir='ltr'>sermonis</span> <span class='ocrx_word' id='word_1_70' title='bbox 1923 1007 2228 1054; x_wconf 79' lang='lat' dir='ltr'>censuerint</span> <span class='ocrx_word' id='word_1_71' title='bbox 2283 1011 2335 1054; x_wconf 91' lang='lat' dir='ltr'>et</span> <span class='ocrx_word' id='word_1_72' title='bbox 2389 1004 2746 1069; x_wconf 85' lang='lat' dir='ltr'>emendarint3</span> 
     </span>
     <span class='ocr_line' id='line_1_8' title="bbox 266 1091 2746 1157; baseline -0 -14"><span class='ocrx_word' id='word_1_73' title='bbox 266 1091 452 1143; x_wconf 87' lang='lat' dir='ltr'>scholia</span> <span class='ocrx_word' id='word_1_74' title='bbox 486 1092 545 1139; x_wconf 93' lang='lat' dir='ltr'>in</span> <span class='ocrx_word' id='word_1_75' title='bbox 582 1093 847 1141; x_wconf 87' lang='lat' dir='ltr'>memoria</span> <span class='ocrx_word' id='word_1_76' title='bbox 892 1097 984 1140; x_wconf 90' lang='lat' dir='ltr'>aut</span> <span class='ocrx_word' id='word_1_77' title='bbox 1024 1093 1263 1156; x_wconf 83' lang='lat' dir='ltr'>margine</span> <span class='ocrx_word' id='word_1_78' title='bbox 1312 1092 1589 1142; x_wconf 89' lang='lat' dir='ltr'>haerentia</span> <span class='ocrx_word' id='word_1_79' title='bbox 1624 1109 1720 1157; x_wconf 91' lang='lat' dir='ltr'>pro</span> <span class='ocrx_word' id='word_1_80' title='bbox 1757 1094 1936 1142; x_wconf 87' lang='lat' dir='ltr'>verbis</span> <span class='ocrx_word' id='word_1_81' title='bbox 1983 1095 2180 1142; x_wconf 86' lang='lat' dir='ltr'>nativis</span> <span class='ocrx_word' id='word_1_82' title='bbox 2226 1093 2620 1154; x_wconf 80' lang='lat' dir='ltr'>substituerint,</span> <span class='ocrx_word' id='word_1_83' title='bbox 2660 1092 2746 1142; x_wconf 87' lang='lat' dir='ltr'>vel</span> 
     </span>
     <span class='ocr_line' id='line_1_9' title="bbox 266 1177 2748 1244; baseline 0 -14"><span class='ocrx_word' id='word_1_84' title='bbox 266 1179 565 1230; x_wconf 77' lang='lat' dir='ltr'>addiderint.</span> <span class='ocrx_word' id='word_1_85' title='bbox 618 1177 798 1243; x_wconf 82' lang='lat' dir='ltr'>Saepe</span> <span class='ocrx_word' id='word_1_86' title='bbox 824 1180 1055 1228; x_wconf 88' lang='lat' dir='ltr'>varietas</span> <span class='ocrx_word' id='word_1_87' title='bbox 1094 1193 1252 1228; x_wconf 88' lang='lat' dir='ltr'>casu</span> <span class='ocrx_word' id='word_1_88' title='bbox 1290 1184 1511 1244; x_wconf 86' lang='lat' dir='ltr'>cepta,</span> <span class='ocrx_word' id='word_1_89' title='bbox 1550 1179 1838 1229; x_wconf 87' lang='lat' dir='ltr'>consilio</span> <span class='ocrx_word' id='word_1_90' title='bbox 1878 1181 2271 1229; x_wconf 89' lang='lat' dir='ltr'>continuata</span> <span class='ocrx_word' id='word_1_91' title='bbox 2307 1180 2422 1228; x_wconf 85' lang='lat' dir='ltr'>fuit.</span> <span class='ocrx_word' id='word_1_92' title='bbox 2471 1180 2748 1230; x_wconf 82' lang='lat' dir='ltr'>Librarius</span> 
     </span>
     <span class='ocr_line' id='line_1_10' title="bbox 268 1265 2743 1331; baseline -0 -16"><span class='ocrx_word' id='word_1_93' title='bbox 268 1268 508 1316; x_wconf 89' lang='lat' dir='ltr'>aberrans</span> <span class='ocrx_word' id='word_1_94' title='bbox 548 1269 603 1313; x_wconf 91' lang='lat' dir='ltr'>et</span> <span class='ocrx_word' id='word_1_95' title='bbox 641 1265 939 1330; x_wconf 85' lang='lat' dir='ltr'>negligens,</span> <span class='ocrx_word' id='word_1_96' title='bbox 980 1265 1183 1329; x_wconf 90' lang='lat' dir='ltr'>aliquid</span> <span class='ocrx_word' id='word_1_97' title='bbox 1220 1267 1470 1315; x_wconf 91' lang='lat' dir='ltr'>omissum</span> <span class='ocrx_word' id='word_1_98' title='bbox 1508 1267 1794 1316; x_wconf 90' lang='lat' dir='ltr'>omissione</span> <span class='ocrx_word' id='word_1_99' title='bbox 1832 1266 2203 1315; x_wconf 88' lang='lat' dir='ltr'>animadversa</span> <span class='ocrx_word' id='word_1_100' title='bbox 2239 1282 2360 1316; x_wconf 84' lang='lat' dir='ltr'>mox</span> <span class='ocrx_word' id='word_1_101' title='bbox 2389 1268 2743 1331; x_wconf 83' lang='lat' dir='ltr'>transposuit3</span> 
     </span>
     <span class='ocr_line' id='line_1_11' title="bbox 268 1353 2743 1417; baseline 0 -15"><span class='ocrx_word' id='word_1_102' title='bbox 268 1353 343 1402; x_wconf 88' lang='lat' dir='ltr'>vel</span> <span class='ocrx_word' id='word_1_103' title='bbox 364 1357 423 1401; x_wconf 93' lang='lat' dir='ltr'>ut</span> <span class='ocrx_word' id='word_1_104' title='bbox 446 1354 781 1401; x_wconf 82' lang='lat' dir='ltr'>constructio</span> <span class='ocrx_word' id='word_1_105' title='bbox 808 1356 1091 1414; x_wconf 87' lang='lat' dir='ltr'>constaret,</span> <span class='ocrx_word' id='word_1_106' title='bbox 1128 1368 1289 1402; x_wconf 86' lang='lat' dir='ltr'>voces</span> <span class='ocrx_word' id='word_1_107' title='bbox 1327 1357 1613 1417; x_wconf 87' lang='lat' dir='ltr'>sequentes</span> <span class='ocrx_word' id='word_1_108' title='bbox 1652 1353 1722 1401; x_wconf 87' lang='lat' dir='ltr'>ad</span> <span class='ocrx_word' id='word_1_109' title='bbox 1747 1354 2092 1402; x_wconf 83' lang='lat' dir='ltr'>mutationem</span> <span class='ocrx_word' id='word_1_110' title='bbox 2123 1368 2252 1402; x_wconf 89' lang='lat' dir='ltr'>casu</span> <span class='ocrx_word' id='word_1_111' title='bbox 2277 1353 2472 1401; x_wconf 85' lang='lat' dir='ltr'>factam</span> <span class='ocrx_word' id='word_1_112' title='bbox 2500 1368 2743 1402; x_wconf 87' lang='lat' dir='ltr'>accomo-</span> 
     </span>
     <span class='ocr_line' id='line_1_12' title="bbox 266 1438 2748 1504; baseline 0 -16"><span class='ocrx_word' id='word_1_113' title='bbox 266 1439 414 1488; x_wconf 81' lang='lat' dir='ltr'>davit.</span> <span class='ocrx_word' id='word_1_114' title='bbox 451 1438 647 1502; x_wconf 87' lang='lat' dir='ltr'>Neque</span> <span class='ocrx_word' id='word_1_115' title='bbox 687 1439 789 1487; x_wconf 90' lang='lat' dir='ltr'>hoc</span> <span class='ocrx_word' id='word_1_116' title='bbox 825 1453 1025 1488; x_wconf 87' lang='lat' dir='ltr'>rarum:</span> <span class='ocrx_word' id='word_1_117' title='bbox 1063 1442 1132 1488; x_wconf 87' lang='lat' dir='ltr'>ut</span> <span class='ocrx_word' id='word_1_118' title='bbox 1168 1439 1493 1504; x_wconf 85' lang='lat' dir='ltr'>obrepens</span> <span class='ocrx_word' id='word_1_119' title='bbox 1530 1439 1865 1501; x_wconf 89' lang='lat' dir='ltr'>mendum,</span> <span class='ocrx_word' id='word_1_120' title='bbox 1905 1438 2036 1488; x_wconf 89' lang='lat' dir='ltr'>alio</span> <span class='ocrx_word' id='word_1_121' title='bbox 2075 1439 2312 1488; x_wconf 90' lang='lat' dir='ltr'>mendo</span> <span class='ocrx_word' id='word_1_122' title='bbox 2351 1441 2748 1504; x_wconf 86' lang='lat' dir='ltr'>corrigatur.</span> 
     </span>
     <span class='ocr_line' id='line_1_13' title="bbox 270 1523 2744 1591; baseline 0 -16"><span class='ocrx_word' id='word_1_123' title='bbox 270 1526 343 1576; x_wconf 85' lang='lat' dir='ltr'>cf.</span> <span class='ocrx_word' id='word_1_124' title='bbox 379 1523 497 1573; x_wconf 88' lang='lat' dir='ltr'>Chr.</span> <span class='ocrx_word' id='word_1_125' title='bbox 534 1525 605 1573; x_wconf 93' lang='lat' dir='ltr'>D.</span> <span class='ocrx_word' id='word_1_126' title='bbox 646 1525 853 1587; x_wconf 89' lang='lat' dir='ltr'>Beckii,</span> <span class='ocrx_word' id='word_1_127' title='bbox 905 1525 971 1582; x_wconf 89' lang='lat' dir='ltr'>de</span> <span class='ocrx_word' id='word_1_128' title='bbox 1009 1525 1358 1575; x_wconf 83' lang='lat' dir='ltr'>Glossematis</span> <span class='ocrx_word' id='word_1_129' title='bbox 1396 1528 1509 1574; x_wconf 88' lang='lat' dir='ltr'>crit.</span> <span class='ocrx_word' id='word_1_130' title='bbox 1550 1532 1756 1591; x_wconf 88' lang='lat' dir='ltr'>quaest.</span> <span class='ocrx_word' id='word_1_131' title='bbox 1792 1527 1835 1575; x_wconf 90' lang='lat' dir='ltr'>I.</span> <span class='ocrx_word' id='word_1_132' title='bbox 1873 1526 2022 1591; x_wconf 87' lang='lat' dir='ltr'>Lips.</span> <span class='ocrx_word' id='word_1_133' title='bbox 2063 1527 2213 1576; x_wconf 90' lang='lat'>1831.</span> <span class='ocrx_word' id='word_1_134' title='bbox 2260 1527 2320 1575; x_wconf 90' lang='lat' dir='ltr'>P.</span> <span class='ocrx_word' id='word_1_135' title='bbox 2362 1527 2431 1575; x_wconf 95' lang='lat' dir='ltr'>II.</span> <span class='ocrx_word' id='word_1_136' title='bbox 2471 1527 2542 1576; x_wconf 89' lang='lat' dir='ltr'>ib.</span> <span class='ocrx_word' id='word_1_137' title='bbox 2581 1543 2626 1576; x_wconf 92' lang='lat' dir='ltr'>e.</span> <span class='ocrx_word' id='word_1_138' title='bbox 2667 1541 2744 1590; x_wconf 84' lang='lat' dir='ltr'>a.;</span> 
     </span>
     <span class='ocr_line' id='line_1_14' title="bbox 268 1611 1926 1676; baseline -0.001 -12"><span class='ocrx_word' id='word_1_139' title='bbox 268 1616 393 1664; x_wconf 83' lang='lat' dir='ltr'>cont.</span> <span class='ocrx_word' id='word_1_140' title='bbox 430 1611 495 1660; x_wconf 87' lang='lat' dir='ltr'>de</span> <span class='ocrx_word' id='word_1_141' title='bbox 531 1611 633 1672; x_wconf 76' lang='lat' dir='ltr'>iis,</span> <span class='ocrx_word' id='word_1_142' title='bbox 662 1627 799 1676; x_wconf 90' lang='lat' dir='ltr'>quae</span> <span class='ocrx_word' id='word_1_143' title='bbox 836 1613 891 1660; x_wconf 90' lang='lat' dir='ltr'>in</span> <span class='ocrx_word' id='word_1_144' title='bbox 929 1611 1106 1662; x_wconf 85' lang='lat' dir='ltr'>Sacris</span> <span class='ocrx_word' id='word_1_145' title='bbox 1144 1612 1322 1662; x_wconf 88' lang='lat' dir='ltr'>Libris</span> <span class='ocrx_word' id='word_1_146' title='bbox 1360 1616 1649 1662; x_wconf 86' lang='lat' dir='ltr'>occurrunt</span> <span class='ocrx_word' id='word_1_147' title='bbox 1683 1613 1754 1663; x_wconf 91' lang='lat' dir='ltr'>ib.</span> <span class='ocrx_word' id='word_1_148' title='bbox 1795 1629 1839 1661; x_wconf 93' lang='lat' dir='ltr'>e.</span> <span class='ocrx_word' id='word_1_149' title='bbox 1879 1628 1926 1662; x_wconf 89' lang='lat' dir='ltr'>a.</span> 
     </span>
    </p>

    <p class='ocr_par' dir='ltr' id='par_1_3' title="bbox 268 1697 2752 2370">
     <span class='ocr_line' id='line_1_15' title="bbox 456 1697 2746 1765; baseline 0.002 -20"><span class='ocrx_word' id='word_1_150' title='bbox 456 1697 714 1762; x_wconf 90' lang='lat' dir='ltr'>Denique</span> <span class='ocrx_word' id='word_1_151' title='bbox 752 1699 905 1748; x_wconf 89' lang='lat' dir='ltr'>tertio</span> <span class='ocrx_word' id='word_1_152' title='bbox 944 1698 1230 1748; x_wconf 90' lang='lat' dir='ltr'>consilio</span> <span class='ocrx_word' id='word_1_153' title='bbox 1268 1699 1531 1765; x_wconf 86' lang='lat' dir='ltr'>perfido</span> <span class='ocrx_word' id='word_1_154' title='bbox 1569 1704 1864 1764; x_wconf 85' lang='lat' dir='ltr'>peccarunt</span> <span class='ocrx_word' id='word_1_155' title='bbox 1901 1701 2070 1748; x_wconf 90' lang='lat' dir='ltr'>omnis</span> <span class='ocrx_word' id='word_1_156' title='bbox 2107 1701 2316 1764; x_wconf 88' lang='lat' dir='ltr'>generis</span> <span class='ocrx_word' id='word_1_157' title='bbox 2361 1700 2746 1765; x_wconf 72' lang='lat' dir='ltr'>descriptorest,</span> 
     </span>
     <span class='ocr_line' id='line_1_16' title="bbox 269 1783 2752 1850; baseline 0.001 -15"><span class='ocrx_word' id='word_1_158' title='bbox 269 1801 377 1835; x_wconf 85' lang='lat' dir='ltr'>cum</span> <span class='ocrx_word' id='word_1_159' title='bbox 411 1784 620 1849; x_wconf 84' lang='lat' dir='ltr'>aliquid</span> <span class='ocrx_word' id='word_1_160' title='bbox 660 1786 717 1832; x_wconf 91' lang='lat' dir='ltr'>in</span> <span class='ocrx_word' id='word_1_161' title='bbox 742 1783 1031 1850; x_wconf 86' lang='lat' dir='ltr'>exemplari</span> <span class='ocrx_word' id='word_1_162' title='bbox 1068 1785 1171 1835; x_wconf 89' lang='lat' dir='ltr'>sibi</span> <span class='ocrx_word' id='word_1_163' title='bbox 1203 1787 1543 1850; x_wconf 88' lang='lat' dir='ltr'>praeiacente</span> <span class='ocrx_word' id='word_1_164' title='bbox 1582 1787 1656 1835; x_wconf 86' lang='lat' dir='ltr'>de</span> <span class='ocrx_word' id='word_1_165' title='bbox 1695 1802 1812 1836; x_wconf 89' lang='lat' dir='ltr'>suo</span> <span class='ocrx_word' id='word_1_166' title='bbox 1851 1786 2299 1836; x_wconf 85' lang='lat' dir='ltr'>emendarunt.</span> <span class='ocrx_word' id='word_1_167' title='bbox 2348 1787 2386 1836; x_wconf 84' lang='lat' dir='ltr'>J</span> <span class='ocrx_word' id='word_1_168' title='bbox 2396 1787 2752 1837; x_wconf 88' lang='lat' dir='ltr'>udaeorum</span> 
     </span>
     <span class='ocr_line' id='line_1_17' title="bbox 268 1870 2752 1938; baseline 0.001 -18"><span class='ocrx_word' id='word_1_169' title='bbox 268 1871 411 1920; x_wconf 86' lang='lat' dir='ltr'>fidem</span> <span class='ocrx_word' id='word_1_170' title='bbox 450 1872 509 1919; x_wconf 93' lang='lat' dir='ltr'>in</span> <span class='ocrx_word' id='word_1_171' title='bbox 554 1870 827 1920; x_wconf 90' lang='lat' dir='ltr'>servanda</span> <span class='ocrx_word' id='word_1_172' title='bbox 861 1873 1166 1936; x_wconf 81' lang='lat' dir='ltr'>integritate</span> <span class='ocrx_word' id='word_1_173' title='bbox 1202 1873 1515 1921; x_wconf 86' lang='lat' dir='ltr'>Divinorum</span> <span class='ocrx_word' id='word_1_174' title='bbox 1554 1873 1898 1922; x_wconf 89' lang='lat' dir='ltr'>Voluminum</span> <span class='ocrx_word' id='word_1_175' title='bbox 1944 1874 2046 1922; x_wconf 91' lang='lat' dir='ltr'>sibi</span> <span class='ocrx_word' id='word_1_176' title='bbox 2095 1873 2533 1936; x_wconf 89' lang='lat' dir='ltr'>concreditorum,</span> <span class='ocrx_word' id='word_1_177' title='bbox 2587 1873 2752 1938; x_wconf 86' lang='lat' dir='ltr'>aliqui</span> 
     </span>
     <span class='ocr_line' id='line_1_18' title="bbox 270 1958 2748 2023; baseline 0 -15"><span class='ocrx_word' id='word_1_178' title='bbox 270 1959 655 2023; x_wconf 87' lang='lat' dir='ltr'>Theologorum</span> <span class='ocrx_word' id='word_1_179' title='bbox 690 1959 747 2007; x_wconf 91' lang='lat' dir='ltr'>in</span> <span class='ocrx_word' id='word_1_180' title='bbox 784 1958 1003 2007; x_wconf 90' lang='lat' dir='ltr'>dubium</span> <span class='ocrx_word' id='word_1_181' title='bbox 1038 1964 1323 2023; x_wconf 82' lang='lat' dir='ltr'>vocarunt3</span> <span class='ocrx_word' id='word_1_182' title='bbox 1362 1975 1481 2008; x_wconf 90' lang='lat' dir='ltr'>cum</span> <span class='ocrx_word' id='word_1_183' title='bbox 1518 1959 1611 2008; x_wconf 87' lang='lat' dir='ltr'>alii</span> <span class='ocrx_word' id='word_1_184' title='bbox 1646 1975 1755 2009; x_wconf 91' lang='lat' dir='ltr'>non</span> <span class='ocrx_word' id='word_1_185' title='bbox 1785 1974 1818 2008; x_wconf 88' lang='lat' dir='ltr'>a</span> <span class='ocrx_word' id='word_1_186' title='bbox 1841 1959 2067 2009; x_wconf 89' lang='lat' dir='ltr'>Judaeis</span> <span class='ocrx_word' id='word_1_187' title='bbox 2105 1959 2200 2009; x_wconf 89' lang='lat' dir='ltr'>sed</span> <span class='ocrx_word' id='word_1_188' title='bbox 2237 1975 2271 2008; x_wconf 87' lang='lat' dir='ltr'>a</span> <span class='ocrx_word' id='word_1_189' title='bbox 2307 1958 2748 2010; x_wconf 84' lang='lat' dir='ltr'>Samaritanis</span> 
     </span>
     <span class='ocr_line' id='line_1_19' title="bbox 274 2045 2751 2112; baseline 0.002 -18"><span class='ocrx_word' id='word_1_190' title='bbox 274 2047 426 2094; x_wconf 90' lang='lat' dir='ltr'>Vetus</span> <span class='ocrx_word' id='word_1_191' title='bbox 462 2045 872 2094; x_wconf 83' lang='lat' dir='ltr'>Testamentum</span> <span class='ocrx_word' id='word_1_192' title='bbox 910 2050 1213 2111; x_wconf 89' lang='lat' dir='ltr'>corruptum</span> <span class='ocrx_word' id='word_1_193' title='bbox 1252 2062 1368 2096; x_wconf 91' lang='lat' dir='ltr'>esse</span> <span class='ocrx_word' id='word_1_194' title='bbox 1407 2046 1770 2096; x_wconf 87' lang='lat' dir='ltr'>defenderent.</span> <span class='ocrx_word' id='word_1_195' title='bbox 1797 2075 1863 2084; x_wconf 84' lang='lat'>—-</span> <span class='ocrx_word' id='word_1_196' title='bbox 1891 2046 1970 2107; x_wconf 85' lang='lat' dir='ltr'>Cf.</span> <span class='ocrx_word' id='word_1_197' title='bbox 2009 2047 2313 2110; x_wconf 87' lang='lat' dir='ltr'>Hottinger,</span> <span class='ocrx_word' id='word_1_198' title='bbox 2349 2046 2506 2096; x_wconf 85' lang='lat' dir='ltr'>Thes.</span> <span class='ocrx_word' id='word_1_199' title='bbox 2544 2047 2670 2112; x_wconf 87' lang='lat' dir='ltr'>phil.</span> <span class='ocrx_word' id='word_1_200' title='bbox 2708 2048 2751 2099; x_wconf 93' lang='grc' dir='ltr'><strong>Ι.</strong></span> 
     </span>
     <span class='ocr_line' id='line_1_20' title="bbox 274 2132 2751 2200; baseline 0 -18"><span class='ocrx_word' id='word_1_201' title='bbox 274 2137 315 2195; x_wconf 89' lang='grc'>2,</span> <span class='ocrx_word' id='word_1_202' title='bbox 348 2135 395 2181; x_wconf 86' lang='grc'><strong>4.</strong></span> <span class='ocrx_word' id='word_1_203' title='bbox 431 2148 483 2197; x_wconf 90' lang='lat' dir='ltr'>p.</span> <span class='ocrx_word' id='word_1_204' title='bbox 525 2133 648 2181; x_wconf 88' lang='grc'><strong>127.</strong></span> <span class='ocrx_word' id='word_1_205' title='bbox 688 2149 729 2182; x_wconf 89' lang='lat' dir='ltr'>s.</span> <span class='ocrx_word' id='word_1_206' title='bbox 781 2133 833 2182; x_wconf 84' lang='lat' dir='ltr'>J.</span> <span class='ocrx_word' id='word_1_207' title='bbox 860 2133 1053 2194; x_wconf 87' lang='lat' dir='ltr'>Vossii,</span> <span class='ocrx_word' id='word_1_208' title='bbox 1095 2132 1159 2181; x_wconf 90' lang='lat' dir='ltr'>de</span> <span class='ocrx_word' id='word_1_209' title='bbox 1197 2137 1436 2198; x_wconf 86' lang='lat' dir='ltr'>septuag.</span> <span class='ocrx_word' id='word_1_210' title='bbox 1474 2135 1693 2198; x_wconf 87' lang='lat' dir='ltr'>interpr.</span> <span class='ocrx_word' id='word_1_211' title='bbox 1731 2134 1922 2198; x_wconf 83' lang='lat' dir='ltr'>Hagae</span> <span class='ocrx_word' id='word_1_212' title='bbox 1961 2133 2106 2183; x_wconf 92' lang='lat' dir='ltr'>Com.</span> <span class='ocrx_word' id='word_1_213' title='bbox 2149 2135 2297 2183; x_wconf 83' lang='lat'>1661.</span> <span class='ocrx_word' id='word_1_214' title='bbox 2336 2150 2387 2198; x_wconf 92' lang='lat' dir='ltr'>p.</span> <span class='ocrx_word' id='word_1_215' title='bbox 2430 2137 2511 2183; x_wconf 87' lang='grc'>18.</span> <span class='ocrx_word' id='word_1_216' title='bbox 2548 2151 2590 2184; x_wconf 85' lang='lat' dir='ltr'>s.</span> <span class='ocrx_word' id='word_1_217' title='bbox 2629 2149 2751 2200; x_wconf 90' lang='lat' dir='ltr'>app.</span> 
     </span>
     <span class='ocr_line' id='line_1_21' title="bbox 274 2218 2751 2285; baseline 0.001 -17"><span class='ocrx_word' id='word_1_218' title='bbox 274 2237 319 2284; x_wconf 92' lang='lat' dir='ltr'>p.</span> <span class='ocrx_word' id='word_1_219' title='bbox 354 2221 433 2268; x_wconf 83' lang='lat'>69.</span> <span class='ocrx_word' id='word_1_220' title='bbox 470 2233 513 2268; x_wconf 77' lang='lat' dir='ltr'>S.</span> <span class='ocrx_word' id='word_1_221' title='bbox 577 2219 857 2280; x_wconf 88' lang='lat' dir='ltr'>Kenikott,</span> <span class='ocrx_word' id='word_1_222' title='bbox 908 2219 1032 2268; x_wconf 90' lang='lat' dir='ltr'>diss.</span> <span class='ocrx_word' id='word_1_223' title='bbox 1069 2218 1142 2268; x_wconf 91' lang='grc' dir='ltr'><strong>ΙΙ.</strong></span> <span class='ocrx_word' id='word_1_224' title='bbox 1180 2236 1221 2268; x_wconf 86' lang='lat' dir='ltr'>s.</span> <span class='ocrx_word' id='word_1_225' title='bbox 1260 2224 1358 2268; x_wconf 86' lang='lat' dir='ltr'>rat.</span> <span class='ocrx_word' id='word_1_226' title='bbox 1395 2223 1433 2268; x_wconf 91' lang='lat' dir='ltr'>t.</span> <span class='ocrx_word' id='word_1_227' title='bbox 1479 2220 1547 2268; x_wconf 91' lang='lat' dir='ltr'>H.</span> <span class='ocrx_word' id='word_1_228' title='bbox 1587 2236 1632 2269; x_wconf 91' lang='lat' dir='ltr'>c.</span> <span class='ocrx_word' id='word_1_229' title='bbox 1674 2223 1719 2269; x_wconf 91' lang='lat'>1.</span> <span class='ocrx_word' id='word_1_230' title='bbox 1757 2237 1810 2285; x_wconf 88' lang='lat' dir='ltr'>p.</span> <span class='ocrx_word' id='word_1_231' title='bbox 1852 2223 1932 2268; x_wconf 84' lang='lat'>17.</span> <span class='ocrx_word' id='word_1_232' title='bbox 1971 2237 2012 2269; x_wconf 87' lang='lat' dir='ltr'>s.</span> <span class='ocrx_word' id='word_1_233' title='bbox 2074 2221 2126 2269; x_wconf 88' lang='lat' dir='ltr'>J.</span> <span class='ocrx_word' id='word_1_234' title='bbox 2165 2221 2233 2268; x_wconf 90' lang='lat' dir='ltr'>H.</span> <span class='ocrx_word' id='word_1_235' title='bbox 2271 2221 2574 2283; x_wconf 87' lang='lat' dir='ltr'>Verschuir,</span> <span class='ocrx_word' id='word_1_236' title='bbox 2625 2221 2751 2271; x_wconf 88' lang='lat' dir='ltr'>diss.</span> 
     </span>
     <span class='ocr_line' id='line_1_22' title="bbox 274 2301 2752 2370; baseline 0.001 -16"><span class='ocrx_word' id='word_1_237' title='bbox 274 2321 335 2354; x_wconf 86' lang='lat' dir='ltr'>cr.</span> <span class='ocrx_word' id='word_1_238' title='bbox 366 2319 469 2370; x_wconf 84' lang='lat' dir='ltr'>qua</span> <span class='ocrx_word' id='word_1_239' title='bbox 491 2305 656 2354; x_wconf 87' lang='lat' dir='ltr'>lectio</span> <span class='ocrx_word' id='word_1_240' title='bbox 684 2305 831 2354; x_wconf 89' lang='lat' dir='ltr'>hebr.</span> <span class='ocrx_word' id='word_1_241' title='bbox 860 2305 975 2355; x_wconf 91' lang='lat' dir='ltr'>cod.</span> <span class='ocrx_word' id='word_1_242' title='bbox 1002 2306 1163 2355; x_wconf 91' lang='lat' dir='ltr'>Deut.</span> <span class='ocrx_word' id='word_1_243' title='bbox 1190 2307 1273 2367; x_wconf 92' lang='grc'>27,</span> <span class='ocrx_word' id='word_1_244' title='bbox 1298 2308 1347 2354; x_wconf 90' lang='grc'>4.</span> <span class='ocrx_word' id='word_1_245' title='bbox 1387 2301 1705 2355; x_wconf 82' lang='lat' dir='ltr'>defenditur.</span> <span class='ocrx_word' id='word_1_246' title='bbox 1742 2307 1908 2355; x_wconf 54' lang='lat' dir='ltr'>Lenis.</span> <span class='ocrx_word' id='word_1_247' title='bbox 1939 2309 2088 2356; x_wconf 86' lang='grc'><strong>1773.</strong></span> <span class='ocrx_word' id='word_1_248' title='bbox 2117 2335 2182 2342; x_wconf 95' lang='grc'><strong>-</strong></span> <span class='ocrx_word' id='word_1_249' title='bbox 2211 2307 2448 2356; x_wconf 88' lang='lat' dir='ltr'>Sacras</span> <span class='ocrx_word' id='word_1_250' title='bbox 2489 2309 2634 2356; x_wconf 89' lang='lat' dir='ltr'>Lite</span> <span class='ocrx_word' id='word_1_251' title='bbox 2649 2322 2752 2357; x_wconf 89' lang='lat' dir='ltr'>ras</span> 
     </span>
    </p>
   </div>
   <div class='ocr_carea' id='block_1_3' title="bbox 274 2395 2855 2460">
    <p class='ocr_par' dir='ltr' id='par_1_4' title="bbox 274 2395 2855 2460">
     <span class='ocr_line' id='line_1_23' title="bbox 274 2395 2855 2460; baseline 0 -16"><span class='ocrx_word' id='word_1_252' title='bbox 274 2410 419 2444; x_wconf 87' lang='lat' dir='ltr'>manu</span> <span class='ocrx_word' id='word_1_253' title='bbox 465 2395 735 2460; x_wconf 88' lang='lat' dir='ltr'>sacrilega</span> <span class='ocrx_word' id='word_1_254' title='bbox 784 2395 1190 2444; x_wconf 87' lang='lat' dir='ltr'>adulterare</span> <span class='ocrx_word' id='word_1_255' title='bbox 1240 2400 1347 2444; x_wconf 91' lang='lat' dir='ltr'>tam</span> <span class='ocrx_word' id='word_1_256' title='bbox 1395 2397 1700 2460; x_wconf 90' lang='lat' dir='ltr'>impium,</span> <span class='ocrx_word' id='word_1_257' title='bbox 1752 2401 1860 2444; x_wconf 90' lang='lat' dir='ltr'>tam</span> <span class='ocrx_word' id='word_1_258' title='bbox 1909 2395 2223 2445; x_wconf 89' lang='lat' dir='ltr'>detestabile</span> <span class='ocrx_word' id='word_1_259' title='bbox 2267 2395 2498 2446; x_wconf 87' lang='lat' dir='ltr'>scelus</span> <span class='ocrx_word' id='word_1_260' title='bbox 2537 2401 2644 2460; x_wconf 81' lang='lat' dir='ltr'>est3</span> <span class='ocrx_word' id='word_1_261' title='bbox 2693 2401 2755 2445; x_wconf 90' lang='lat' dir='ltr'>ut</span> <span class='ocrx_word' id='word_1_262' title='bbox 2844 2432 2855 2443; x_wconf 81' lang='lat'>.</span> 
     </span>
    </p>
   </div>
   <div class='ocr_carea' id='block_1_4' title="bbox 274 2480 2754 2809">
    <p class='ocr_par' dir='ltr' id='par_1_5' title="bbox 274 2480 2754 2809">
     <span class='ocr_line' id='line_1_24' title="bbox 275 2480 2752 2547; baseline 0 -16"><span class='ocrx_word' id='word_1_263' title='bbox 275 2481 503 2531; x_wconf 80' lang='lat' dir='ltr'>videatur</span> <span class='ocrx_word' id='word_1_264' title='bbox 540 2480 889 2543; x_wconf 89' lang='lat' dir='ltr'>incredibile,</span> <span class='ocrx_word' id='word_1_265' title='bbox 939 2480 1081 2530; x_wconf 88' lang='lat' dir='ltr'>istud</span> <span class='ocrx_word' id='word_1_266' title='bbox 1118 2482 1186 2530; x_wconf 90' lang='lat' dir='ltr'>ab</span> <span class='ocrx_word' id='word_1_267' title='bbox 1225 2481 1494 2545; x_wconf 87' lang='lat' dir='ltr'>aliquibus</span> <span class='ocrx_word' id='word_1_268' title='bbox 1530 2481 1832 2531; x_wconf 88' lang='lat' dir='ltr'>hominibus</span> <span class='ocrx_word' id='word_1_269' title='bbox 1882 2481 2006 2531; x_wconf 91' lang='lat' dir='ltr'>olim</span> <span class='ocrx_word' id='word_1_270' title='bbox 2043 2487 2420 2547; x_wconf 87' lang='lat' dir='ltr'>perpetratum.</span> <span class='ocrx_word' id='word_1_271' title='bbox 2481 2481 2588 2531; x_wconf 84' lang='lat' dir='ltr'>Sed</span> <span class='ocrx_word' id='word_1_272' title='bbox 2623 2499 2752 2532; x_wconf 85' lang='lat' dir='ltr'>vero</span> 
     </span>
     <span class='ocr_line' id='line_1_25' title="bbox 274 2567 2752 2634; baseline 0.001 -18"><span class='ocrx_word' id='word_1_273' title='bbox 274 2569 329 2618; x_wconf 89' lang='lat' dir='ltr'>B.</span> <span class='ocrx_word' id='word_1_274' title='bbox 358 2567 634 2616; x_wconf 86' lang='lat' dir='ltr'>Germon</span> <span class='ocrx_word' id='word_1_275' title='bbox 672 2567 724 2616; x_wconf 82' lang='lat' dir='ltr'>S.</span> <span class='ocrx_word' id='word_1_276' title='bbox 750 2568 802 2617; x_wconf 84' lang='lat' dir='ltr'>J.</span> <span class='ocrx_word' id='word_1_277' title='bbox 827 2568 880 2630; x_wconf 87' lang='grc'>1.,</span> <span class='ocrx_word' id='word_1_278' title='bbox 920 2568 987 2617; x_wconf 86' lang='lat' dir='ltr'>de</span> <span class='ocrx_word' id='word_1_279' title='bbox 1026 2568 1293 2617; x_wconf 89' lang='lat' dir='ltr'>veteribus</span> <span class='ocrx_word' id='word_1_280' title='bbox 1330 2567 1612 2618; x_wconf 84' lang='lat' dir='ltr'>haereticis</span> <span class='ocrx_word' id='word_1_281' title='bbox 1649 2569 2154 2618; x_wconf 88' lang='lat' dir='ltr'>Ecclesiasticorum</span> <span class='ocrx_word' id='word_1_282' title='bbox 2190 2568 2446 2618; x_wconf 84' lang='lat' dir='ltr'>Codicum</span> <span class='ocrx_word' id='word_1_283' title='bbox 2484 2574 2752 2634; x_wconf 88' lang='lat' dir='ltr'>corrupto-</span> 
     </span>
     <span class='ocr_line' id='line_1_26' title="bbox 274 2655 2754 2721; baseline 0 -16"><span class='ocrx_word' id='word_1_284' title='bbox 274 2657 404 2705; x_wconf 88' lang='lat' dir='ltr'>ribus</span> <span class='ocrx_word' id='word_1_285' title='bbox 439 2658 562 2706; x_wconf 90' lang='lat' dir='ltr'>Par.</span> <span class='ocrx_word' id='word_1_286' title='bbox 604 2657 757 2706; x_wconf 88' lang='grc'><strong>1713.</strong></span> <span class='ocrx_word' id='word_1_287' title='bbox 796 2656 979 2706; x_wconf 85' lang='lat' dir='ltr'>evicit:</span> <span class='ocrx_word' id='word_1_288' title='bbox 1016 2657 1155 2704; x_wconf 89' lang='lat' dir='ltr'>inter</span> <span class='ocrx_word' id='word_1_289' title='bbox 1190 2655 1470 2704; x_wconf 87' lang='lat' dir='ltr'>haeresum</span> <span class='ocrx_word' id='word_1_290' title='bbox 1508 2657 1788 2721; x_wconf 81' lang='lat' dir='ltr'>magistros</span> <span class='ocrx_word' id='word_1_291' title='bbox 1829 2658 2091 2706; x_wconf 84' lang='lat' dir='ltr'>exstitisse</span> <span class='ocrx_word' id='word_1_292' title='bbox 2128 2672 2236 2705; x_wconf 92' lang='lat' dir='ltr'>non</span> <span class='ocrx_word' id='word_1_293' title='bbox 2271 2672 2490 2721; x_wconf 89' lang='lat' dir='ltr'>paucos,</span> <span class='ocrx_word' id='word_1_294' title='bbox 2529 2658 2620 2720; x_wconf 91' lang='lat' dir='ltr'>qui</span> <span class='ocrx_word' id='word_1_295' title='bbox 2654 2672 2754 2705; x_wconf 90' lang='lat' dir='ltr'>sua</span> 
     </span>
     <span class='ocr_line' id='line_1_27' title="bbox 279 2741 2440 2809; baseline -0 -16"><span class='ocrx_word' id='word_1_296' title='bbox 279 2744 325 2793; x_wconf 82' lang='lat' dir='ltr'>S.</span> <span class='ocrx_word' id='word_1_297' title='bbox 359 2743 656 2792; x_wconf 88' lang='lat' dir='ltr'>Literarum</span> <span class='ocrx_word' id='word_1_298' title='bbox 694 2743 1021 2808; x_wconf 85' lang='lat' dir='ltr'>exemplaria</span> <span class='ocrx_word' id='word_1_299' title='bbox 1058 2741 1180 2793; x_wconf 88' lang='lat' dir='ltr'>dolo</span> <span class='ocrx_word' id='word_1_300' title='bbox 1218 2743 1357 2791; x_wconf 88' lang='lat' dir='ltr'>malo</span> <span class='ocrx_word' id='word_1_301' title='bbox 1394 2742 1720 2793; x_wconf 85' lang='lat' dir='ltr'>falsaverint.</span> <span class='ocrx_word' id='word_1_302' title='bbox 1758 2744 1822 2792; x_wconf 90' lang='lat' dir='ltr'>V.</span> <span class='ocrx_word' id='word_1_303' title='bbox 1862 2742 2063 2793; x_wconf 90' lang='lat' dir='ltr'>Comm.</span> <span class='ocrx_word' id='word_1_304' title='bbox 2101 2744 2151 2792; x_wconf 89' lang='lat' dir='ltr'>h.</span> <span class='ocrx_word' id='word_1_305' title='bbox 2188 2760 2238 2809; x_wconf 90' lang='lat' dir='ltr'>p.</span> <span class='ocrx_word' id='word_1_306' title='bbox 2281 2746 2361 2793; x_wconf 89' lang='grc'><strong>73.</strong></span> <span class='ocrx_word' id='word_1_307' title='bbox 2399 2759 2440 2792; x_wconf 90' lang='lat' dir='ltr'>s.</span> 
     </span>
    </p>
   </div>
   <div class='ocr_carea' id='block_1_5' title="bbox 274 3034 2750 3235">
    <p class='ocr_par' dir='ltr' id='par_1_6' title="bbox 274 3034 2750 3235">
     <span class='ocr_line' id='line_1_28' title="bbox 274 3034 2750 3121; baseline 0 -21"><span class='ocrx_word' id='word_1_308' title='bbox 274 3041 325 3119; x_wconf 68' lang='grc' dir='ltr'><strong>ξ.</strong></span> <span class='ocrx_word' id='word_1_309' title='bbox 370 3041 467 3105; x_wconf 86' lang='grc'><strong>60.</strong></span> <span class='ocrx_word' id='word_1_310' title='bbox 534 3037 1001 3101; x_wconf 86' lang='lat' dir='ltr'>Excutitur</span> <span class='ocrx_word' id='word_1_311' title='bbox 1057 3038 1383 3121; x_wconf 90' lang='lat' dir='ltr'>opinio:</span> <span class='ocrx_word' id='word_1_312' title='bbox 1445 3034 1510 3100; x_wconf 86' lang='lat' dir='ltr'>S.</span> <span class='ocrx_word' id='word_1_313' title='bbox 1567 3036 2051 3099; x_wconf 87' lang='lat' dir='ltr'>Literarum</span> <span class='ocrx_word' id='word_1_314' title='bbox 2114 3036 2194 3101; x_wconf 92' lang='lat' dir='ltr'>V.</span> <span class='ocrx_word' id='word_1_315' title='bbox 2253 3038 2327 3100; x_wconf 87' lang='lat' dir='ltr'>F.</span> <span class='ocrx_word' id='word_1_316' title='bbox 2395 3037 2750 3101; x_wconf 87' lang='lat' dir='ltr'>codices</span> 
     </span>
     <span class='ocr_line' id='line_1_29' title="bbox 733 3148 2282 3235; baseline -0.001 -21"><span class='ocrx_word' id='word_1_317' title='bbox 733 3173 772 3213; x_wconf 87' lang='lat' dir='ltr'>a</span> <span class='ocrx_word' id='word_1_318' title='bbox 814 3149 1177 3214; x_wconf 86' lang='lat' dir='ltr'>Judaeis</span> <span class='ocrx_word' id='word_1_319' title='bbox 1226 3148 1425 3213; x_wconf 90' lang='lat' dir='ltr'>olim</span> <span class='ocrx_word' id='word_1_320' title='bbox 1472 3149 1752 3213; x_wconf 87' lang='lat' dir='ltr'>fuisse</span> <span class='ocrx_word' id='word_1_321' title='bbox 1802 3159 2282 3235; x_wconf 78' lang='lat' dir='ltr'>corruptOS.</span> 
     </span>
    </p>
   </div>
   <div class='ocr_carea' id='block_1_6' title="bbox 276 3367 2751 4657">
    <p class='ocr_par' dir='ltr' id='par_1_7' title="bbox 276 3367 2751 4657">
     <span class='ocr_line' id='line_1_30' title="bbox 466 3367 2745 3434; baseline 0 -16"><span class='ocrx_word' id='word_1_322' title='bbox 466 3368 789 3434; x_wconf 86' lang='lat' dir='ltr'>Opinionem</span> <span class='ocrx_word' id='word_1_323' title='bbox 838 3367 1013 3417; x_wconf 85' lang='lat' dir='ltr'>illam:</span> <span class='ocrx_word' id='word_1_324' title='bbox 1052 3368 1127 3417; x_wconf 93' lang='lat' dir='ltr'>de</span> <span class='ocrx_word' id='word_1_325' title='bbox 1165 3367 1409 3417; x_wconf 88' lang='lat' dir='ltr'>Codice</span> <span class='ocrx_word' id='word_1_326' title='bbox 1448 3367 1499 3417; x_wconf 82' lang='lat' dir='ltr'>S.</span> <span class='ocrx_word' id='word_1_327' title='bbox 1538 3384 1571 3417; x_wconf 89' lang='lat' dir='ltr'>a</span> <span class='ocrx_word' id='word_1_328' title='bbox 1606 3368 1882 3417; x_wconf 87' lang='lat' dir='ltr'>Judaeis</span> <span class='ocrx_word' id='word_1_329' title='bbox 1929 3373 2263 3432; x_wconf 82' lang='lat' dir='ltr'>co-rruptO,</span> <span class='ocrx_word' id='word_1_330' title='bbox 2313 3384 2354 3417; x_wconf 91' lang='lat' dir='ltr'>s.</span> <span class='ocrx_word' id='word_1_331' title='bbox 2392 3369 2452 3417; x_wconf 90' lang='lat' dir='ltr'>P.</span> <span class='ocrx_word' id='word_1_332' title='bbox 2491 3373 2544 3417; x_wconf 87' lang='lat' dir='ltr'>et</span> <span class='ocrx_word' id='word_1_333' title='bbox 2591 3368 2642 3417; x_wconf 83' lang='lat' dir='ltr'>S.</span> <span class='ocrx_word' id='word_1_334' title='bbox 2680 3369 2745 3418; x_wconf 88' lang='lat' dir='ltr'>E.</span> 
     </span>
     <span class='ocr_line' id='line_1_31' title="bbox 276 3454 2750 3521; baseline -0 -17"><span class='ocrx_word' id='word_1_335' title='bbox 276 3457 507 3521; x_wconf 87' lang='lat' dir='ltr'>antiquos</span> <span class='ocrx_word' id='word_1_336' title='bbox 558 3456 835 3517; x_wconf 86' lang='lat' dir='ltr'>docuisse,</span> <span class='ocrx_word' id='word_1_337' title='bbox 888 3454 1033 3503; x_wconf 90' lang='lat' dir='ltr'>haud</span> <span class='ocrx_word' id='word_1_338' title='bbox 1084 3454 1384 3505; x_wconf 82' lang='lat' dir='ltr'>diffitemur.</span> <span class='ocrx_word' id='word_1_339' title='bbox 1459 3454 1511 3505; x_wconf 83' lang='lat' dir='ltr'>S.</span> <span class='ocrx_word' id='word_1_340' title='bbox 1558 3456 2048 3519; x_wconf 83' lang='lat' dir='ltr'>Hieronymum</span> <span class='ocrx_word' id='word_1_341' title='bbox 2098 3455 2240 3519; x_wconf 86' lang='lat' dir='ltr'>quod</span> <span class='ocrx_word' id='word_1_342' title='bbox 2288 3456 2500 3514; x_wconf 89' lang='lat' dir='ltr'>attinet,</span> <span class='ocrx_word' id='word_1_343' title='bbox 2557 3456 2648 3519; x_wconf 90' lang='lat' dir='ltr'>qui</span> <span class='ocrx_word' id='word_1_344' title='bbox 2697 3454 2750 3503; x_wconf 83' lang='lat' dir='ltr'>S.</span> 
     </span>
     <span class='ocr_line' id='line_1_32' title="bbox 288 3540 2751 3607; baseline 0 -16"><span class='ocrx_word' id='word_1_345' title='bbox 288 3542 487 3593; x_wconf 88' lang='lat' dir='ltr'>Codicis</span> <span class='ocrx_word' id='word_1_346' title='bbox 526 3544 919 3607; x_wconf 90' lang='lat' dir='ltr'>corruptionem</span> <span class='ocrx_word' id='word_1_347' title='bbox 958 3543 1209 3606; x_wconf 90' lang='lat' dir='ltr'>queritur,</span> <span class='ocrx_word' id='word_1_348' title='bbox 1251 3540 1451 3591; x_wconf 88' lang='lat' dir='ltr'>Comm.</span> <span class='ocrx_word' id='word_1_349' title='bbox 1488 3543 1543 3591; x_wconf 90' lang='lat' dir='ltr'>in</span> <span class='ocrx_word' id='word_1_350' title='bbox 1570 3558 1653 3607; x_wconf 89' lang='lat' dir='ltr'>ep.</span> <span class='ocrx_word' id='word_1_351' title='bbox 1681 3541 1748 3591; x_wconf 88' lang='lat' dir='ltr'>ad</span> <span class='ocrx_word' id='word_1_352' title='bbox 1781 3541 1898 3591; x_wconf 83' lang='lat' dir='ltr'>Gal.</span> <span class='ocrx_word' id='word_1_353' title='bbox 1925 3544 1972 3603; x_wconf 87' lang='lat'>3,</span> <span class='ocrx_word' id='word_1_354' title='bbox 2005 3544 2083 3590; x_wconf 92' lang='grc'><strong>10.</strong></span> <span class='ocrx_word' id='word_1_355' title='bbox 2109 3558 2160 3606; x_wconf 88' lang='lat' dir='ltr'>p.</span> <span class='ocrx_word' id='word_1_356' title='bbox 2188 3542 2306 3591; x_wconf 86' lang='lat'>431.</span> <span class='ocrx_word' id='word_1_357' title='bbox 2344 3542 2411 3590; x_wconf 90' lang='lat' dir='ltr'>ad</span> <span class='ocrx_word' id='word_1_358' title='bbox 2451 3540 2502 3591; x_wconf 79' lang='lat' dir='ltr'>S.</span> <span class='ocrx_word' id='word_1_359' title='bbox 2531 3541 2751 3606; x_wconf 87' lang='lat' dir='ltr'>August.</span> 
     </span>
     <span class='ocr_line' id='line_1_33' title="bbox 278 3628 2751 3694; baseline -0 -15"><span class='ocrx_word' id='word_1_360' title='bbox 278 3644 349 3693; x_wconf 89' lang='lat' dir='ltr'>ep.</span> <span class='ocrx_word' id='word_1_361' title='bbox 389 3632 512 3692; x_wconf 91' lang='lat'>112,</span> <span class='ocrx_word' id='word_1_362' title='bbox 550 3632 634 3679; x_wconf 87' lang='lat'>22.</span> <span class='ocrx_word' id='word_1_363' title='bbox 682 3646 734 3694; x_wconf 88' lang='lat' dir='ltr'>p.</span> <span class='ocrx_word' id='word_1_364' title='bbox 784 3631 929 3693; x_wconf 79' lang='lat'>755.;</span> <span class='ocrx_word' id='word_1_365' title='bbox 983 3628 1227 3679; x_wconf 88' lang='lat' dir='ltr'>nonnulli</span> <span class='ocrx_word' id='word_1_366' title='bbox 1274 3630 1413 3677; x_wconf 90' lang='lat' dir='ltr'>inter</span> <span class='ocrx_word' id='word_1_367' title='bbox 1460 3630 1605 3694; x_wconf 85' lang='lat' dir='ltr'>ipsos</span> <span class='ocrx_word' id='word_1_368' title='bbox 1658 3628 1964 3679; x_wconf 87' lang='lat' dir='ltr'>Catholicos</span> <span class='ocrx_word' id='word_1_369' title='bbox 2002 3656 2066 3665; x_wconf 92' lang='lat'><strong>·-—-</strong></span> <span class='ocrx_word' id='word_1_370' title='bbox 2106 3645 2156 3677; x_wconf 89' lang='lat' dir='ltr'>v.</span> <span class='ocrx_word' id='word_1_371' title='bbox 2203 3628 2262 3677; x_wconf 89' lang='lat' dir='ltr'>C.</span> <span class='ocrx_word' id='word_1_372' title='bbox 2300 3629 2351 3677; x_wconf 88' lang='lat' dir='ltr'>J.</span> <span class='ocrx_word' id='word_1_373' title='bbox 2389 3628 2636 3690; x_wconf 89' lang='lat' dir='ltr'>Ansaldi,</span> <span class='ocrx_word' id='word_1_374' title='bbox 2685 3628 2751 3678; x_wconf 88' lang='lat' dir='ltr'>de</span> 
     </span>
     <span class='ocr_line' id='line_1_34' title="bbox 279 3715 2749 3782; baseline -0 -17"><span class='ocrx_word' id='word_1_375' title='bbox 279 3717 499 3766; x_wconf 87' lang='lat' dir='ltr'>authent.</span> <span class='ocrx_word' id='word_1_376' title='bbox 549 3716 603 3765; x_wconf 88' lang='lat' dir='ltr'>S.</span> <span class='ocrx_word' id='word_1_377' title='bbox 644 3716 696 3766; x_wconf 89' lang='lat' dir='ltr'>S.</span> <span class='ocrx_word' id='word_1_378' title='bbox 734 3716 877 3782; x_wconf 90' lang='lat' dir='ltr'>apud</span> <span class='ocrx_word' id='word_1_379' title='bbox 916 3716 969 3765; x_wconf 84' lang='lat' dir='ltr'>S.</span> <span class='ocrx_word' id='word_1_380' title='bbox 1007 3717 1067 3766; x_wconf 92' lang='lat' dir='ltr'>P.</span> <span class='ocrx_word' id='word_1_381' title='bbox 1104 3715 1440 3766; x_wconf 88' lang='lat' dir='ltr'>lectionibus.</span> <span class='ocrx_word' id='word_1_382' title='bbox 1477 3717 1611 3765; x_wconf 92' lang='lat' dir='ltr'>Ven.</span> <span class='ocrx_word' id='word_1_383' title='bbox 1652 3718 1804 3766; x_wconf 87' lang='grc'><strong>1747.</strong></span> <span class='ocrx_word' id='word_1_384' title='bbox 1840 3716 1912 3777; x_wconf 86' lang='lat'>11,</span> <span class='ocrx_word' id='word_1_385' title='bbox 1951 3718 1998 3764; x_wconf 89' lang='lat'>3.</span> <span class='ocrx_word' id='word_1_386' title='bbox 2036 3733 2087 3780; x_wconf 88' lang='lat' dir='ltr'>p.</span> <span class='ocrx_word' id='word_1_387' title='bbox 2126 3717 2244 3764; x_wconf 92' lang='grc'><strong>271.</strong></span> <span class='ocrx_word' id='word_1_388' title='bbox 2281 3744 2346 3751; x_wconf 96' lang='grc'><strong>-</strong></span> <span class='ocrx_word' id='word_1_389' title='bbox 2379 3731 2488 3764; x_wconf 90' lang='lat' dir='ltr'>rem</span> <span class='ocrx_word' id='word_1_390' title='bbox 2527 3730 2749 3780; x_wconf 86' lang='lat' dir='ltr'>exagge-</span> 
     </span>
     <span class='ocr_line' id='line_1_35' title="bbox 276 3802 2749 3868; baseline 0 -17"><span class='ocrx_word' id='word_1_391' title='bbox 276 3818 409 3853; x_wconf 87' lang='lat' dir='ltr'>rasse</span> <span class='ocrx_word' id='word_1_392' title='bbox 447 3805 791 3853; x_wconf 86' lang='lat' dir='ltr'>arbitrantur.</span> <span class='ocrx_word' id='word_1_393' title='bbox 847 3802 1294 3852; x_wconf 85' lang='lat' dir='ltr'>Animadvertunt</span> <span class='ocrx_word' id='word_1_394' title='bbox 1327 3805 1415 3853; x_wconf 85' lang='lat' dir='ltr'>isti</span> <span class='ocrx_word' id='word_1_395' title='bbox 1453 3802 1668 3867; x_wconf 89' lang='lat' dir='ltr'>quidem</span> <span class='ocrx_word' id='word_1_396' title='bbox 1717 3804 2030 3868; x_wconf 83' lang='lat' dir='ltr'>scriptores:</span> <span class='ocrx_word' id='word_1_397' title='bbox 2079 3818 2330 3868; x_wconf 85' lang='lat' dir='ltr'>magnum</span> <span class='ocrx_word' id='word_1_398' title='bbox 2377 3802 2528 3852; x_wconf 92' lang='lat' dir='ltr'>illum</span> <span class='ocrx_word' id='word_1_399' title='bbox 2563 3804 2749 3864; x_wconf 85' lang='lat' dir='ltr'>virum,</span> 
     </span>
     <span class='ocr_line' id='line_1_36' title="bbox 280 3889 2751 3955; baseline -0 -16"><span class='ocrx_word' id='word_1_400' title='bbox 280 3906 383 3940; x_wconf 85' lang='lat' dir='ltr'>esse</span> <span class='ocrx_word' id='word_1_401' title='bbox 430 3893 745 3940; x_wconf 86' lang='lat' dir='ltr'>immensum</span> <span class='ocrx_word' id='word_1_402' title='bbox 793 3905 965 3952; x_wconf 84' lang='lat' dir='ltr'>mare,</span> <span class='ocrx_word' id='word_1_403' title='bbox 1015 3889 1159 3955; x_wconf 91' lang='lat' dir='ltr'>quod</span> <span class='ocrx_word' id='word_1_404' title='bbox 1209 3904 1405 3939; x_wconf 88' lang='lat' dir='ltr'>arcano</span> <span class='ocrx_word' id='word_1_405' title='bbox 1456 3891 1672 3955; x_wconf 90' lang='lat' dir='ltr'>spiritus</span> <span class='ocrx_word' id='word_1_406' title='bbox 1719 3891 1920 3954; x_wconf 88' lang='lat' dir='ltr'>impetu</span> <span class='ocrx_word' id='word_1_407' title='bbox 1967 3891 2228 3955; x_wconf 87' lang='lat' dir='ltr'>percitum</span> <span class='ocrx_word' id='word_1_408' title='bbox 2261 3891 2645 3951; x_wconf 86' lang='lat' dir='ltr'>intumescens,</span> <span class='ocrx_word' id='word_1_409' title='bbox 2696 3891 2751 3938; x_wconf 90' lang='lat' dir='ltr'>in</span> 
     </span>
     <span class='ocr_line' id='line_1_37' title="bbox 278 3976 2751 4042; baseline -0 -16"><span class='ocrx_word' id='word_1_410' title='bbox 278 3993 426 4027; x_wconf 87' lang='lat' dir='ltr'>unum</span> <span class='ocrx_word' id='word_1_411' title='bbox 463 3977 614 4027; x_wconf 88' lang='lat' dir='ltr'>littus</span> <span class='ocrx_word' id='word_1_412' title='bbox 661 3978 737 4026; x_wconf 86' lang='lat' dir='ltr'>ita</span> <span class='ocrx_word' id='word_1_413' title='bbox 771 3977 937 4026; x_wconf 89' lang='lat' dir='ltr'>fertur</span> <span class='ocrx_word' id='word_1_414' title='bbox 974 3977 1201 4041; x_wconf 88' lang='lat' dir='ltr'>penitus,</span> <span class='ocrx_word' id='word_1_415' title='bbox 1240 3981 1300 4025; x_wconf 92' lang='lat' dir='ltr'>ut</span> <span class='ocrx_word' id='word_1_416' title='bbox 1336 3976 1560 4026; x_wconf 87' lang='lat' dir='ltr'>alterum</span> <span class='ocrx_word' id='word_1_417' title='bbox 1598 3978 1648 4026; x_wconf 90' lang='lat' dir='ltr'>ei</span> <span class='ocrx_word' id='word_1_418' title='bbox 1685 3978 1986 4042; x_wconf 90' lang='lat' dir='ltr'>oppositum</span> <span class='ocrx_word' id='word_1_419' title='bbox 2024 3977 2225 4025; x_wconf 87' lang='lat' dir='ltr'>siccum</span> <span class='ocrx_word' id='word_1_420' title='bbox 2263 3976 2540 4039; x_wconf 84' lang='lat' dir='ltr'>destituat3</span> <span class='ocrx_word' id='word_1_421' title='bbox 2584 3980 2751 4041; x_wconf 90' lang='lat' dir='ltr'>utque</span> 
     </span>
     <span class='ocr_line' id='line_1_38' title="bbox 278 4062 2751 4129; baseline -0.001 -17"><span class='ocrx_word' id='word_1_422' title='bbox 278 4079 526 4126; x_wconf 84' lang='lat' dir='ltr'>oceanus,</span> <span class='ocrx_word' id='word_1_423' title='bbox 579 4068 860 4129; x_wconf 87' lang='lat' dir='ltr'>postquam</span> <span class='ocrx_word' id='word_1_424' title='bbox 910 4068 1231 4113; x_wconf 85' lang='lat' dir='ltr'>exaestuans</span> <span class='ocrx_word' id='word_1_425' title='bbox 1280 4063 1419 4113; x_wconf 88' lang='lat' dir='ltr'>hanc</span> <span class='ocrx_word' id='word_1_426' title='bbox 1466 4064 1681 4129; x_wconf 88' lang='lat' dir='ltr'>plagam</span> <span class='ocrx_word' id='word_1_427' title='bbox 1717 4063 1876 4127; x_wconf 87' lang='lat' dir='ltr'>longe</span> <span class='ocrx_word' id='word_1_428' title='bbox 1923 4062 2139 4127; x_wconf 88' lang='lat' dir='ltr'>lateque</span> <span class='ocrx_word' id='word_1_429' title='bbox 2186 4062 2490 4124; x_wconf 87' lang='lat' dir='ltr'>inundavit,</span> <span class='ocrx_word' id='word_1_430' title='bbox 2539 4078 2663 4111; x_wconf 85' lang='lat' dir='ltr'>mox</span> <span class='ocrx_word' id='word_1_431' title='bbox 2696 4064 2751 4110; x_wconf 89' lang='lat' dir='ltr'>in</span> 
     </span>
     <span class='ocr_line' id='line_1_39' title="bbox 278 4146 2751 4214; baseline -0.001 -15"><span class='ocrx_word' id='word_1_432' title='bbox 278 4149 445 4201; x_wconf 88' lang='lat' dir='ltr'>alveos</span> <span class='ocrx_word' id='word_1_433' title='bbox 485 4151 587 4201; x_wconf 88' lang='lat' dir='ltr'>sibi</span> <span class='ocrx_word' id='word_1_434' title='bbox 625 4166 659 4199; x_wconf 89' lang='lat' dir='ltr'>a</span> <span class='ocrx_word' id='word_1_435' title='bbox 693 4151 811 4200; x_wconf 91' lang='lat' dir='ltr'>Deo</span> <span class='ocrx_word' id='word_1_436' title='bbox 852 4148 1097 4199; x_wconf 86' lang='lat' dir='ltr'>definitos</span> <span class='ocrx_word' id='word_1_437' title='bbox 1143 4150 1309 4214; x_wconf 85' lang='lat' dir='ltr'>redit3</span> <span class='ocrx_word' id='word_1_438' title='bbox 1359 4152 1435 4200; x_wconf 90' lang='lat' dir='ltr'>ita</span> <span class='ocrx_word' id='word_1_439' title='bbox 1482 4156 1723 4201; x_wconf 87' lang='lat' dir='ltr'>nostrum</span> <span class='ocrx_word' id='word_1_440' title='bbox 1759 4149 1910 4199; x_wconf 88' lang='lat' dir='ltr'>illum</span> <span class='ocrx_word' id='word_1_441' title='bbox 1947 4150 2240 4211; x_wconf 83' lang='lat' dir='ltr'>doctorem,</span> <span class='ocrx_word' id='word_1_442' title='bbox 2287 4151 2380 4200; x_wconf 92' lang='lat' dir='ltr'>ubi</span> <span class='ocrx_word' id='word_1_443' title='bbox 2416 4151 2472 4197; x_wconf 87' lang='lat' dir='ltr'>in</span> <span class='ocrx_word' id='word_1_444' title='bbox 2507 4146 2751 4198; x_wconf 71' lang='lat' dir='ltr'>iritiatum</span> 
     </span>
     <span class='ocr_line' id='line_1_40' title="bbox 278 4235 2751 4303; baseline -0 -17"><span class='ocrx_word' id='word_1_445' title='bbox 278 4236 485 4303; x_wconf 87' lang='lat' dir='ltr'>aliquod</span> <span class='ocrx_word' id='word_1_446' title='bbox 521 4237 721 4287; x_wconf 85' lang='lat' dir='ltr'>effusus</span> <span class='ocrx_word' id='word_1_447' title='bbox 769 4236 981 4301; x_wconf 84' lang='lat' dir='ltr'>longius</span> <span class='ocrx_word' id='word_1_448' title='bbox 1033 4238 1347 4298; x_wconf 84' lang='lat' dir='ltr'>excurrerit,</span> <span class='ocrx_word' id='word_1_449' title='bbox 1397 4253 1521 4286; x_wconf 84' lang='lat' dir='ltr'>mox</span> <span class='ocrx_word' id='word_1_450' title='bbox 1568 4252 1627 4287; x_wconf 86' lang='lat' dir='ltr'>se</span> <span class='ocrx_word' id='word_1_451' title='bbox 1675 4236 1990 4301; x_wconf 86' lang='lat' dir='ltr'>recolligere</span> <span class='ocrx_word' id='word_1_452' title='bbox 2039 4252 2204 4301; x_wconf 87' lang='lat' dir='ltr'>seque</span> <span class='ocrx_word' id='word_1_453' title='bbox 2241 4235 2312 4285; x_wconf 89' lang='lat' dir='ltr'>ad</span> <span class='ocrx_word' id='word_1_454' title='bbox 2349 4251 2468 4285; x_wconf 89' lang='lat' dir='ltr'>eum</span> <span class='ocrx_word' id='word_1_455' title='bbox 2506 4235 2751 4300; x_wconf 88' lang='lat' dir='ltr'>placidae</span> 
     </span>
     <span class='ocr_line' id='line_1_41' title="bbox 280 4322 2750 4390; baseline -0.001 -17"><span class='ocrx_word' id='word_1_456' title='bbox 280 4324 607 4390; x_wconf 86' lang='lat' dir='ltr'>aequalitatis</span> <span class='ocrx_word' id='word_1_457' title='bbox 658 4323 855 4373; x_wconf 88' lang='lat' dir='ltr'>referre</span> <span class='ocrx_word' id='word_1_458' title='bbox 904 4324 1136 4385; x_wconf 89' lang='lat' dir='ltr'>modum,</span> <span class='ocrx_word' id='word_1_459' title='bbox 1176 4325 1267 4389; x_wconf 91' lang='lat' dir='ltr'>qui</span> <span class='ocrx_word' id='word_1_460' title='bbox 1304 4322 1551 4373; x_wconf 89' lang='lat' dir='ltr'>aedificet</span> <span class='ocrx_word' id='word_1_461' title='bbox 1586 4324 1799 4373; x_wconf 90' lang='lat' dir='ltr'>domum</span> <span class='ocrx_word' id='word_1_462' title='bbox 1836 4324 1954 4373; x_wconf 87' lang='lat' dir='ltr'>Dei.</span> <span class='ocrx_word' id='word_1_463' title='bbox 2016 4323 2204 4387; x_wconf 90' lang='lat' dir='ltr'>Itaque</span> <span class='ocrx_word' id='word_1_464' title='bbox 2243 4327 2295 4371; x_wconf 89' lang='lat' dir='ltr'>et</span> <span class='ocrx_word' id='word_1_465' title='bbox 2329 4323 2568 4371; x_wconf 89' lang='lat' dir='ltr'>Morinus</span> <span class='ocrx_word' id='word_1_466' title='bbox 2605 4337 2750 4371; x_wconf 89' lang='lat' dir='ltr'>acer-</span> 
     </span>
     <span class='ocr_line' id='line_1_42' title="bbox 278 4409 2750 4475; baseline -0 -16"><span class='ocrx_word' id='word_1_467' title='bbox 278 4412 427 4461; x_wconf 88' lang='lat' dir='ltr'>rimus</span> <span class='ocrx_word' id='word_1_468' title='bbox 463 4411 795 4461; x_wconf 84' lang='lat' dir='ltr'>Judaeorum</span> <span class='ocrx_word' id='word_1_469' title='bbox 831 4412 1151 4472; x_wconf 89' lang='lat' dir='ltr'>criminator,</span> <span class='ocrx_word' id='word_1_470' title='bbox 1191 4411 1461 4460; x_wconf 87' lang='lat' dir='ltr'>exercitat.</span> <span class='ocrx_word' id='word_1_471' title='bbox 1498 4410 1627 4459; x_wconf 90' lang='lat' dir='ltr'>bibl.</span> <span class='ocrx_word' id='word_1_472' title='bbox 1652 4410 1697 4472; x_wconf 97' lang='lat' dir='ltr'>I,</span> <span class='ocrx_word' id='word_1_473' title='bbox 1729 4412 1776 4459; x_wconf 86' lang='lat'>3.</span> <span class='ocrx_word' id='word_1_474' title='bbox 1814 4427 1867 4475; x_wconf 93' lang='lat' dir='ltr'>p.</span> <span class='ocrx_word' id='word_1_475' title='bbox 1901 4412 1982 4459; x_wconf 89' lang='lat'>31.</span> <span class='ocrx_word' id='word_1_476' title='bbox 2015 4425 2075 4471; x_wconf 73' lang='grc'><strong>3.,</strong></span> <span class='ocrx_word' id='word_1_477' title='bbox 2112 4426 2221 4458; x_wconf 92' lang='lat' dir='ltr'>non</span> <span class='ocrx_word' id='word_1_478' title='bbox 2257 4413 2433 4473; x_wconf 88' lang='lat' dir='ltr'>potest</span> <span class='ocrx_word' id='word_1_479' title='bbox 2468 4425 2576 4458; x_wconf 90' lang='lat' dir='ltr'>non</span> <span class='ocrx_word' id='word_1_480' title='bbox 2611 4409 2750 4458; x_wconf 88' lang='lat' dir='ltr'>ultro</span> 
     </span>
     <span class='ocr_line' id='line_1_43' title="bbox 280 4495 2751 4564; baseline -0.001 -18"><span class='ocrx_word' id='word_1_481' title='bbox 280 4498 559 4547; x_wconf 87' lang='lat' dir='ltr'>concedere</span> <span class='ocrx_word' id='word_1_482' title='bbox 595 4497 665 4547; x_wconf 91' lang='lat' dir='ltr'>ib.</span> <span class='ocrx_word' id='word_1_483' title='bbox 702 4497 796 4558; x_wconf 92' lang='lat' dir='ltr'>IV,</span> <span class='ocrx_word' id='word_1_484' title='bbox 834 4500 881 4549; x_wconf 86' lang='lat'>3.</span> <span class='ocrx_word' id='word_1_485' title='bbox 920 4514 971 4563; x_wconf 89' lang='lat' dir='ltr'>p.</span> <span class='ocrx_word' id='word_1_486' title='bbox 1009 4500 1153 4561; x_wconf 81' lang='grc'><strong>171,;</strong></span> <span class='ocrx_word' id='word_1_487' title='bbox 1202 4498 1641 4547; x_wconf 86' lang='lat' dir='ltr'>consuetudinem</span> <span class='ocrx_word' id='word_1_488' title='bbox 1677 4496 1824 4545; x_wconf 90' lang='lat' dir='ltr'>illam</span> <span class='ocrx_word' id='word_1_489' title='bbox 1862 4496 2024 4546; x_wconf 84' lang='lat' dir='ltr'>fuisse</span> <span class='ocrx_word' id='word_1_490' title='bbox 2061 4495 2110 4545; x_wconf 88' lang='lat' dir='ltr'>d.</span> <span class='ocrx_word' id='word_1_491' title='bbox 2147 4496 2501 4560; x_wconf 86' lang='lat' dir='ltr'>Hieronymo:</span> <span class='ocrx_word' id='word_1_492' title='bbox 2551 4512 2751 4564; x_wconf 82' lang='grc' dir='ltr'><strong>,,σημα-</strong></span> 
     </span>
     <span class='ocr_line' id='line_1_44' title="bbox 277 4580 2749 4657; baseline -0.001 -24"><span class='ocrx_word' id='word_1_493' title='bbox 277 4584 445 4650; x_wconf 79' lang='grc' dir='ltr'><strong>τικῶς“</strong></span> <span class='ocrx_word' id='word_1_494' title='bbox 494 4584 779 4639; x_wconf 85' lang='lat' dir='ltr'>admodum</span> <span class='ocrx_word' id='word_1_495' title='bbox 827 4584 973 4654; x_wconf 90' lang='lat' dir='ltr'>loqui</span> <span class='ocrx_word' id='word_1_496' title='bbox 1011 4589 1064 4635; x_wconf 91' lang='lat' dir='ltr'>et</span> <span class='ocrx_word' id='word_1_497' title='bbox 1110 4581 1487 4657; x_wconf 73' lang='grc' dir='ltr'><strong>,,ἐμφατικῶς“;</strong></span> <span class='ocrx_word' id='word_1_498' title='bbox 1539 4590 1699 4654; x_wconf 89' lang='lat' dir='ltr'>atque</span> <span class='ocrx_word' id='word_1_499' title='bbox 1747 4589 1962 4653; x_wconf 86' lang='lat' dir='ltr'>propter</span> <span class='ocrx_word' id='word_1_500' title='bbox 2006 4585 2289 4635; x_wconf 86' lang='lat' dir='ltr'>verborum</span> <span class='ocrx_word' id='word_1_501' title='bbox 2324 4584 2433 4637; x_wconf 86' lang='lat' dir='ltr'>vim</span> <span class='ocrx_word' id='word_1_502' title='bbox 2475 4588 2530 4633; x_wconf 90' lang='lat' dir='ltr'>et</span> <span class='ocrx_word' id='word_1_503' title='bbox 2566 4580 2749 4656; x_wconf 60' lang='grc' dir='ltr'>,ᾧπερο</span> 
     </span>
    </p>
   </div>
  </div>
 </body>
</html>
