3309 5300
482 316 568 381 50
1163 332 1399 373 comment.
1430 329 1484 372 de
1511 333 1556 372 S.
1578 330 1790 383 scriptur.
1822 344 1915 383 cap.
1947 331 2071 383 prim.
2104 332 2211 372 sect.
2240 330 2274 373 1.

475 503 694 565 nonnisi
736 512 1060 566 nominatim
1105 517 1301 581 septem
1330 512 1593 565 Ecclesiis
1636 513 1844 568 scribat
1888 512 2080 566 ordine
2124 512 2250 568 tali.
2298 510 2389 565 Ad
2428 511 2735 567 Corinthios
2758 511 2973 582 prima,

476 616 554 669 ad
618 616 880 685 Ephesios
938 617 1194 683 secu-ndo,
1265 616 1342 669 a'd
1387 616 1767 686 Philippenses
1830 618 2008 685 tertio,
2078 618 2155 670 acl
2221 615 2554 671 Golossenses
2612 622 2833 687 quarta,
2896 616 2976 669 acl

480 720 722 773 Galatas
780 720 992 789 quinta,
1053 721 1130 773 ad
1185 709 1685 775 leessalonicenees
1744 728 1918 791 sexta,
1982 722 2057 775 ad
2118 722 2395 776 Romanos
2452 722 2700 791 septima.
2776 721 2971 774 Verum

482 822 778 877 Corinthiis
823 830 870 878 et
907 824 1472 885 Thessalonicensibus
1522 825 1643 879 licet
1678 844 1789 895 pro
1834 827 2157 881 correctione
2200 826 2450 894 iteretur,
2496 843 2608 879 una
2656 831 2833 879 tamen
2866 842 2971 894 per

453 946 678 981 omnem
726 930 904 981 orbem
951 934 1128 983 terrae
1175 929 1422 982 Ecclesia
1468 930 1679 997 diffusa
1723 948 1831 984 esse
1878 931 2183 985 denoscitur
2210 925 2245 983 ¹.
2290 930 2365 983 Et
2395 929 2677 984 Johamzes
2722 928 2864 982 enim
2908 930 2970 981 in

474 1116 700 1165 attendit
735 1122 922 1167 auctor
955 1116 1254 1181 fragmenti,
1295 1117 1549 1183 epistolas
1587 1134 1627 1168 s.
1655 1118 1811 1167 Pauli
1850 1117 2049 1167 dudum
2086 1121 2209 1166 ante
2246 1118 2416 1167 visam
2453 1121 2507 1167 et
2533 1116 2728 1166 editam
2754 1117 2967 1182 Apoca-

475 1201 663 1267 lypsim
703 1202 857 1253 datas
893 1203 1072 1252 fuisse.
1850 1213 1855 1219 '

687 1287 724 1356 1)
765 1290 968 1340 Similia
1015 1291 1264 1355 leguntur
1311 1291 1453 1356 apud
1489 1292 1846 1353 Victorinum,
1899 1308 2083 1341 comm.
2122 1292 2179 1341 in
2214 1292 2381 1357 Apoc.
2420 1307 2466 1341 c.
2507 1294 2553 1341 1.
2594 1291 2675 1341 ed.
2712 1290 2969 1340 Biblioth.

473 1376 546 1426 M.
587 1377 775 1427 Colon.
819 1379 914 1440 III,
955 1380 1072 1427 137.
1149 1378 1244 1439 „In
1298 1383 1410 1427 toto
1463 1380 1591 1428 orbe
1641 1382 1845 1443 septem
1894 1379 2169 1429 Ecclesias
2225 1394 2407 1428 omnes
2465 1395 2607 1441 esse,
2663 1384 2716 1427 et
2762 1381 2970 1443 septem

474 1466 775 1515 nominatas
823 1480 985 1513 unam
1038 1480 1156 1515 esse
1206 1464 1563 1527 catholicam,
1613 1466 1815 1515 Paulus
1861 1466 2087 1515 docuit.“
2147 1467 2210 1515 V.
2251 1482 2296 1515 e.
2336 1466 2389 1515 S.
2428 1466 2685 1531 Optatum
2718 1465 2849 1527 Mil„
2902 1464 2969 1513 de

476 1550 686 1600 schism.
735 1552 1005 1601 Donatist.
1055 1551 1146 1613 VI,
1197 1553 1246 1600 3.
1302 1550 1383 1600 ed.
1433 1552 1499 1601 E.
1548 1552 1733 1617 Dupin
1780 1552 1900 1601 Par.
1954 1555 2104 1602 1700.
2155 1570 2206 1618 p.
2257 1555 2341 1603 94.
2397 1552 2518 1601 coll.
2568 1552 2733 1617 Apoc.
2785 1553 2831 1615 1,
2884 1554 2968 1601 13.

476 1638 526 1687 S.
557 1638 900 1703 cyprianum,
939 1645 1058 1689 test.
1099 1639 1216 1689 adv.
1243 1639 1366 1688 Jud.
1393 1639 1435 1701 I,
1464 1641 1547 1688 20.
1585 1656 1636 1703 p.
1666 1640 1747 1688 28.
1788 1639 1853 1687 de
1891 1639 2258 1690 exhortatione
2296 1640 2534 1703 martyrii
2568 1655 2619 1687 n.
2649 1640 2730 1687 11.
2768 1655 2819 1703 p.
2848 1640 2968 1688 202.

474 1726 547 1774 Et
583 1731 644 1775 ut
689 1725 810 1775 loca
851 1726 1075 1776 aliorum
1115 1725 1168 1775 S.
1206 1726 1260 1775 S.
1297 1728 1357 1775 P.
1394 1726 1454 1775 P.
1493 1730 1548 1774 et
1584 1726 1636 1775 S.
1676 1727 1758 1788 E„
1811 1728 1900 1791 qui
1947 1728 2005 1775 in
2053 1742 2273 1775 numero
2318 1726 2621 1790 septenario
2660 1726 2970 1789 mysterium

482 1813 830 1876 quaerebant,
881 1818 1278 1877 praetereamus
1331 1814 1384 1863 S.
1420 1814 1805 1878 Hieronymus,
1851 1829 1933 1878 ep.
1972 1815 2055 1862 53.
2093 1813 2162 1861 ad
2197 1813 2405 1861 Paulin.
2443 1830 2493 1862 n.
2534 1815 2582 1863 8.
2620 1830 2673 1877 p.
2710 1815 2829 1863 280.
2868 1813 2969 1861 ait:

477 1900 708 1959 „Paulus
757 1900 1047 1965 Apostolus
1097 1901 1167 1949 ad
1212 1906 1417 1966 septem
1466 1901 1743 1949 Ecclesias
1792 1902 2000 1963 scribit,
2058 1905 2248 1950 octava
2296 1900 2437 1949 enim
2486 1900 2555 1949 ad
2602 1900 2883 1950 Hebraeos
2936 1914 2971 1947 a

474 1986 742 2051 plerisque
781 1993 929 2037 extra
965 2004 1241 2037 numerum
1278 1989 1540 2053 ponitur.“
1603 1988 1650 2037 E
1686 1989 1877 2052 quibus
1915 2003 2024 2037 non
2059 1988 2239 2052 inepte
2278 1987 2559 2052 colligitur,
2600 2002 2819 2037 causam
2858 2001 2971 2051 qua

469 2073 780 2137 Anonymus
841 2080 1024 2125 noster
1085 2075 1278 2125 ductus
1347 2075 1630 2140 epistolam
1690 2075 1760 2123 ad
1818 2074 2100 2124 Hebraeos
2160 2090 2574 2124 commemorare
2634 2074 2967 2139 neglexerit:

470 2162 854 2224 mysterium
907 2163 1162 2211 numeri
1215 2162 1584 2226 septenarii
1645 2161 1872 2211 fuisse.
1945 2161 2066 2210 Jam
2122 2176 2248 2209 vero
2306 2176 2425 2209 cum
2479 2161 2968 2211 animadvertamus

469 2248 706 2312 reperiri,
746 2250 837 2313 qui
873 2265 939 2297 ex
975 2249 1077 2299 hac
1115 2250 1416 2310 omissione,
1454 2250 1582 2298 item
1608 2266 1674 2298 ex
1697 2249 1874 2299 verbis
1914 2247 1965 2297 S.
1994 2248 2323 2311 Hieronymi,
2363 2264 2445 2312 ep.
2475 2250 2591 2297 129.
2630 2248 2697 2296 ad
2722 2248 2964 2297 Dardan.

471 2350 521 2383 n.
549 2337 596 2383 3.
639 2351 788 2396 „eam
823 2336 1136 2385 Latinorum
1165 2336 1492 2385 consuetudo
1531 2353 1638 2386 non
1664 2337 1853 2401 recipit
1875 2337 2014 2384 inter
2039 2335 2340 2399 Scripturas
2374 2336 2694 2384 canonicas“
2735 2352 2785 2400 p.
2814 2337 2965 2399 971.;

471 2423 751 2471 ostendere
789 2424 1012 2488 cupiunt
1049 2423 1308 2488 epistolae
1356 2424 1558 2472 Pauli
1609 2424 1693 2472 ad
1738 2423 2099 2472 Hebraeos
2149 2422 2515 2471 Romanam
2560 2421 2964 2470 Ecclesiam

471 2510 1022 2560 contradixisse:
1075 2526 1270 2575 operae
1319 2512 1548 2575 pretium
1599 2512 1699 2559 erit
1746 2511 2109 2560 demonstrare
2144 2510 2201 2558 id
2236 2514 2423 2576 aperte
2472 2524 2589 2559 esse
2627 2509 2847 2571 falsum,
2898 2524 2965 2557 ac

469 2602 754 2662 propterea
804 2614 912 2647 non
959 2600 1242 2664 probatum
1293 2599 1342 2647 d.
1380 2598 1727 2663 Hieronymo,
1789 2598 1955 2648 Juvat
2002 2602 2127 2647 ante
2179 2598 2357 2647 omnia
2404 2613 2619 2646 monere
2667 2596 2770 2646 hoc
2819 2596 2963 2645 dicto

471 2685 523 2734 S.
556 2669 774 2735 'Patrem
822 2687 1134 2750 neutiquam
1183 2691 1455 2752 spectasse
1503 2686 1804 2736 Ecclesiam
1854 2687 2175 2749 Romanam,
2230 2701 2368 2751 quae
2416 2687 2483 2736 ab
2535 2701 2669 2735 aevo
2722 2684 2774 2735 S.
2815 2684 2961 2734 Cle·

467 2773 704 2820 mentis
741 2773 802 2821 P.
828 2773 918 2835 M.,
961 2774 1050 2838 qui
1087 2772 1244 2823 huius
1283 2774 1332 2822 d.
1358 2774 1514 2823 Pauli
1547 2773 1804 2838 epistolae
1836 2774 2155 2836 testimonia,
2194 2778 2451 2839 tanquam
2481 2774 2682 2822 Divina
2716 2772 2964 2822 laudavit

469 2859 526 2907 in
562 2860 672 2909 suis
710 2859 876 2909 literis
928 2860 996 2909 ad
1037 2860 1338 2911 Corinthios
1388 2877 1559 2925 usque
1598 2861 1665 2909 ad
1716 2859 1769 2909 S.
1806 2861 2205 2922 Innocentium,
2257 2861 2348 2925 qui
2396 2859 2543 2909 illam
2590 2861 2814 2910 inseruit
2862 2875 2962 2909 suo

470 2947 715 3012 catologo
769 2947 838 2996 ad
883 2948 1267 3013 Exsuperium‚
1325 2945 1757 2998 constantissima
1811 2948 2094 2997 traditione
2151 2949 2355 2997 tenuit:
2406 2948 2832 3012 scripturam
2881 2947 2965 2996 ad

467 3033 831 3084 Hebraeos
883 3049 1034 3084 esse
1086 3034 1534 3105 Canonicam,
1593 3050 1875 3101 eamque
1928 3034 2128 3084 Pauli
2177 3033 2501 3098 Apostoli
2549 3032 2839 3098 publica
2892 3035 2965 3081 in

467 3121 809 3186 Lyturgia
855 3119 1168 3171 lectione
1220 3122 1634 3171 celebravit.
1696 3121 2069 3172 Alterum.est
2116 3120 2165 3171 d.
2202 3122 2588 3185 Hieronymum
2635 3121 2693 3169 in
2740 3120 2845 3169 hoc
2894 3120 2963 3169 de

465 3207 715 3272 Epistola
763 3208 832 3257 ad
867 3209 1146 3259 Hebraeos
1199 3211 1339 3259 dicto
1375 3210 1543 3258 verba
1577 3210 1803 3259 Eusebii
1835 3238 1900 3246 ——
1926 3211 1995 3259 H.
2032 3210 2097 3258 E.
2140 3209 2327 3271 111,73.
2364 3225 2415 3274 p.
2457 3211 2537 3257 72.
2609 3207 2797 3268 „Pauli
2833 3223 2963 3256 vero

467 3295 866 3359 quatuordecim
905 3297 1164 3361 epistolae
1201 3302 1361 3346 notae
1398 3301 1524 3346 sunt
1559 3298 1807 3346 omnibus
1846 3302 1899 3346 et
1934 3297 2267 3362 perspicuae.
2330 3295 2616 3345 Sciendum
2659 3301 2840 3344 tamen
2880 3300 2967 3345 est

468 3382 748 3446 epistolam
796 3381 863 3431 ad
899 3383 1181 3434 Hebraeos
1223 3399 1265 3451 'a
1310 3384 1583 3434 nonnullis
1634 3384 1756 3434 ideo
1808 3400 1925 3434 esse
1973 3384 2322 3448 repudiatam,
2373 3383 2515 3448 quod
2564 3383 2805 3432 dicerent
2842 3397 2964 3432 eam

467 3470 534 3517 ab
571 3469 823 3518 Ecclesia
856 3470 1100 3520 Romana
1135 3486 1230 3535 pro
1270 3476 1418 3520 certa
1455 3487 1518 3521 ac
1557 3473 1792 3536 genuina
1826 3470 1984 3519 Pauli
2022 3470 2252 3536 epistola
2288 3487 2396 3519 non
2432 3470 2665 3520 haberi.“
2694 3499 2761 3506 --
2786 3475 2963 3519 trans-

465 3557 734 3605 sumsisse.
791 3556 1041 3606 Ceterum
1081 3557 1200 3606 coll.
1229 3574 1274 3607 c.
1302 3561 1384 3607 59.
1425 3558 1490 3606 de
1527 3559 1638 3608 Vir.
1676 3539 1885 3608 Illustrs
1913 3575 1965 3622 p.
2001 3560 2116 3607 137.
2155 3557 2321 3606 multo
2362 3557 2578 3606 duriora
2613 3556 2789 3605 addit:
2835 3555 2965 3616 „sed

465 3647 518 3691 et
556 3644 700 3708 apud
735 3644 1006 3694 Romanos
1055 3661 1226 3710 usque
1277 3645 1435 3694 hodie
1472 3633 1628 3694 Pauli
1664 3645 1908 3710 Apostoli
1955 3661 2065 3694 non
2112 3644 2386 3694 habetur.“
2452 3643 2509 3692 Si
2546 3644 2615 3692 ad
2659 3643 2870 3691 literam
2909 3642 2961 3691 d.

463 3728 828 3796 Hieronymus
865 3731 1244 3797 intelligendus
1284 3738 1440 3794 esset,
1492 3737 1640 3782 tanto
1694 3749 1757 3781 ex
1802 3733 2024 3782 adverso
2074 3736 2211 3782 teste
2246 3732 2303 3779 in
2338 3747 2447 3781 non
2483 3730 2630 3780 leves
2678 3730 2963 3794 angustias

463 3822 673 3879 nostra,
717 3818 797 3891 ,de
851 3819 1134 3868 Ecclesiae
1188 3820 1463 3868 Romanae
1521 3821 1665 3870 circa
1721 3821 2089 3869 auctoritatem
2144 3823 2199 3868 et
2251 3823 2522 3868 auctorem
2572 3817 2832 3884 epistolae
2888 3816 2962 3866 ad

461 3905 742 3956 Hebraeos
789 3903 918 3968 fide,
977 3909 1244 3956 sententia
1291 3906 1693 3972 propelleretur.
1760 3905 1927 3957 Secus
1978 3912 2058 3958 est
2110 3911 2304 3956 tamen.
2381 3905 2432 3955 S.
2470 3905 2829 3969 Hieronymus
2886 3905 2957 3954 ab

460 3991 698 4041 Eusebio
735 3999 1009 4043 mutuatus
1047 3995 1281 4056 diversa,
1333 3995 1556 4043 diversis
1593 3994 1727 4044 locis
1772 3995 2021 4060 mitigans
2070 3995 2283 4043 nomine
2320 3994 2633 4043 Latinorum
2672 3997 2725 4042 et
2758 3993 2958 4042 Roma-

459 4093 672 4141 norum,
729 4096 838 4130 non
885 4081 1098 4131 videtur
1146 4082 1292 4131 aliud
1339 4081 1643 4146 intelligere
1692 4083 1956 4146 potuisse3
2014 4097 2175 4146 quam
2231 4080 2491 4146 quosdam
2539 4081 2679 4130 inter
2728 4081 2956 4129 Latinos

457 4163 715 4229 homines,
757 4169 848 4233 qui
883 4169 1020 4218 falso
1058 4170 1435 4234 praeferebant
1455 4169 1740 4218 Ecclesiae
1764 4171 2039 4218 Romanae
2076 4185 2287 4231 nomen,
2324 4174 2515 4218 utnon
2552 4169 2666 4218 sine
2705 4167 2954 4232 specioso

459 4253 610 4302 titulo
647 4254 792 4303 illam
833 4256 1113 4320 epistolam
1150 4257 1446 4306 reiicerent.
1495 4257 1764 4321 Equidem
1802 4273 1867 4306 ex
1904 4273 2007 4322 quo
2047 4258 2393 4306 observamus
2430 4255 2742 4317 Eusebium,
2780 4253 2851 4303 H.
2884 4255 2953 4304 E.

458 4340 550 4401 VI,
589 4343 671 4414 20.
710 4359 760 4407 p.
799 4345 916 4392 223.
967 4343 1226 4408 quosdam
1261 4344 1382 4402 illos
1421 4346 1683 4409 scepticos
1721 4361 1830 4394 non
1866 4346 2198 4408 nominasse3
2247 4343 2368 4392 illos
2418 4342 2667 4407 vulgares
2715 4346 2769 4391 et
2802 4341 2956 4391 nulla

459 4429 714 4477 memoria
749 4429 938 4494 dignos
977 4445 1272 4480 censemus.
1346 4431 1512 4479 Iidem
1563 4435 1743 4480 tamen
1791 4446 1910 4480 cum
1958 4431 2203 4480 Romana
2250 4429 2610 4494 adpellatione
2660 4428 2952 4494 prodirent,

461 4517 826 4580 agnoscebant
860 4517 1047 4582 utique
1085 4532 1148 4566 ac
1185 4517 1601 4582 profitebantur:
1639 4518 2016 4568 Ecclesiae
2060 4519 2403 4568 Romanae
2450 4517 2954 4566 auctoritatem
