3309 5300
546 388 676 455 220
1262 406 1496 447 comment.
1528 404 1582 447 de
1608 406 1651 449 Β.
1673 407 1831 459 script.
1861 418 1955 460 cap.
1985 419 2075 449 sec.
2104 410 2232 451 tract.
2257 408 2317 450 11.

544 601 580 641 a
624 582 871 640 dimidio
900 604 945 641 s.
974 582 1166 641 XIII.
1200 604 1382 662 usque
1412 587 1485 643 ad
1518 584 1846 643 Robertum
1877 584 2262 663 Stephanum,
2313 590 2439 645 sive
2481 608 2661 646 manu
2707 592 2836 647 sive
2882 590 3049 666 typis

544 688 835 763 descripta
862 692 1002 746 sunt
1032 687 1089 745 S.
1108 689 1321 760 Biblia,
1354 709 1527 747 suum
1556 690 1811 747 nitorem
1842 692 2056 748 debent
2084 690 2604 749 Dominicanis.
2659 693 2743 750 Hi
2773 712 3040 771 namque

544 810 772 849 summa
802 812 908 868 pro
938 812 1005 850 eo
1032 812 1177 852 aevo
1206 791 1379 869 κρίσει
1408 794 1469 851 S.
1502 794 1561 851 S.
1594 795 1948 869 castigandis
1979 801 2294 865 vacarunt3
2348 796 2415 852 in
2463 816 2636 872 opere
2673 798 2828 874 quod
2875 796 3046 853 Cor-

544 914 659 952 rec
672 901 739 953 to
752 898 937 954 rium
982 897 1399 955 Parisiense
1444 899 1790 973 adpellatur,
1840 900 1992 977 quod
2022 899 2318 975 imprimis
2348 920 2453 975 per
2481 901 2708 958 labores
2739 902 2865 959 fere
2893 900 3043 957 infi-

544 999 699 1057 nitos
744 1001 1145 1059 constabilivit
1190 1002 1517 1061 cardinalis
1564 1003 1677 1061 Hu
1687 1022 1770 1077 go
1813 1004 1895 1061 de
1943 1002 2002 1060 S.
2035 1003 2269 1061 Charo
2294 1001 2331 1060 ¹.
2389 1004 2487 1062 Ita
2513 1006 2659 1063 haec
2688 1004 3044 1063 Dominica-

543 1123 756 1163 norum
802 1101 1169 1181 ἐπανόρθωσις
1210 1106 1358 1165 viris
1398 1108 1646 1165 eruditis
1677 1126 1822 1165 saec.
1856 1107 2044 1165 XIII.
2077 1107 2318 1183 placuit,
2367 1114 2437 1166 ut
2480 1110 2694 1167 exinde
2731 1110 3047 1167 variantes

544 1208 750 1266 saltem
779 1210 1053 1267 lectiones
1082 1211 1196 1269 sibi
1228 1212 1631 1270 describendas
1663 1212 1953 1282 curarint3
2003 1214 2260 1292 hincque
2289 1214 2659 1289 depromtum
2690 1218 2778 1271 est
2805 1213 3048 1271 celebre

543 1312 695 1369 illud
726 1313 1294 1387 Correctorium,
1329 1318 1483 1393 quod
1520 1316 2038 1387 ,Sorbonicum‘
2069 1312 2377 1375 vocatur2.

752 1418 917 1475 Idem
946 1438 1121 1494 porro
1150 1420 1579 1478 eruditissimus
1609 1420 1804 1493 Hugo,
1854 1420 1958 1498 qui
1997 1440 2130 1478 cum
2159 1421 2404 1477 Parisiis
2433 1420 2725 1479 familiam
2755 1422 3042 1479 Domini-

548 1540 828 1581 canorum
857 1528 1101 1597 regeret,
1153 1530 1311 1583 totus
1354 1525 1742 1582 illustrandae
1788 1524 1844 1581 S.
1879 1525 2277 1582 Bibliothecae
2322 1502 2588 1583 intentus
2617 1526 2761 1597 fuit;
2817 1526 3046 1584 exinde

545 1645 678 1685 cum
717 1627 775 1685 S.
808 1628 867 1685 S.
901 1629 1021 1687 suis
1052 1629 1304 1704 postillis
1334 1629 1655 1689 dilucidare
1685 1630 2118 1702 aggrederetur,
2170 1630 2328 1688 vidit
2372 1648 2551 1707 quam
2597 1635 2744 1687 esset
2771 1648 3042 1688 necessa-

542 1732 700 1789 rium
731 1731 859 1789 loca
888 1732 1103 1805 omnia,
1158 1734 1224 1791 in
1271 1734 1484 1812 quibus
1532 1734 1732 1790 eadem
1776 1752 1897 1791 vox
1941 1735 2192 1791 iteratur
2221 1734 2286 1790 in
2317 1738 2629 1809 conspectu
2661 1734 2892 1792 habere.
2962 1734 3050 1790 Et

542 1836 671 1893 ideo
702 1837 974 1895 alacriter
1003 1838 1077 1894 ad
1120 1838 1376 1895 indicem
1422 1838 1688 1895 omnium
1732 1856 1948 1896 vocum
1994 1837 2052 1894 S.
2087 1838 2145 1895 S.
2197 1838 2624 1895 conficiendum
2671 1843 2852 1896 semet
2897 1858 3042 1897 cum

544 1941 811 2017 pluribus
842 1942 1136 2000 sodalibus
1168 1944 1443 2000 accinxit.
1506 1942 1603 1999 Ita
1634 1942 1889 2000 alterum
1918 1961 2060 2018 opus
2090 1940 2361 2015 Hugonis
2393 1961 2697 2021 nunquam
2729 1942 2870 2001 satis
2898 1944 3037 1999 lau-

544 2047 819 2118 dandum,
855 2046 1142 2104 nimirum
1165 2045 1223 2105 S.
1248 2046 1666 2103 Bibliorum
1696 2045 2298 2117 Concordantiae,
2335 2051 2530 2104 ortum
2553 2044 2698 2105 est3.
2733 2046 3041 2104 Correcto-

545 2150 653 2208 riis
683 2152 813 2209 istis
859 2150 917 2209 S.
952 2150 1283 2209 Bibliorum
1326 2150 1696 2219 Latinorum,
1746 2170 1863 2207 non
1905 2155 2138 2208 tantum
2169 2150 2323 2208 Ordo
2353 2151 2423 2207 P.
2455 2151 2522 2209 P.
2557 2151 3045 2208 Praedicatorum

542 2254 793 2311 feliciter
822 2274 960 2312 usus
992 2252 1139 2324 est43
1172 2274 1383 2313 verum
1406 2254 1586 2311 etiam
1610 2252 1734 2311 a‘lii.
1776 2252 1938 2315 Quae
1963 2255 2163 2311 omnia
2185 2254 2528 2311 Versionem
2552 2254 2829 2312 Latinam
2857 2254 3042 2312 casti-

545 2359 722 2432 gandi
755 2363 1096 2431 tentamina,
1153 2359 1388 2437 quidem
1420 2378 1554 2415 eum
1582 2360 1922 2415 habuerunt
1949 2376 2212 2433 scopum3
2262 2363 2331 2415 ut
2360 2359 2698 2433 apographa
2733 2358 3038 2415 Versionis

543 2463 809 2534 Latinae,
856 2483 961 2538 per
988 2463 1375 2521 librariorum
1405 2483 1611 2520 manus
1643 2462 1848 2520 multis
1880 2463 2176 2520 erroribus
2207 2461 2428 2519 infecta
2473 2463 2874 2520 emendatiora
2901 2463 3042 2519 red-

546 2569 769 2624 derent.
849 2568 1249 2625 Nihilominus
1300 2568 1569 2645 quamvis
1630 2567 1995 2624 correctoriis
2045 2566 2328 2623 eiusmodi
2374 2566 2711 2623 incredibili
2771 2566 3037 2638 solertia,

544 2673 765 2730 vocatis
788 2676 853 2730 in
875 2692 1176 2731 recensum
1206 2673 1465 2749 antiquis
1490 2673 1800 2744 codicibus,
1835 2672 1987 2732 vitia
2017 2673 2420 2729 translationis
2453 2671 2675 2748 priscae
2705 2675 3042 2745 abstergere

544 2778 738 2834 conati
766 2777 930 2834 fuere
960 2779 1181 2847 critici3
1222 2778 1380 2834 haud
1410 2796 1620 2852 parum
1653 2778 1726 2833 ad
1756 2778 1866 2834 hoc
1896 2778 2224 2848 contulisse,
2259 2796 2333 2832 ne
2365 2777 2422 2834 S.
2455 2776 2676 2833 Textus
2703 2775 3044 2833 Bibliorum

543 2880 866 2938 latinorum
896 2884 960 2937 in
992 2882 1155 2956 peius
1186 2885 1414 2938 rueret:
1448 2885 1644 2938 tamen
1677 2880 1818 2958 quia
1848 2900 2152 2958 nunquam
2183 2881 2480 2938 communi
2509 2879 2790 2954 suffragio
2813 2879 3036 2955 suscipi

543 3122 683 3171 Novi
705 3122 1035 3171 Testamenti
1060 3121 1270 3183 Libros,
1308 3121 1598 3171 secundum
1637 3121 1986 3171 orthodoxam
2024 3121 2183 3170 fidem
2221 3121 2424 3171 studuit
2449 3122 2724 3186 corrigere.
2763 3121 2838 3170 Et
2865 3122 3032 3170 etiam

544 3209 710 3258 multa
734 3209 801 3258 de
826 3209 909 3258 his
947 3209 1140 3273 quibus
1176 3210 1373 3257 utimur
1407 3214 1565 3258 noete
1602 3213 1656 3258 et
1694 3208 1780 3258 die
1815 3209 1871 3257 in
1907 3210 2123 3258 servitio
2160 3208 2440 3258 Ecclesiae
2477 3207 2548 3257 ad
2583 3223 2818 3272 unguem
2855 3223 3038 3258 emen-

546 3296 715 3360 davit,
768 3301 821 3344 et
856 3295 959 3345 hoe
995 3311 1103 3344 non
1142 3300 1343 3344 tantum
1380 3311 1476 3360 per
1510 3311 1586 3357 se,
1638 3296 1734 3346 sed
1773 3297 1933 3344 etiam
1980 3311 2077 3360 pei
2113 3293 2405 3360 discipulos
2453 3310 2579 3344 suos
2629 3295 2802 3346 fecitJ‘
2865 3295 3034 3343 Hunc

546 3388 871 3447 exceperunt
894 3397 1036 3432 saec.
1062 3382 1183 3431 XII.
1212 3381 1621 3446 cistercienses3
1650 3382 1910 3448 dirigente
1935 3382 2150 3432 Abbate
2177 3381 2450 3446 Stephano
2474 3383 2561 3443 11.‚
2591 3397 2625 3431 a
2651 3397 2754 3447 quo
2783 3381 3042 3431 adhibitis

544 3471 621 3520 rei
658 3470 838 3534 peritis
875 3469 1055 3519 Biblia
1088 3469 1258 3518 latina
1294 3470 1469 3518 revisa
1504 3470 1672 3520 fuisse
1708 3471 1815 3518 iam
1853 3469 2096 3518 diximus.
2134 3485 2186 3533 p.
2225 3469 2342 3517 218.

758 3556 794 3621 ¹)
834 3556 918 3605 Ita
944 3556 1346 3620 cognominatus
1373 3571 1407 3605 a
1430 3555 1550 3605 loco
1576 3556 1748 3605 natali
1772 3557 2013 3604 Viennae
2041 3554 2390 3620 Allobrogum
2415 3555 2670 3604 suburbio
2699 3555 2751 3604 S.
2783 3553 3040 3605 Chiers.

546 3641 761 3692 Ordinis
784 3647 897 3692 erat
914 3642 1367 3692 Praedicator-um.
1404 3640 1639 3692 Curante
1660 3657 1903 3707 opusque
1923 3641 2182 3706 dirigente
2201 3641 2432 3705 Hugone
2453 3640 2506 3691 S.
2521 3641 2720 3690 Textus
2739 3641 3044 3690 Bibliorum

548 3730 617 3778 ab
654 3744 761 3779 uno
800 3729 1271 3778 Dominicanorum
1310 3729 1479 3793 perito
1530 3729 1767 3790 notario,
1813 3727 2002 3793 quales
2048 3728 2200 3776 multi
2235 3728 2290 3776 in
2327 3729 2649 3777 monasterio
2697 3725 3042 3790 Sanjacobeo

546 3817 839 3865 Parisiensi
862 3815 1092 3878 fuerunt,
1132 3815 1547 3876 describebatur,
1588 3815 1676 3863 cui
1711 3819 1902 3880 postea
1927 3815 2316 3864 adiiciebantur
2341 3813 2411 3863 ad
2433 3815 2724 3879 marginem
2748 3815 3044 3862 varietates

546 3903 788 3952 codicum
814 3903 1200 3964 Hebraeorum,
1230 3900 1571 3963 Graecorum,
1609 3901 1920 3950 Latinorum
1949 3902 2314 3965 antiquorum3
2351 3900 2439 3950 vel
2465 3902 2624 3950 etiam
2649 3900 2702 3950 S.
2731 3898 2782 3949 S.
2809 3901 3038 3949 Patrum

546 4005 587 4039 s.
613 3988 895 4050 Ambrosii,
922 4005 962 4038 s.
982 3989 1311 4052 Hieronymi,
1339 3987 1584 4037 Hrabani
1608 3987 1940 4052 aliorumque
1964 3987 2238 4050 lectiones,
2265 4002 2300 4036 a
2321 3986 2562 4053 pluribus
2587 3987 2864 4036 monachis
2891 4003 2940 4036 e.
2969 3986 3039 4036 Ο.

546 4075 821 4126 collectae.
874 4074 937 4125 A.
976 4091 1019 4124 c.
1062 4076 1211 4124 1236.
1288 4074 1328 4139 2)
1372 4073 1537 4124 Cuius
1586 4074 1996 4139 descriptionem
2045 4074 2260 4124 exhibet
2307 4074 2370 4123 R.
2411 4073 2609 4135 Simon,
2649 4074 2788 4122 Hist.
2827 4088 2900 4122 cr.
2943 4073 3043 4123 des

545 4164 695 4213 Vers.
734 4163 807 4210 du
854 4163 917 4211 N.
957 4163 1017 4210 T.
1067 4162 1269 4211 Rotter.
1324 4163 1473 4211 1690.
1524 4178 1575 4225 p.
1617 4163 1734 4210 111.
1773 4177 1814 4210 s.
1889 4160 1930 4225 3)
1971 4159 2052 4210 Cf.
2091 4161 2292 4210 Comm.
2341 4159 2394 4210 h.
2445 4177 2497 4224 p.
2535 4161 2619 4209 63.
2681 4160 2787 4210 Sed
2839 4159 2908 4209 de
2961 4160 3045 4209 his

546 4250 798 4315 operibus
836 4248 993 4313 plura
1031 4248 1263 4298 dabunt:
1303 4248 1355 4297 J.
1383 4247 1570 4308 Quetif
1592 4252 1643 4297 et
1668 4248 1719 4297 J.
1745 4247 1978 4309 Eehard‚
2017 4247 2312 4312 Scriptores
2349 4246 2564 4296 Ordinis
2600 4247 3046 4296 Praedicatorum

542 4337 809 4386 recensiti.
846 4335 1011 4385 Lutet
1045 4335 1166 4385 Par.
1196 4337 1346 4385 1719.
1384 4335 1429 4397 1,
1473 4337 1587 4384 197.
1626 4351 1669 4384 s.
1709 4337 1825 4385 203.
1864 4351 1904 4384 s.
1943 4334 2150 4384 Natalis
2191 4333 2286 4396 AL,
2323 4333 2461 4382 Hist.
2499 4333 2649 4382 Eccl.
2686 4334 2808 4396 VII,
2853 4335 2972 4382 129.
3000 4349 3041 4384 s.

544 4424 608 4472 R.
646 4422 844 4484 Simon,
894 4421 1185 4472 Nouvelles
1225 4421 1607 4472 Observations
1656 4437 1748 4471 sur
1794 4421 1846 4470 le
1880 4425 2024 4470 texte
2063 4426 2116 4469 et
2150 4420 2230 4469 les
2266 4421 2522 4470 Vei-siens
2561 4419 2632 4468 du
2669 4420 2735 4469 N.
2771 4420 2836 4468 T.
2875 4419 2950 4480 ΙΙ,
2992 4421 3038 4468 1.

544 4525 595 4573 p.
638 4510 752 4560 128.
800 4525 840 4559 s.
902 4509 1150 4574 Fabricy,
1209 4509 1273 4558 de
1328 4509 1475 4558 titres
1528 4508 1777 4574 primitifs
1831 4509 1895 4557 de
1949 4508 2002 4556 la
2055 4505 2396 4570 Re'velation,
2453 4507 2536 4556 ed.
2584 4507 2766 4572 Migne
2816 4523 2869 4571 p.
2923 4508 3042 4558 727.

544 4598 587 4664 ¹²)
627 4596 1081 4658 Quemadmodum
1118 4597 1249 4648 satis
1286 4601 1437 4665 patet
1472 4611 1538 4646 ex
1574 4595 2022 4664 disputationibus
2061 4593 2112 4646 d.
2143 4593 2463 4649 Doctoris
2499 4593 2828 4665 Angeliei.
