3309 5300
1062 441 1126 487 De
1154 444 1329 488 Canens
1356 459 1392 486 s.
1414 442 1581 486 Libror.
1612 443 1710 487 vet.
1738 443 1858 487 Test.
2632 431 2714 498 13

229 630 325 684 tur
363 619 609 685 Divina
654 620 1006 685 Volumina
1063 623 1131 685 in
1175 620 1299 684 hac
1343 618 1746 686 bibliotheca
1789 642 1998 705 usque
2046 619 2134 686 ad
2178 620 2704 704 persecutionem

229 733 525 798 Antiochi
586 743 817 798 contra
875 733 1202 817 Judaeos3
1264 743 1421 798 tunc
1478 743 1671 818 capto
1733 741 1798 796 et
1856 732 2104 818 polluto
2168 731 2466 818 Templo,
2526 731 2713 797 Libri

231 845 405 912 Sacri
452 847 565 932 qui
610 845 702 910 ibi
746 844 1263 931 reperiebantur,
1312 844 1537 912 aboliti
1583 854 1751 910 sunt.
1801 844 1937 910 Sed
1971 854 2038 910 et
2083 847 2402 910 saevitum
2447 845 2714 931 insuper

231 959 539 1024 dirissime
584 961 653 1024 in
690 981 824 1042 eos,
872 957 1050 1046 apud
1083 981 1247 1044 quos
1278 957 1670 1024 Divinorum
1700 957 2050 1024 Librorum
2100 957 2504 1044 exemplaria
2533 959 2711 1022 inve-

228 1071 596 1157 niebantur3
621 1074 766 1158 ipsa
783 1094 942 1136 vero
967 1071 1303 1137 volumina
1325 1072 1390 1137 in
1417 1073 1670 1136 cineres
1694 1073 1940 1158 passim
1961 1071 2252 1136 redacta.
2281 1070 2712 1137 Nihilominus

225 1184 608 1250 Machabaei
656 1184 896 1250 Sacros
926 1184 1165 1250 Libros
1210 1185 1569 1250 incolumes
1618 1193 2108 1250 conservarunt.
2177 1184 2350 1250 Sane
2399 1207 2454 1249 e.
2501 1183 2710 1248 Judas

228 1297 667 1362 Machabaeus
726 1299 795 1362 in
862 1321 1116 1362 summa
1172 1299 1473 1382 angustia
1536 1308 1935 1384 temporum,
2004 1306 2277 1382 urgente
2341 1295 2516 1362 bello
2578 1320 2710 1362 non

226 1410 516 1476 obstante
566 1411 836 1476 decreto
869 1412 1042 1496 regis
1074 1410 1303 1496 Syriae
1328 1415 1368 1494 ¹,
1418 1419 1778 1498 occupatus
1816 1412 2292 1476 restauratione
2339 1407 2564 1496 templi
2610 1433 2713 1493 ,ea

227 1563 303 1571 ——
330 1523 669 1589 volumina
696 1563 785 1570 —
816 1546 985 1609 quae
1035 1522 1417 1588 deciderant
1454 1546 1575 1608 per
1617 1521 1895 1604 bellum,
1955 1524 2382 1608 congregavit
2437 1524 2675 1588 omnia‘
2693 1545 2710 1606 3

228 1635 299 1701 de
366 1637 605 1722 quibus
672 1637 1057 1702 nominatim
1126 1635 1527 1721 subiungunt
1595 1635 1835 1700 Judaei
1902 1635 2280 1722 palaestini,
2353 1637 2406 1700 si
2472 1635 2714 1702 «Iudaei

233 1751 595 1836 aegyptiaci
666 1773 781 1814 eas
843 1748 1251 1832 desiderant,
1318 1751 1611 1831 mittant,
1676 1750 1786 1833 qui
1851 1747 1973 1814 illis
2029 1749 2368 1834 perferant
2384 1750 2428 1812 2.
2523 1747 2711 1827 Quae

229 1864 431 1927 omnia
459 1862 899 1928 verosimilius
940 1863 1278 1927 evincunt:
1314 1885 1466 1927 non
1510 1885 1664 1926 uno
1713 1871 2064 1947 tempore
2111 1860 2511 1926 Canonem
2543 1860 2607 1925 S.
2643 1861 2708 1926 S.

228 1975 299 2040 V.
322 1975 393 2040 T.
429 1974 804 2059 collectum,
839 1985 907 2040 et
932 1975 1605 2066 Machabaeorum
1654 1983 1921 2040 aetate
1963 1973 2226 2042 demum
2258 1975 2510 2039 finitum
2544 1995 2709 2038 esse.

676 2275 737 2354 ξ.
783 2275 845 2340 4.
909 2271 1179 2337 Canon
1224 2271 1703 2338 Judaeorum
1752 2270 2250 2338 Graecorum.

414 2464 733 2529 Examini
794 2462 1203 2528 subiicienda
1250 2473 1349 2528 est
1409 2466 1703 2551 quaestio
1732 2489 1746 2528 ε
1807 2487 1980 2529 num
2039 2463 2187 2528 duo
2246 2462 2488 2527 fuerint
2534 2461 2711 2548 apud

228 2575 559 2642 Hebraeos
631 2576 990 2642 Canones
1060 2574 1409 2641 Sacrarum
1480 2575 2015 2665 Scripturarum‘?
2098 2575 2526 2660 Judaeorum,
2599 2577 2711 2661 qui

229 2688 657 2756 Palaestinam
734 2689 1204 2773 inhabitarunt,
1282 2692 1419 2755 sive
1496 2690 1768 2756 Canon
1834 2690 2333 2776 palaestinus
2410 2688 2710 2754 omnibus

229 2806 497 2868 numeris
531 2804 961 2889 partibusque
1003 2803 1266 2869 saeculo
1300 2814 1452 2869 ante
1485 2804 1816 2870 Christum
1849 2806 2074 2890 quinto
2109 2804 2476 2869 absolutus:
2513 2813 2708 2888 atque

230 2914 379 2980 alter
407 2918 759 3000 recentior,
809 2939 1007 3002 quem
1052 2916 1682 2982 Alexandrinum
1726 2927 1988 3001 vocant,
2037 2916 2524 2983 Graecorum
2571 2918 2708 2979 sive

230 3026 882 3112 Hellenistarum,
947 3028 1235 3094 secundo
1302 3041 1453 3095 ante
1516 3030 1844 3097 Christum
1909 3030 2170 3096 saeculo
2235 3029 2530 3113 clausus3
2600 3030 2711 3114 qui

231 3151 474 3226 praeter
548 3165 664 3207 eos
682 3192 699 3225 ,
760 3164 925 3227 quos
991 3144 1170 3228 prior
1230 3166 1443 3208 canon
1500 3142 1904 3226 continebat,
1965 3141 2166 3207 libros
2225 3144 2493 3227 insuper
2550 3140 2710 3205 alios

232 3255 565 3343 amplexus
611 3258 694 3320 sit
711 3259 753 3321 3.

425 3496 462 3559 ¹)
500 3496 548 3544 Ι.
574 3494 751 3544 Mach.
782 3498 829 3556 1,
856 3497 940 3545 59.
997 3494 1039 3559 ²)
1076 3494 1147 3545 II.
1170 3494 1347 3544 Mach.
1376 3498 1423 3557 2,
1453 3498 1533 3545 15.
1590 3495 1630 3561 3)
1669 3496 1755 3545 De
1780 3495 1882 3545 hac
1911 3494 2225 3546 collectione
2255 3524 2315 3532 —
2345 3510 2452 3561 qua
2477 3493 2710 3545 admissa

232 3577 457 3632 doctrina
503 3583 764 3631 Veterum
814 3586 1163 3644 everteretur,
1215 3583 1307 3647 qui
1355 3598 1476 3631 cum
1524 3584 1738 3633 criteria
1790 3584 1946 3648 plura
1993 3587 2354 3648 proponerent
2407 3582 2476 3631 ad
2525 3581 2708 3632 distin-

232 3668 449 3731 guendos
498 3668 698 3718 Libros
748 3668 956 3730 Sacros,
1004 3670 1249 3731 nuspiam
1303 3668 1404 3717 hac
1454 3668 1682 3734 duplicis
1739 3669 2072 3720 collectionis
2109 3669 2449 3719 discrimandi
2502 3673 2708 3723 ratione

231 3755 301 3802 usi
338 3761 456 3805 sunt
482 3756 688 3804 -iam
722 3756 774 3805 J.
802 3755 866 3805 N.
905 3754 1243 3817 Schaefer,
1287 3755 1657 3807 Institutiones
1701 3756 2143 3822 Scripturisticae.
2199 3757 2340 3822 Mog.
2371 3760 2520 3809 1790.
2559 3759 2599 3821 1,
2627 3759 2708 3807 65.

236 3842 458 3906 scripsit:
528 3858 647 3904 „res
702 3844 916 3892 omnino
972 3843 1179 3893 incerta
1232 3828 1351 3905 est,
1398 3844 1607 3893 nullum
1662 3845 1802 3893 enim
1857 3842 2219 3893 authenticum
2273 3844 2499 3909 duplicis
2553 3845 2710 3895 huius

234 3924 450 3980 Canonis
500 3935 681 3979 exstat
727 3930 1115 3993 testimonium3
1164 3934 1218 3979 et
1264 3929 1367 3995 ipsi
1415 3930 1613 3979 Judaei
1658 3930 1894 3979 historici
1939 3930 2210 3995 Josephus
2247 3935 2301 3979 et
2336 3931 2506 3994 Philo,
2553 3948 2710 3997 quem

232 4012 455 4065 ultimum
493 4016 757 4082 siquidem
798 4016 913 4081 ipse
941 4016 1245 4065 Hellenista
1268 4016 1382 4079 fuit,
1419 4016 1804 4082 Aegyptiorum
1843 4016 2031 4067 Canon
2067 4016 2235 4067 latere
2273 4034 2380 4067 non
2416 4020 2604 4083 potuit,
2643 4018 2711 4067 de

231 4098 321 4149 hac
350 4100 586 4153 Canonis
620 4103 929 4153 diversitate
967 4103 1129 4152 altum
1164 4102 1369 4153 silent.“
1420 4104 1615 4153 Noster
1650 4120 1778 4153 vero
1815 4105 1878 4153 F.
1915 4103 2270 4167 Ackermann,
2309 4106 2435 4155 Intr.
2471 4107 2530 4154 in
2565 4105 2628 4153 L.
2657 4104 2708 4154 S.

234 4186 287 4235 V.
320 4188 379 4239 F.
414 4190 610 4241 Vienn.
666 4192 818 4239 1825.
870 4206 922 4255 p.
960 4192 1043 4239 36.
1080 4190 1286 4240 monuit
1323 4192 1447 4255 „qui
1495 4192 1822 4241 arbitrantur
1868 4191 2084 4242 saeculo
2131 4192 2365 4242 secundo
2413 4197 2506 4242 aut
2541 4192 2709 4256 primo

235 4279 343 4323 ante
388 4276 659 4325 Christum
708 4290 743 4325 a
788 4274 1011 4326 Judaeis
1050 4292 1310 4326 canonem
1357 4277 1583 4326 alterum
1628 4279 1948 4327 instructum
1995 4278 2189 4339 fuisse,
2235 4278 2384 4328 nullo
2430 4278 2550 4326 freti
2587 4282 2712 4327 sunt

236 4363 486 4427 scriptoris
515 4363 621 4413 fide
648 4362 795 4427 digni
820 4365 1173 4413 testimonio.“
1228 4364 1519 4424 Quaerenti
1556 4366 1794 4415 rationes
1831 4365 1986 4414 huius
2014 4367 2312 4415 sententiae
2339 4366 2408 4414 ad
2435 4364 2710 4415 Canouem

235 4448 576 4511 palaestinum
604 4451 956 4501 evincendum
981 4450 1300 4516 producunt,
1329 4451 1611 4516 quemdam
1634 4450 1813 4501 locum
1845 4452 1881 4501 J
1892 4452 2120 4517 osephi
2151 4451 2342 4514 Flavii,
2368 4467 2525 4516 quem
2547 4468 2709 4517 pecu-

236 4531 342 4583 liari
376 4536 751 4605 disquisitione
774 4554 827 4602 p.
856 4538 935 4587 17.
962 4552 1005 4587 s.
1054 4537 1464 4602 illustravimus3
1500 4539 1628 4589 item
1664 4540 1968 4589 testimonia
2001 4539 2055 4589 S.
2080 4539 2140 4588 P.
2168 4542 2220 4587 et
2246 4536 2300 4587 S.
2325 4538 2418 4602 E.3
2457 4538 2709 4589 saeculi

240 4628 495 4676 secundi
518 4626 793 4677 Melitenis
820 4626 1115 4689 Sardensis‚
1143 4626 1373 4691 epistola
1397 4626 1465 4676 ad
1490 4627 1797 4678 Onesimum
1826 4628 1968 4694 apud
1992 4628 2303 4691 Eusebium,
2330 4627 2398 4677 H.
2418 4628 2482 4677 E.
2507 4627 2600 4692 IV,
2626 4630 2708 4679 26.
