3309 5300
1191 354 1327 405 Leges
1360 328 1515 405 explic.
1547 358 1591 397 S.
1621 357 1886 408 scripturae.
2653 347 2771 410 311

504 529 589 579 Ad
622 529 920 579 elevandam
954 532 1035 579 vel
1069 530 1435 594 affirmandam
1464 530 1772 582 Oatenarum
1803 535 2152 583 auctoritatem
2187 535 2402 582 maximi
2437 536 2675 583 momenti
2711 539 2782 583 est

274 612 613 680 disquisitio:
658 633 741 666 an
780 623 835 667 et
870 616 1239 681 quaefides
1274 617 1569 669 habenda
1604 622 1694 669 sit
1730 618 1786 670 S.
1822 620 1885 670 P.
1925 626 1979 670 et
2014 618 2068 670 S.
2104 620 2170 670 E.
2217 621 2570 683 excerptis,
2621 636 2781 684 quae

274 702 297 749 i
308 718 353 751 n
408 702 673 753 Catenis
722 706 1113 754 servantur?
1178 704 1442 765 Quomodo
1490 708 1848 769 compilatores
1899 707 2206 759 Catenarum
2252 708 2444 757 versati
2475 707 2682 769 fuerint
2725 709 2782 756 in

276 790 617 853 compilando
648 790 956 842 Catenarum
992 807 1157 855 opere,
1194 793 1384 842 sincere
1420 795 1776 842 enarravimus
1788 812 1808 857 ,·
1841 800 2002 843 restat
2034 800 2092 843 ut
2116 794 2394 858 paulisper
2429 796 2782 857 inquiramus.-

282 893 363 926 an
386 877 535 940 salso
564 884 610 927 et
633 876 761 927 data
786 894 961 941 opera,
997 880 1211 927 nomina
1246 885 1511 929 auctorum
1534 882 1732 930 mentiti
1753 882 1869 944 sint,
1909 888 2060 944 atque
2080 880 2214 943 fidei
2249 882 2486 930 lectorum
2520 883 2781 945 imponere

276 965 583 1013 voluerint?
616 964 707 1015 Vir
728 982 953 1014 summus
970 965 1033 1015 P.
1056 965 1125 1016 D.
1148 964 1206 1014 H
1212 968 1445 1029 uetius,
1463 966 1640 1030 praef.
1665 970 1720 1016 in
1741 966 1973 1033 origenis
1996 967 2181 1021 Comm.
2209 966 2286 1017 ed.
2309 966 2412 1017 C'ol.
2437 969 2588 1020 1685.
2605 985 2666 1031 Ρ.
2695 970 2778 1017 10.

279 1050 350 1099 A.
396 1050 524 1101 Gal
535 1052 557 1101 l
568 1050 841 1114 andius,
870 1052 1048 1116 praef.
1081 1068 1193 1117 qen.
1218 1054 1275 1102 in
1298 1053 1543 1103 Biblioth.
1580 1053 1683 1104 Vet.
1716 1054 1943 1103 Patrum.
1991 1054 2110 1105 Ven.
2136 1057 2293 1104 1765.
2319 1054 2364 1117 Ι,
2402 1054 2486 1105 VI.
2511 1070 2551 1104 s.
2589 1055 2780 1117 aliique

273 1154 473 1201 parum
508 1140 675 1188 inesse
709 1138 1217 1202 interpretationibus
1256 1139 1567 1190 Catenarum
1603 1142 1926 1190 auctoritatis
1962 1140 2254 1191 docuerunt.
2323 1140 2402 1204 Of.
2441 1139 2521 1191 Sc.
2558 1138 2776 1205 Maffeii,

282 1240 362 1287 ep.
390 1224 464 1273 ad
489 1225 552 1274 A.
580 1224 857 1287 Bacchini;
893 1225 1040 1289 apud
1074 1224 1275 1276 Stieren
1312 1225 1388 1276 ed.
1421 1225 1573 1289 Oper.
1600 1225 1653 1276 S.
1679 1227 1816 1277 Iren.
1843 1228 1916 1290 II,
1947 1230 2075 1277 395.
2113 1228 2317 1277 Horum
2353 1227 2512 1293 igitur
2549 1226 2777 1276 obiectio-

281 1309 435 1359 nibus
470 1317 528 1360 ut
564 1328 905 1375 occurramus,
944 1312 1236 1374 confitemur
1269 1314 1449 1378 negari
1482 1330 1588 1362 non
1620 1330 1802 1377 posse.-
1859 1313 2168 1365 C'atenarum
2205 1312 2534 1378 quarundam
2569 1330 2776 1363 consar-

283 1398 539 1447 cinatores
573 1399 632 1447 in
656 1398 1003 1464 praefigendis
1048 1401 1355 1462 scriptorum
1402 1399 1691 1448 nominibus
1736 1401 2052 1465 neyliyentes,
2099 1403 2340 1463 incurios,
2389 1402 2490 1449 imo
2537 1399 2777 1449 sublestos

284 1485 549 1533 exstitisse.
611 1484 739 1535 Oum
770 1500 889 1536 vero
926 1484 1019 1533 hoc
1064 1484 1295 1535 Veterum
1328 1487 1539 1550 inteqris
1574 1489 1946 1536 commentariis
1991 1489 2049 1536 in
2085 1486 2140 1538 S.
2180 1486 2234 1537 S.
2274 1488 2440 1550 etiam,
2486 1493 2544 1535 ut
2583 1486 2775 1537 Oritica

283 1569 669 1631 demonstravit,
707 1570 962 1633 acciderit,
1002 1578 1047 1621 et
1076 1574 1365 1635 promiscue
1400 1572 1631 1622 omnibus
1653 1572 1719 1623 P.
1745 1579 1792 1622 et
1817 1572 1871 1624 S.
1897 1573 1960 1623 Ε.
1987 1573 2146 1635 libris,
2183 1580 2241 1623 ut
2274 1573 2532 1623 interdum
2551 1576 2776 1639 qenuina

282 1659 479 1721 spuriis
518 1658 918 1709 admiscerentur
928 1677 949 1722 ,·
982 1658 1278 1708 mirandum
1313 1676 1419 1708 non
1455 1666 1540 1722 est,
1579 1659 1738 1709 eidem
1773 1662 1908 1709 malo
1945 1660 2168 1709 obnoxia
2201 1676 2304 1711 esse
2343 1666 2578 1724 excerpta
2614 1676 2676 1709 ex
2711 1661 2776 1707 iis

286 1743 493 1794 Catenis
528 1747 734 1794 inserta.
774 1745 1005 1794 Facilius
1028 1752 1195 1795 autem
1217 1761 1414 1808 semper
1436 1748 1687 1810 ingeritur
1707 1746 1927 1809 fraudis
1949 1748 2276 1809 insimulatio,
2317 1764 2468 1810 quam
2493 1748 2772 1810 repellitur.

280 1828 367 1879 Ad
386 1836 593 1880 nostros
616 1848 772 1895 usque
797 1830 919 1894 dies,
958 1831 1213 1895 imprimis
1235 1833 1282 1880 si
1306 1830 1368 1881 de
1390 1834 1740 1881 vetustissimis
1763 1833 2114 1895 scriptoribus,
2154 1850 2370 1896 quorum
2395 1848 2552 1897 opera
2566 1832 2774 1896 pridem

280 1920 385 1966 iam
422 1916 698 1981 deperdita
719 1918 903 1981 fuere,·
936 1934 1043 1967 non
1078 1920 1285 1983 contiqit
1319 1918 1547 1980 eruditis,
1588 1920 1678 1981 qui
1698 1918 1917 1981 fraudis
1952 1922 2287 1983 suspicionem
2323 1918 2634 1985 inyerebant,
2663 1934 2774 1967 eam

284 2004 437 2052 claris
482 2004 692 2053 indiciis
742 2011 787 2053 et
830 2004 1128 2054 testimoniis
1164 2004 1410 2069 probare.
1471 2004 1668 2069 Mayna
1711 2008 1914 2055 interim
1959 2013 2030 2055 est
2074 2008 2131 2055 in
2176 2013 2472 2055 catenarum
2519 2004 2774 2054 codicibus

282 2092 524 2153 varietas,
565 2097 608 2140 et
646 2092 739 2140 alii
774 2092 893 2141 aliis
928 2093 1084 2140 multo
1120 2098 1235 2140 sunt
1268 2094 1698 2155 praestantiores,·
1746 2092 1838 2141 sed
1873 2092 2011 2155 quod
2053 2096 2110 2145 in
2136 2094 2400 2156 plerisque
2441 2109 2594 2142 raro
2632 2107 2772 2155 repe-

282 2178 489 2225 riantur
528 2175 583 2227 S.
622 2177 770 2227 P.·et
819 2176 874 2227 S.
912 2177 975 2227 E.
1024 2180 1531 2228 veter-rimorum
1580 2179 2072 2243 expositiones,
2122 2178 2180 2227 id
2228 2178 2428 2242 quidem
2475 2178 2622 2228 haud
2673 2179 2776 2227 leve

282 2269 633 2327 argumentum
669 2270 741 2313 est
786 2264 1173 2327 compilatorum
1216 2266 1274 2313 in
1318 2263 1400 2313 his
1446 2263 1792 2313 adstruendae
1827 2264 1874 2328 f
1876 2267 1898 2313 i
1909 2264 1944 2313 d
1959 2267 2031 2315 ei.
2094 2264 2296 2315 fflinde
2341 2266 2572 2327 sequitur
2617 2264 2774 2314 veluti

282 2350 626 2414 corollarium,
684 2353 853 2415 qualis
900 2350 973 2401 ad
1016 2369 1111 2401 nos
1159 2368 1221 2401 ex
1268 2352 1349 2402 his
1396 2354 1587 2402 catenis
1632 2354 1829 2401 utilitas
1873 2368 2088 2401 manare
2130 2353 2330 2416 possit?
2390 2351 2588 2400 Eadem
2623 2380 2690 2387 —
2727 2352 2772 2399 si

272 2438 563 2500 peculiares
599 2438 920 2487 attendamus
970 2437 1275 2489 Catenarum
1322 2439 1591 2501 qualitates
1628 2467 1695 2475 —
1733 2456 1888 2501 quam
1933 2454 2064 2502 quae
2115 2454 2178 2487 ex
2223 2439 2460 2502 operibus
2509 2436 2564 2488 S.
2612 2437 2676 2486 P.
2727 2444 2772 2486 et

283 2521 337 2573 S.
371 2522 435 2573 E.
474 2523 750 2585 hauritur,·
794 2526 1037 2587 quoniam
1083 2540 1146 2574 ex
1182 2540 1353 2574 eorum
1390 2526 1595 2588 scriptis
1639 2526 1746 2574 sive
1790 2524 2082 2574 adhucdum
2126 2524 2467 2585 existentibus,
2515 2525 2621 2573 sive
2665 2524 2771 2573 iam

282 2626 402 2660 aevo
438 2612 667 2676 sequenti
700 2607 983 2676 deperditis
1026 2614 1231 2662 omnino
1266 2612 1497 2662 collectae
1530 2618 1664 2662 sunt.

496 2699 772 2748 Utilitas
807 2705 1025 2749 ceterum
1066 2698 1451 2750 Catenarum
1484 2701 1565 2749 vel
1599 2697 1672 2748 ad
1706 2700 1849 2762 ipsos
1886 2698 1940 2750 S.
1977 2698 2030 2749 S.
2065 2699 2254 2748 Libros
2287 2700 2384 2748 rite
2417 2695 2772 2763 intelliqendos

280 2787 515 2848 pertinet,
578 2787 661 2835 vel
704 2785 777 2834 ad
820 2787 955 2835 alias
1001 2784 1335 2848 Antiquitatis
1378 2785 1433 2836 S.
1480 2784 1800 2849 disciplinas.
1864 2786 1947 2836 De
1983 2788 2162 2849 priori
2205 2792 2262 2836 ut
2307 2787 2593 2849 loquamur,
2649 2800 2772 2832 usus

286 2871 595 2922 Catenarum
610 2873 934 2935 potissimum
960 2871 1033 2920 ad
1066 2872 1565 2936 explicationem
1600 2879 1645 2921 et
1676 2871 1981 2922 Oriticam
2023 2867 2210 2922 Textus
2235 2870 2386 2921 Sacri
2409 2870 2559 2932 redit,
2586 2877 2631 2920 et
2653 2869 2770 2921 ideo

282 2975 332 3008 se
355 2957 631 3008 admodum
657 2958 1007 3008 commendare
1028 2958 1245 3009 videtur.
1272 2959 1475 3009 Etenim
1496 2958 1714 3009 Catenae
1726 2957 2024 3024 fragmenta
2049 2957 2474 3021 comprehendunt
2497 2958 2770 3007 multorum

283 3053 725 3096 commentatorum
760 3071 827 3083 -—
866 3047 1041 3110 quales
1093 3053 1211 3096 sunt
1259 3045 1449 3108 Acacii,
1486 3047 1834 3110 Apollinaris,
1883 3045 2150 3108 Ammonii,
2205 3044 2435 3094 Diodori
2486 3043 2768 3104 Tarsensis,

284 3133 510 3198 Dydimi,
552 3133 834 3196 Severiani,
875 3132 1065 3195 Severi,
1110 3132 1367 3182 Theodori
1401 3135 1754 3183 Heracleensis
1792 3139 1944 3196 atque
1977 3132 2042 3180 M
2039 3133 2324 3195 opsuesteni
2357 3137 2404 3181 et
2440 3132 2671 3180 aliorum.
2703 3158 2762 3166 —

286 3221 461 3285 quibus
496 3237 648 3286 aeqre
681 3223 1031 3270 caruissemus.
1068 3220 1345 3285 Insiqniter
1368 3223 1433 3270 iis
1458 3219 1804 3283 adimplentur
1839 3221 2052 3268 lacunae
2087 3225 2369 3281 temporum
2403 3219 2602 3266 iniuria
2626 3224 2770 3266 ortae

282 3311 333 3358 in
369 3310 575 3372 scriptis
620 3307 674 3358 S.
712 3308 1001 3371 Athanasii,
1043 3306 1097 3358 S.
1139 3307 1334 3372 Gyrtlli,
1374 3306 1597 3370 Eusebii,
1643 3307 1904 3371 Origenis5
1942 3321 2072 3368 quae
2107 3306 2257 3354 aliter
2277 3304 2397 3368 fere
2431 3306 2630 3354 restitui
2663 3321 2767 3352 non

273 3403 495 3459 possent.
558 3394 865 3446 Gatenarum
901 3394 1132 3457 beneficio
1182 3394 1327 3444 haud
1372 3396 1557 3459 exigua
1605 3399 1906 3442 ornamenta
1942 3392 2337 3456 proficiscuntur
2384 3391 2456 3440 ad
2501 3392 2767 3442 lectionum

284 3484 593 3531 variantium
635 3481 889 3531 delectum.
939 3479 1045 3530 Neo
1078 3482 1247 3531 minor
1282 3497 1404 3530 usus
1440 3483 1664 3530 cernitur
1705 3479 2013 3530 Oatenarum
2047 3481 2105 3527 in
2139 3480 2303 3528 variis
2338 3477 2673 3541 Antiquitatis
2711 3475 2765 3527 S.

280 3569 581 3633 disciplinis.
645 3569 777 3629 Quot
825 3571 1021 3634 e'qreyia
1058 3569 1349 3632 primorum
1384 3568 1702 3616 saeculorum
1737 3569 2044 3615 monimenta
2082 3564 2384 3627 orthodoxa,
2423 3565 2685 3629 Doymata
2721 3570 2767 3613 et

282 3658 545 3706 Historias
582 3656 835 3706 Ecclesiae
878 3657 1209 3714 illustrantia,
1256 3657 1313 3702 in
1349 3655 1429 3704 his
1468 3653 1674 3704 Oatenis
1699 3653 1934 3716 provida
1969 3653 2072 3702 Dei
2107 3653 2470 3714 sapientissimi
2505 3668 2630 3699 cura
2664 3667 2766 3700 ser-

280 3745 457 3793 vavit?
506 3745 646 3792 illius
681 3745 837 3808 iqitur
871 3744 1085 3807 coqnitio
1125 3748 1368 3804 quantum
1404 3743 1529 3790 lucis
1572 3740 1776 3792 Catenis
1813 3739 1966 3802 debet,
2015 3742 2165 3802 aequi
2203 3755 2370 3788 rerum
2406 3737 2595 3786 iudices
2630 3739 2764 3786 ultro

266 3831 519 3894 fatentur.
582 3829 755 3879 Aurea
800 3830 894 3878 illa
942 3830 1273 3891 antiquarum
1314 3844 1617 3892 qraecarum
1662 3829 2138 3891 interpretationum
2183 3825 2425 3889 Aquilae,
2477 3823 2767 3888 Symmachi

282 3923 327 3967 et
366 3915 725 3966 Theodotionis
770 3917 1089 3978 aliarumque
1130 3915 1449 3980 fraymenta5
1498 3931 1595 3978 quo
1634 3916 1738 3964 alio
1778 3913 2024 3976 beneficio,
2063 3929 2218 3976 quam
2263 3912 2570 3962 Catenarum
2597 3913 2765 3974 possi-

284 4004 491 4054 demus?
549 4003 620 4053 Et
654 4005 701 4051 si
734 4005 853 4066 ipsa
898 4001 1161 4051 celebrium
1212 4000 1531 4066 Scriptorum
1580 4002 1692 4050 loca
1737 4002 1796 4049 in
1847 3999 2051 4050 Catenis
2097 3998 2242 4048 haud
2285 4000 2506 4062 amplius
2551 4003 2764 4060 exstant,

282 4093 474 4154 scripta
527 4097 695 4140 tamen
732 4106 923 4152 eorum,
978 4105 1106 4152 quae
1160 4089 1277 4137 olim
1314 4093 1612 4150 exararunt,
1675 4089 2029 4152 cognoscimus.
2109 4085 2220 4146 Quo
2275 4085 2492 4148 denique
2511 4101 2522 4112 ⁸
2545 4091 2765 4148 tempore

285 4178 499 4235 Literae
526 4175 719 4227 Sacrae
753 4178 1073 4242 lanquerunt,
1124 4178 1212 4238 qui
1248 4174 1451 4224 tandem
1478 4175 1719 4238 fuissent,
1757 4176 1846 4236 qui
1880 4175 2150 4238 leqitimam
2190 4171 2388 4222 Codicis
2423 4169 2576 4222 Sacri
2609 4174 2762 4220 inter-

280 4267 611 4329 pretationem
663 4265 917 4326 suscipere
970 4263 1385 4328 aggrederentur,
1446 4263 1549 4310 nisi
1602 4263 1906 4310 exstitissent
1959 4259 2082 4309 haec
2137 4261 2394 4308 clarorum
2446 4259 2764 4322 ingeniorum

284 4357 602 4410 ornamenta,
652 4350 865 4414 publica
911 4352 1061 4413 quasi
1108 4351 1413 4398 auctoritate
1466 4349 1691 4396 ornata?
1757 4347 1900 4406 Quae
1953 4363 2064 4394 cum
2115 4348 2193 4395 ita
2244 4348 2370 4408 sint,
2418 4343 2552 4393 idem
2606 4345 2764 4394 honos

287 4438 625 4488 concedendus
662 4453 764 4488 esse
798 4436 999 4490 videtur
1038 4436 1257 4499 Catenis,
1308 4437 1397 4502 qui
1434 4436 1551 4486 aliis
1588 4450 1763 4484 cascae
1809 4434 2082 4487 Vetustatis
2128 4431 2272 4483 libris
2305 4431 2482 4482 merito
2519 4431 2761 4495 defertur.
