3309 5300
507 410 631 472 100
1225 422 1461 462 Comment.
1491 421 1544 464 de
1572 423 1614 463 S.
1637 422 1793 472 Script.
1823 433 1916 472 cap.
1947 433 2034 463 sec.
2063 423 2192 462 tract.
2223 422 2256 461 1.

500 611 729 646 omnes
767 597 906 645 fere
944 596 1301 658 editiones,
1340 611 1573 660 quarum·
1600 611 1729 646 usus
1755 597 1810 645 in
1835 595 2029 646 scholis
2054 595 2128 658 fit,
2167 600 2320 646 sunt
2357 597 2760 660 recensitae3
2799 595 2991 645 editio-

505 699 629 732 nem
678 683 791 732 eius
842 686 1197 748 stereotypam
1246 684 1527 747 apparavit
1573 682 1633 732 A.
1681 682 1888 732 Hahn.
1936 683 2084 748 Lips.
2125 683 2277 732 1833.
2329 686 2382 731 et
2431 681 2489 731 C.
2530 681 2592 732 G.
2632 682 2694 733 G.
2731 682 2991 732 Theile.

500 769 581 820 Ib.
622 771 772 820 1849.
898 781 905 784 ·

501 1023 559 1100 ξ.
607 1023 710 1086 39.
774 1018 1283 1082 Tentamina
1344 1020 1653 1082 critica
1711 1019 1944 1083 circa
1991 1018 2470 1084 editionem
2517 1019 2581 1084 S.
2631 1019 2990 1084 Codicis
3083 1041 3092 1045 ·

970 1132 1401 1197 Hebraici
1447 1131 1548 1195 ad
1593 1141 1945 1196 nostros
1990 1153 2255 1217 usque
2304 1131 2508 1196 dies,

708 1304 841 1355 Cum
876 1307 1057 1372 itaque
1095 1322 1123 1355 e
1160 1307 1424 1355 communi
1462 1305 1607 1355 fonte
1646 1321 1827 1356 omnes
1859 1306 2117 1356 editiones
2147 1307 2209 1356 V.
2235 1306 2298 1355 F.
2335 1310 2758 1371 promanassent,
2796 1307 2992 1356 mirum

500 1407 607 1441 non
646 1397 727 1442 est
762 1393 1061 1458 neglectum
1098 1393 1262 1442 fuisse
1301 1407 1523 1442 examen
1561 1392 1805 1442 codicum
1840 1393 2336 1458 manuscriptorum,
2385 1398 2624 1442 veterum
2659 1393 2988 1453 versionum,

416 1523 418 1525 ,
502 1479 835 1544 aliorumque
885 1479 1239 1529 subsidiorum
1289 1480 1615 1543 criticorum3
1667 1479 1839 1529 donec
1886 1480 2101 1530 saeculo
2149 1481 2318 1529 XVII.
2375 1479 2804 1529 Acatholicorum
2855 1494 2988 1544 quo-

502 1565 738 1615 rumdam
778 1565 1169 1630 Theologorum
1214 1567 1433 1615 nimium
1468 1567 1647 1614 tenaci
1694 1565 1955 1614 industria
1991 1571 2045 1615 et
2079 1566 2216 1615 male
2255 1565 2442 1615 sedula
2478 1581 2622 1628 cura,
2671 1568 2763 1631 qui
2808 1567 2993 1615 omnia

498 1652 665 1701 veluti
711 1652 891 1701 divina
937 1651 1273 1701 defendenda
1320 1653 1423 1702 sibi
1472 1657 1797 1714 sumserunt,
1855 1667 1993 1717 quae
2031 1651 2226 1702 Judaei
2273 1652 2397 1701 olim
2443 1653 2586 1702 circa
2631 1651 2883 1702 Codicem
2934 1651 2988 1700 S.

499 1743 810 1800 statuerunt,
847 1738 992 1788 haud
1028 1741 1188 1804 pauci
1224 1742 1640 1804 provocarentur
1678 1738 1748 1788 ad
1773 1740 2056 1803 puritatem
2085 1743 2260 1789 textus
2298 1739 2634 1788 masorethici
2662 1740 2983 1804 impugnan-

502 1824 638 1874 dam.
699 1826 929 1874 Istorum
967 1826 1179 1891 quidem
1216 1839 1405 1890 agmen
1443 1825 1613 1874 ducit:
1652 1824 1704 1874 J.
1741 1825 2060 1888 MorinUS,
2101 1825 2294 1890 Congr.
2334 1825 2423 1874 Or.
2461 1826 2520 1874 P.
2560 1841 2680 1874 cum
2716 1826 2772 1874 in
2808 1825 2985 1889 prole-

507 1913 744 1976 gomenis
792 1911 860 1960 ad
907 1912 1191 1961 editionem
1237 1912 1498 1961 versionis
1544 1911 1710 1960 LXX.
1760 1912 1882 1961 Par.
1925 1913 2098 1973 1628.,
2156 1917 2267 1960 tum
2311 1912 2368 1960 in
2414 1912 2882 1961 exercitationibus
2933 1912 2992 1959 in

498 2004 779 2062 utrumque
814 1997 1233 2047 Pentateuchum
1274 1997 1664 2047 Samaritanum
1700 1998 1771 2047 ib.
1813 2000 1990 2062 1631.;
2027 1999 2083 2046 in
2119 2005 2258 2044 nffffnr'c
2289 2007 2449 2060 mint),
2491 1999 2702 2047 exercit.
2749 1997 2881 2046 bibl.
2921 1997 2992 2045 de

498 2085 737 2134 Hebraei
762 2083 1061 2150 Graecique
1086 2089 1259 2134 textus
1286 2085 1590 2134 sinceritate
1617 2085 1689 2134 ib.
1720 2087 1868 2134 1633.
1907 2089 2068 2150 atque
2094 2083 2319 2133 diatribe
2347 2083 2549 2133 elench.
2584 2084 2648 2134 de
2677 2085 2990 2132 sinceritate

499 2171 737 2220 Hebraei
790 2173 1076 2237 graecique
1130 2176 1321 2221 textus.
1375 2173 1447 2221 ib.
1490 2174 1640 2221 1639.
1715 2171 2123 2221 Successerunt:
2177 2170 2488 2220 Ludovicus
2537 2171 2880 2236 Capellus,
2933 2172 2991 2219 in

501 2274 660 2322 opere
686 2257 828 2322 quod
852 2258 1147 2322 inscripsit:
1180 2257 1408 2319 „Critica
1435 2258 1629 2308 Sacra“
1656 2261 1781 2308 Lut.
1807 2259 1927 2308 Par.
1957 2259 2106 2307 1650.
2157 2257 2208 2306 J.
2238 2257 2543 2319 Vossius,
2571 2256 2694 2308 diss.
2722 2257 2788 2306 de
2815 2257 2986 2306 LXX.

501 2347 596 2395 int.
624 2360 913 2409 eorumque
947 2344 1297 2394 translatione
1326 2349 1378 2394 et
1403 2344 1765 2409 chronologia.
1814 2344 2004 2409 Hagae
2035 2343 2180 2392 Com.
2213 2345 2362 2392 1661.
2400 2343 2698 2392 Richardus
2737 2342 2990 2405 Simon,

504 2431 696 2496 Congr.
739 2429 830 2479 Or.
866 2431 928 2480 P.
966 2430 1205 2480 Historia
1242 2429 1441 2479 Critica
1477 2434 1652 2480 textus
1690 2431 1754 2479 V.
1793 2431 1854 2479 T.
1891 2431 2013 2480 Par.
2054 2432 2204 2479 1681.
2261 2429 2322 2480 G.
2360 2430 2682 2492 Whiston‚
2723 2445 2792 2480 an
2831 2445 2994 2494 essay

505 2517 736 2568 towards
786 2518 1049 2581 restoring
1094 2515 1180 2566 the
1226 2521 1343 2566 true
1380 2516 1517 2566 Text
1561 2517 1620 2566 of
1661 2516 1751 2566 the
1790 2516 1881 2566 old
1915 2517 2243 2566 Testament.
2280 2517 2524 2578 London,
2566 2519 2717 2566 1722.
2780 2517 2992 2577 Quibus

503 2603 717 2670 quidem
755 2607 809 2653 et
844 2603 961 2653 aliis
1002 2603 1249 2668 operibus
1285 2604 1343 2650 in
1380 2602 1654 2669 publicum
1697 2603 1926 2669 sparsisz
1973 2602 2172 2653 Critica
2208 2617 2401 2669 magno
2441 2618 2592 2666 ausu,
2643 2619 2745 2653 nec
2793 2603 2994 2653 minori

505 2706 759 2741 successu
794 2692 1022 2740 Textum
1052 2691 1116 2740 V.
1142 2690 1204 2739 F.
1242 2690 1551 2739 hebraicum
1586 2690 1733 2739 haud
1767 2706 1956 2756 parum
1993 2691 2342 2755 depravatum
2380 2695 2433 2740 et
2469 2695 2848 2756 corruptum
2885 2690 2994 2740 sibi

504 2778 894 2828 demonstrasse
930 2778 1049 2827 visa
1086 2781 1182 2827 est.
1241 2778 1364 2827 Non
1390 2776 1633 2841 equidem
1661 2777 1894 2839 defuere,
1935 2778 2026 2841 qui
2052 2777 2281 2827 Criticae
2307 2777 2464 2827 huius
2491 2776 2770 2826 artificium
2796 2776 2992 2826 fallere

502 2866 863 2926 observarent,
892 2878 1113 2928 eamque
1140 2864 1548 2929 proscriberent.
1572 2864 1638 2912 E.
1661 2880 1731 2913 c.:
1761 2862 1976 2913 Simeon
2002 2863 2067 2913 de
2092 2864 2290 2931 Muis,
2320 2865 2542 2914 assertio
2569 2865 2810 2913 veritatis
2836 2863 2992 2913 hebr.

500 2952 622 3000 Par.
659 2950 701 2999 1.
742 2952 892 3000 1631.
941 2949 1013 2998 II.
1056 2952 1205 2999 1634.
1254 2950 1353 2999 III.
1394 2952 1544 2999 1639.
1605 2950 1669 2999 Α.
1706 2950 2015 3012 Bootius,
2054 2950 2320 2999 vindiciae
2366 2966 2461 3016 pro
2498 2951 2664 3000 Hebr.
2703 2966 2813 2999 ver.
2864 2950 2990 2999 Par.

505 3039 654 3086 1653.
715 3036 767 3085 J.
805 3037 867 3085 Β.
907 3034 1181 3101 Carpzow,
1231 3036 1473 3085 Historia
1510 3035 1710 3085 Critica
1744 3037 1808 3085 V.
1847 3038 1908 3085 T.
1947 3042 2165 3086 auctore
2211 3037 2273 3085 R.
2312 3034 2525 3087 Simone
2565 3037 2708 3087 edita
2745 3037 2994 3088 discussa

500 3123 646 3189 Lips.
688 3124 838 3172 1648.
874 3140 926 3188 p.
967 3124 1049 3172 18.
1088 3138 1128 3171 s.
1177 3123 1263 3171 W.
1300 3123 1637 3185 Itchener,
1679 3137 1712 3172 a
1749 3123 1972 3173 defence
2011 3124 2072 3173 of
2101 3124 2192 3173 the
2231 3123 2421 3173 Canon
2458 3124 2518 3173 of
2547 3124 2637 3173 the
2675 3124 2764 3173 old
2800 3126 2993 3175 Testa-

504 3216 665 3261 ment.
703 3210 876 3260 L'ond.
917 3212 1066 3259 1723.
1102 3209 1246 3260 J.'G.
1274 3209 1534 3275 Carpzov,
1570 3209 1772 3260 Critica
1809 3210 1860 3259 S.
1886 3211 1951 3262 V.
1975 3212 2037 3260 T.
2063 3212 2211 3275 Lips.
2251 3210 2332 3260 ed.
2370 3227 2476 3261 sec.
2517 3214 2670 3261 1748.
2708 3228 2758 3277 p.
2801 3214 2920 3261 792.
2948 3226 2990 3261 S.

498 3300 561 3347 L.
600 3297 810 3363 Vogel
866 3302 1025 3363 atque
1074 3296 1126 3347 J.
1166 3296 1229 3347 G.
1270 3296 1781 3362 Scharfenberg,
1837 3298 1893 3345 in
1943 3298 2208 3347 animadv.
2259 3298 2327 3346 ad
2375 3298 2456 3347 ed.
2505 3297 2714 3362 Capelli
2753 3296 2882 3347 erit.
2935 3297 2990 3347 S.

501 3384 627 3433 Hal.
668 3386 1026 3435 1775-1786.
1090 3382 1151 3433 G.
1188 3385 1253 3434 L.
1290 3385 1531 3445 Bauer,
1581 3382 1782 3433 Critica
1827 3383 2010 3434 Sacra.
2064 3384 2210 3449 Lips.
2263 3386 2414 3434 1795.
2461 3400 2513 3450 p.
2552 3386 2634 3433 28.
2675 3399 2716 3433 s.
2776 3384 2992 3433 Abhinc

500 3470 657 3519 modo
695 3470 950 3535 singulari
976 3484 1107 3519 cura
1132 3474 1184 3519 et
1209 3470 1493 3519 sedulitate
1518 3471 1734 3520 varians
1761 3470 1974 3519 Codicis
2002 3469 2053 3519 S.
2079 3472 2143 3520 V.
2170 3470 2232 3520 F.
2261 3469 2536 3536 Scriptura
2561 3472 2988 3521 examinabatur.

499 3557 585 3606 Ita
638 3558 706 3606 H.
757 3556 802 3605 O
815 3558 1051 3621 pitius,
1108 3555 1498 3606 Kiloniensium
1551 3556 1856 3619 Professor,
1914 3558 2050 3606 nulli
2105 3558 2300 3623 oper'ae
2349 3560 2618 3623 pepercit,
2667 3562 2728 3607 ut
2777 3558 2991 3608 collatis

502 3644 752 3693 subsidiis
790 3643 1029 3708 singulas
1056 3644 1256 3692 Textus
1293 3642 1530 3692 hebraici
1566 3659 1731 3693 voces
1766 3645 1822 3693 in
1860 3659 1960 3694 sua
1995 3632 2304 3694 recensione
2331 3645 2436 3693 Kil.
2466 3647 2616 3694 1709.
2656 3644 2725 3693 ad
2760 3644 2990 3709 rigidum

503 3746 725 3779 examen
784 3734 1077 3780 revocaret.
1148 3729 1272 3779 Abr.
1329 3729 1623 3792 Kallius,
1690 3730 1755 3780 de
1811 3730 2086 3780 codicibus
2145 3746 2268 3780 mss.
2322 3731 2697 3781 biblico-hebr.
2758 3732 2990 3779 maxime

502 3818 903 3867 Erfurtensibus
941 3817 1257 3883 disquisivit.
1294 3816 1418 3866 Hal.
1447 3818 1598 3867 1715.
1661 3818 1818 3879 Quod
1853 3819 1908 3867 in
1944 3817 2046 3866 hac
2084 3817 2452 3881 disquisitione
2491 3818 2682 3878 omisit,
2721 3816 2994 3881 supplevit

503 3903 554 3953 J.
607 3902 729 3953 Chr.
782 3904 844 3954 G.
895 3904 1320 3967 Diederichs‚
1384 3906 1652 3969 specimen
1707 3905 2042 3953 Variantium
2100 3903 2418 3954 Lectionum
2479 3904 2596 3953 cod.
2656 3903 2804 3952 hebr.
2861 3917 2993 3951 mss.

502 3990 802 4040 Erfurtens.
838 3990 893 4038 in
929 3990 1016 4038 Ps.
1050 3988 1191 4039 Gott.
1222 3990 1372 4039 1775.
1420 3989 1569 4039 Idem
1606 3992 2016 4055 praestiterunt:
2053 3991 2152 4040 Th.
2179 3991 2238 4041 G.
2275 3989 2667 4052 Lilienthal,
2707 3992 2993 4038 comment.

505 4093 577 4125 cr.
624 4078 816 4126 sistens
865 4075 985 4124 du0.
1047 4074 1178 4125 Cod.
1218 4092 1267 4141 q.
1305 4077 1546 4141 Regiom.
1594 4077 1712 4127 obs.
1759 4093 1872 4127 var.
1918 4077 2040 4127 lect.
2086 4078 2323 4142 Regiom.
2363 4077 2514 4126 1770.
2578 4074 2641 4124 G.
2679 4074 2992 4138 Schiede,

502 4162 631 4228 biga
676 4163 788 4213 obs.
826 4177 867 4211 s.
906 4162 973 4211 de
1011 4161 1209 4211 Codice
1248 4161 1577 4213 Cassellano.
1614 4163 1788 4214 Brem.
1829 4166 1979 4215 1748.
2038 4163 2269 4228 Nagel,
2310 4162 2557 4227 descript.
2596 4161 2661 4211 de
2696 4162 2818 4211 trib.
2859 4161 2993 4211 Cod.

503 4264 626 4299 mss.
665 4249 1003 4299 Ebnerianis.
1040 4248 1267 4299 Altdorf.
1296 4251 1447 4300 1748.
1484 4250 1569 4300 Ei.
1598 4251 1724 4301 diss.
1763 4251 1829 4300 de
1867 4250 2025 4300 duob.
2065 4249 2193 4299 Cod.
2219 4265 2340 4299 mss.
2380 4249 2443 4297 V.
2475 4249 2537 4298 T.
2574 4249 2714 4299 Bibl.
2751 4250 2993 4300 Norimb.

503 4336 575 4385 ib.
617 4338 766 4386 1769.
829 4335 1374 4399 Ruckersfelder,
1422 4336 1541 4401 syll.
1580 4341 1859 4387 comment.
1895 4338 2151 4386 Daventr.
2191 4336 2341 4384 1761.
2402 4335 2453 4385 J.
2491 4335 2580 4386 Fr.
2619 4334 2992 4401 Schelling,

507 4422 754 4487 descript.
793 4422 910 4473 cod.
935 4438 1059 4473 mss.
1093 4422 1241 4473 hebr.
1281 4421 1470 4488 Stuttg.
1501 4424 1651 4473 1775.
1703 4423 1768 4472 Ο.
1796 4422 1858 4473 G.
1895 4422 2221 4487 Tychsen,
2257 4427 2530 4472 tentamen
2567 4423 2633 4472 de
2657 4424 2822 4472 variis
2861 4422 2992 4472 Cod.

504 4508 669 4557 Hebr.
706 4509 770 4557 V.
809 4509 871 4558 T.
908 4510 1253 4575 manuscript.
1292 4510 1590 4574 generibus.
1626 4508 1879 4559 Rostoch.
1912 4511 2061 4558 1772.
2099 4509 2184 4558 Ei.
2215 4508 2492 4573 Befreytes
2529 4510 2830 4558 Tentamen
2865 4525 2916 4557 v.
2943 4508 2992 4556 d.

504 4595 674 4643 Einw.
711 4595 784 4645 ib.
826 4597 977 4645 1774.
1013 4594 1151 4646 Anh.
1188 4596 1260 4645 ib.
1300 4597 1470 4658 1776.,
1508 4596 1707 4661 aliique
1745 4596 1930 4645 critici.
