3309 5300
517 406 605 469 40
1207 414 1444 457 Comment.
1474 415 1527 455 do
1557 416 1600 455 S.
1622 415 1832 465 scriptur.
1865 426 1959 466 cap.
1988 414 2115 466 prim.
2146 414 2252 456 sect.
2282 415 2316 456 1.

519 592 754 679 pientis
803 591 1185 675 dignitatem
1229 590 1336 654 vel
1383 590 1573 655 aliam
1620 593 1829 675 magis
1876 601 2347 675 congruentem
2392 592 2712 657 rationem
2759 603 3013 679 specta-

519 729 676 771 vere
701 709 740 769 ¹.
775 704 956 769 Ordo
989 714 1209 768 autem
1232 706 1578 786 ,ἀποστόλουί
1607 706 1677 768 in
1709 704 1979 770 Canone
2011 705 2091 770 N.
2118 704 2195 770 T.
2228 705 2540 790 epistolae
2574 706 2659 771 ad
2681 707 3017 771 Romanos

520 821 802 915 primum
848 820 1138 901 assignat
1181 817 1397 882 locum
1429 820 1473 881 ².
1519 818 1708 882 Idem
1753 825 2029 883 testatur
2072 842 2127 900 γ.
2175 820 2393 904 prisca
2436 818 2772 884 translatio
2818 820 2899 884 N.
2936 819 3016 883 F.

521 933 722 997 latina
779 940 930 995 ante
991 930 1467 1017 Hieronymum
1529 932 1798 1015 ,Itala‘
1852 931 2025 996 dicta
2038 982 2055 1015 ,
2113 932 2391 996 decursu
2452 932 2697 996 saeculi
2743 932 3020 998 secundi

523 1045 726 1128 facta3
776 1066 943 1131 quae
991 1068 1124 1108 non
1168 1044 1366 1108 modo
1411 1046 1478 1108 in
1523 1048 1901 1110 universum
1956 1048 2086 1109 iam
2134 1047 2522 1110 existentem
2568 1047 2647 1111 L.
2679 1046 2758 1111 L.
2805 1047 2887 1113 N.
2934 1046 3016 1111 T.

526 1159 865 1224 Canonem
907 1160 1232 1243 supponit,
1263 1181 1492 1223 verum
1540 1160 1737 1223 etiam
1768 1158 2007 1243 probat
2036 1158 2406 1223 Ecclesiam
2436 1159 2801 1223 Romanam
2848 1160 3019 1224 desi-

524 1281 721 1335 nente
778 1270 1037 1336 saeculo
1099 1273 1310 1357 primo
1373 1271 1439 1335 S.
1487 1271 1840 1336 Volumina
1897 1274 1962 1335 in
2008 1295 2211 1335 unum
2265 1274 2395 1335 iam
2450 1295 2686 1357 corpus
2742 1272 3023 1337 collecta

523 1386 809 1449 tenuisse
846 1388 888 1447 3.
962 1384 1240 1448 Accedit
1299 1386 1347 1447 δ.
1395 1388 1814 1449 veterrimum
1873 1385 2336 1449 documentum
2392 1385 2679 1450 Canonis
2738 1385 3023 1449 Romani

528 1499 789 1563 saeculo
837 1498 1124 1562 secundo
1174 1508 1457 1563 exeunte
1522 1501 1960 1585 conscriptum
1995 1502 2038 1561 4.
2115 1499 2422 1584 Denique
2472 1522 2517 1562 ε.
2546 1498 3023 1563 collectionem

529 1611 595 1676 S.
631 1611 694 1676 S.
729 1612 807 1675 N.
841 1610 916 1675 T.
963 1613 1105 1697 ipso
1152 1613 1331 1675 initio
1380 1614 1595 1675 statim
1641 1614 1708 1676 in
1747 1612 2047 1677 Ecclesia
2078 1613 2374 1677 Romana
2420 1612 2727 1694 adfuisse,
2774 1612 3021 1674 invicto

528 1726 774 1810 pariter
818 1735 1204 1807 argumento
1250 1723 1358 1788 illo
1409 1724 1751 1789 confirmat
1794 1725 2249 1808 Tertullianus,
2296 1724 2475 1811 quod
2520 1725 2723 1788 dicat:
2770 1724 3023 1789 Romae

531 1836 1041 1900 authenticas
1089 1836 1652 1922 Apostolorum
1698 1838 2023 1901 recitari
2067 1839 2417 1920 Literas,
2466 1846 2539 1901 et
2575 1835 3025 1920 Evangelia

531 1949 613 2013 ab
656 1948 992 2033 Apostolis
1036 1948 1275 2013 tradita
1318 1948 1598 2014 fideliter
1643 1953 2033 2015 conservari.
2094 1950 2381 2037 Egregie
2430 1924 2709 2035 denique
2754 1948 3027 2013 roborat

532 2067 580 2135 ζ.
614 2063 1000 2127 sententiam
1045 2072 1334 2127 nostram
1381 2085 1606 2127 sensus
1637 2063 1977 2128 Ecclesiae
2013 2064 2563 2150 CarthaginensiS,
2612 2086 2779 2150 quae
2824 2085 2863 2126 a
2893 2062 3024 2125 Ro-

531 2198 728 2239 mana
753 2176 1065 2259 originem
1097 2185 1163 2238 et
1191 2175 1389 2240 fidem
1423 2199 1707 2260 sumens,
1741 2178 2084 2241 occasione
2119 2178 2600 2241 controversiae
2633 2175 2717 2239 de
2750 2175 3025 2240 Oanone

532 2290 598 2351 in
625 2287 916 2353 Concilio
945 2288 1442 2372 Carthaginensi
1466 2290 1581 2354 VI.
1613 2289 1877 2355 habitae
1896 2293 1952 2353 ⁶:
1986 2289 2356 2353 Ecclesiam
2380 2290 2722 2354 Matricem
2754 2298 2819 2352 et
2847 2289 3027 2374 prin-

535 2407 749 2489 cipem
781 2402 935 2484 adit,
981 2402 1131 2465 inde
1165 2401 1460 2485 syllogen
1503 2401 1566 2466 S.
1600 2402 1668 2467 S.
1703 2400 2078 2485 edocenda3
2125 2402 2297 2467 unde
2328 2404 2459 2465 iam
2489 2403 2668 2487 prius
2698 2423 2738 2464 a
2768 2422 3025 2465 summo

533 2514 851 2578 Pontifice
896 2515 1366 2579 Innocentio
1413 2516 1488 2597 I.,
1537 2516 1646 2600 qui
1698 2514 1841 2578 libri
1896 2516 1963 2577 in
2016 2513 2356 2577 Canonem
2393 2514 2805 2598 recipiantur,
2857 2512 3025 2575 desi-

540 2626 766 2690 derata
809 2649 974 2691 voce
1031 2628 1301 2713 expetiit
1359 2626 1853 2713 Exsuperius
1915 2626 2287 2712 Episcopus
2332 2625 2696 2691 Tolosanus
2716 2629 2756 2689 ⁷.
2836 2624 3027 2689 Haec

537 2740 764 2803 Africa
827 2749 892 2802 et
946 2739 1160 2803 Gallia
1213 2739 1294 2803 de
1355 2741 1691 2803 Romanae
1750 2739 2089 2804 Ecclesiae
2152 2762 2348 2824 super
2410 2761 2634 2802 omnes
2692 2736 3029 2802 Ecclesias

537 2855 734 2916 totius
792 2852 965 2916 orbis
1011 2855 1394 2917 auctoritate
1442 2853 1641 2916 sensit
1661 2857 1702 2914 8.

754 3103 792 3166 ¹)
831 3101 986 3162 Quod
1026 3101 1371 3149 observamus
1407 3102 1465 3147 in
1502 3101 1721 3148 vetustis
1760 3098 2056 3148 Bibliorum
2099 3099 2495 3165 manuscriptis,
2530 3100 2625 3148 ubi
2660 3115 2702 3148 s.
2740 3115 2790 3146 v.
2830 3114 2939 3147 non
2974 3099 3031 3146 in

540 3191 784 3240 omnibus
827 3189 969 3238 idem
1015 3204 1232 3252 prorsus
1271 3186 1399 3236 ordo
1442 3187 1718 3252 reperitur,
1764 3187 1821 3235 in
1863 3186 2190 3236 collocandis
2229 3187 2291 3235 L.
2328 3187 2391 3236 L.
2430 3187 2493 3235 N.
2531 3187 2592 3235 T.
2666 3185 2707 3250 ²)
2746 3185 2827 3234 cf.
2865 3186 2927 3233 L.
2966 3185 3029 3232 A.

540 3278 820 3342 Zacagnii,
873 3275 1220 3326 Collectanca
1268 3279 1728 3323 monumentorum
1778 3279 2016 3322 veterum
2064 3274 2344 3324 Ecclesiae
2394 3273 2632 3323 Graecae
2682 3287 2746 3322 ac
2783 3273 3029 3321 Latinae.

541 3365 690 3414 Rom.
733 3364 883 3413 1698.
921 3363 1089 3428 praef.
1128 3380 1178 3427 p.
1220 3363 1299 3411 74.
1328 3377 1368 3410 s.
1419 3361 1703 3410 Humfredi
1739 3360 1918 3424 Hodii,
1958 3361 2023 3409 de
2060 3361 2354 3410 Bibliorum
2392 3361 2624 3410 textibus
2662 3359 3030 3426 originalibus.

543 3451 713 3500 Oxon.
765 3451 914 3500 1705.
965 3467 1017 3514 p.
1066 3451 1182 3498 664.
1243 3448 1551 3510 Blanchini,
1599 3448 1808 3497 Vindic.
1858 3447 1990 3497 Can.
2039 3448 2230 3512 Script.
2274 3447 2430 3512 Vulg.
2482 3448 2562 3496 ed.
2604 3448 2772 3512 praef.
2820 3464 2871 3512 p.
2912 3448 3029 3494 214.

545 3539 585 3603 ³)
623 3539 759 3588 Eius
799 3539 1021 3602 antiqua
1055 3537 1228 3586 forma
1265 3535 1438 3600 qualis
1475 3536 1637 3584 suerit
1673 3535 1924 3585 discimus
1962 3551 2028 3584 ex
2064 3534 2422 3597 Cassiodorio,
2460 3535 2527 3584 de
2564 3535 2795 3584 Institut.
2824 3534 2929 3582 div.
2955 3533 3029 3582 lit.

543 3642 587 3674 c.
627 3625 768 3675 XIV.
814 3625 884 3686 II,
923 3625 1041 3673 516.
1114 3624 1154 3688 ⁴)
1202 3623 1393 3686 Dequo
1432 3639 1482 3671 v.
1521 3639 1571 3688 p.
1610 3623 1694 3670 48.
1734 3639 1776 3672 s.
1850 3623 1889 3686 ⁵)
1938 3623 2021 3672 De
2058 3637 2290 3686 praescr.
2328 3621 2473 3670 haer.
2514 3622 2593 3671 12.
2634 3624 2715 3670 36.
2764 3638 2816 3685 p.
2856 3623 2941 3670 25.
2980 3625 3031 3670 et

544 3712 663 3760 adv.
703 3712 866 3760 Marc.
893 3711 985 3772 IV,
1013 3712 1061 3758 3.
1088 3712 1135 3759 4.
1174 3726 1226 3775 p.
1255 3710 1370 3758 149.
1397 3725 1438 3758 s.
1515 3708 1554 3774 6)
1591 3708 1654 3757 A.
1681 3710 1799 3758 419.
1826 3723 1911 3774 ap.
1950 3709 2115 3757 Hard.
2154 3708 2197 3771 I,
2224 3709 2343 3757 968.
2418 3709 2457 3772 7)
2496 3708 2556 3756 A.
2584 3709 2700 3757 405.
2738 3707 2836 3770 Ap.
2863 3707 3030 3756 Hard.

544 3799 586 3861 I,
629 3800 778 3848 1005.
852 3796 892 3863 ⁸)
933 3797 1040 3847 Sed
1078 3801 1131 3846 et
1166 3796 1290 3845 hinc
1328 3795 1470 3845 haud
1509 3797 1737 3845 obscure
1775 3796 2052 3857 discimus,
2104 3799 2361 3860 quantum
2411 3795 2639 3844 valuerit
2684 3794 2775 3843 illo
2817 3809 3031 3859 quoque

545 3901 678 3934 aevo
716 3885 944 3933 Romani
979 3882 1255 3951 Bontificis
1294 3881 1497 3948 aliquid
1535 3888 1629 3931 aut
1664 3885 2005 3947 agnoscentis
2052 3888 2145 3932 aut
2190 3883 2477 3932 reiicientis
2524 3882 2795 3932 iudicium.
2857 3881 3032 3930 Huius

544 3973 823 4022 Ecclesiae
874 3987 1081 4037 semper
1127 3984 1379 4020 mansura
1428 3971 1719 4020 auctoritas
1769 3975 2023 4035 quantum
2076 3971 2193 4020 orbi
2242 3969 2530 4020 christiano
2579 3969 2862 4035 profuerit,
2914 3984 3031 4017 cum

545 4059 850 4124 dogmatum
889 4058 1226 4106 concordiam
1253 4061 1451 4106 sartam
1478 4062 1531 4106 et
1553 4061 1750 4107 tectam
1774 4062 2026 4122 praestat,
2066 4063 2227 4122 atque
2263 4058 2522 4107 unit-atem
2550 4061 2860 4120 conservat3
2900 4055 3032 4104 haec

545 4147 716 4211 prima
753 4145 971 4195 saecula
1007 4144 1219 4195 abunde
1257 4144 1465 4194 docent.
1529 4143 1863 4194 Confitentur
1896 4143 1952 4192 id
1989 4145 2163 4208 ipsum
2200 4160 2266 4194 ex
2301 4149 2454 4208 parte
2502 4143 2692 4193 saltem
2738 4144 2899 4192 etiam
2935 4144 3033 4191 viri

547 4232 845 4294 acatholici,
887 4247 1111 4297 quorum
1149 4233 1454 4281 testimonia
1491 4248 1554 4280 eo
1593 4231 2058 4294 commendantur3
2099 4230 2242 4296 quod
2279 4247 2343 4279 ex
2382 4247 2473 4280 ore
2511 4230 2879 4280 dissidentium
2918 4229 3035 4280 sola

547 4321 800 4381 veritatis,
839 4334 978 4388 quae
1015 4332 1288 4388 nunquam
1325 4319 1467 4367 vinci
1504 4323 1699 4389 potest,
1737 4319 1789 4367 vi
1827 4333 2081 4387 expressa
2117 4316 2539 4388 proficiscantur.
