3309 5300
1173 426 1235 475 De
1263 426 1545 475 versionibus
1572 428 1757 474 Latinis.
1944 482 1947 487 ⁵
2583 416 2706 485 207

229 607 414 659 Genesi
458 624 609 673 usqae
654 606 727 659 ad
760 606 961 660 Jobum.
1022 608 1281 660 Secundus
1330 608 1529 673 reliqua
1588 607 1856 659 Volumina
1891 605 1954 657 A.
1999 607 2056 657 T.
2101 608 2408 671 amplectens
2454 606 2558 657 iam
2606 608 2710 657 iam

232 701 333 745 erat
388 694 639 757 exiturus,
694 712 807 743 cum
852 694 1091 745 Sabatier
1136 688 1192 744 iii
1244 694 1478 745 lethalem
1531 695 1754 759 morbum
1808 694 2012 757 incidit,
2068 710 2130 743 ea:
2183 710 2280 758 quo
2331 711 2432 743 non
2488 694 2710 758 amplius

230 782 559 842 reconvaluit;
586 780 880 845 piissimam
916 780 1100 846 quippe
1136 780 1361 830 animam
1398 779 1595 844 efflavit
1636 784 1720 830 22.
1759 780 1941 831 Martii
1975 782 2120 831 1742.
2160 778 2479 831 Sabatierum
2515 780 2712 831 adiuvit

236 866 285 919 0.
318 868 412 917 Βα
426 868 449 917 i
456 867 651 919 llard.
696 868 903 919 Tomum
940 867 1210 919 secundum
1246 870 1397 917 1743.
1435 873 1585 931 atque
1621 867 1822 917 tertium
1860 866 1914 918 S.
1952 866 2008 917 S.
2043 867 2110 917 N.
2149 867 2211 917 F.
2250 867 2558 917 exhibentem
2593 884 2635 918 e.
2661 886 2709 918 a.

233 953 492 1004 ediderunt
542 953 595 1005 Ο.
639 953 1015 1017 Clemencet‚
1068 954 1121 1005 0.
1162 954 1253 1005 Fr.
1294 953 1603 1005 Baillard
1650 954 1960 1005 d’Inville
2015 960 2061 1005 et
2118 954 2280 1005 Vinc.
2331 953 2405 1005 de
2453 955 2514 1003 la
2561 954 2710 1006 Rue.

234 1040 291 1089 In
334 1040 509 1091 eodem
557 1040 725 1113 stadio
774 1041 1014 1091 alacriter
1065 1040 1284 1091 cucurrit
1336 1040 1387 1091 J.
1427 1040 1859 1103 Blanchinus,
1911 1040 2134 1091 Oratorii
2177 1041 2398 1091 Romani
2436 1042 2713 1108 presbyter,

236 1127 506 1177 eruditione
552 1146 651 1177 non
696 1128 864 1177 minus
910 1146 1063 1193 quam
1111 1128 1245 1179 vitae
1292 1128 1555 1179 sanctitate
1602 1130 1928 1193 conspicuus;
1981 1127 2070 1191 qui
2114 1134 2286 1179 vete-ra
2335 1127 2389 1179 S.
2427 1128 2712 1178 Bibliorum

228 1213 517 1279 fraymenta
571 1215 719 1264 iuxta
774 1214 1025 1265 Graecam
1080 1216 1338 1281 vulgatam
1392 1222 1438 1265 et
1490 1214 1846 1279 Hexaplarem
1899 1214 2141 1264 Latinam
2195 1215 2456 1279 antiquam
2508 1215 2712 1277 Italam,

238 1299 577 1365 duplicemque
611 1300 677 1351 E.
716 1301 1019 1367 Hieronymi
1060 1302 1437 1351 translationem
1480 1303 1535 1350 in
1571 1302 1728 1351 lucem
1765 1301 1926 1353 edidit
1963 1304 1998 1350 i.
2038 1318 2078 1352 e.
2096 1320 2114 1351 .·
2155 1342 2180 1369 „
2197 1301 2460 1352 Vindiciae
2499 1302 2714 1351 Canoni-

239 1403 403 1435 carum
450 1385 881 1451 Scripturarum.“
943 1388 1138 1437 Romae
1174 1390 1326 1441 1740.
1377 1387 1513 1437 Tom.
1552 1388 1594 1437 1.
1632 1394 1679 1439 et
1713 1388 1864 1438 solus.
1919 1386 1973 1438 S.
2011 1388 2134 1440 Eus.
2173 1388 2476 1455 Hieronymi
2514 1388 2708 1439 Divina

238 1473 543 1523 Bibliotheca
578 1480 623 1524 et
659 1474 967 1524 Psalterium
1003 1472 1197 1539 duplex
1244 1491 1353 1524 cum
1395 1474 1631 1525 Canticis.
1695 1473 2044 1539 Sequebantur
2078 1474 2363 1540 Evanyelia
2400 1491 2425 1525 e
2460 1474 2711 1525 codicibus

237 1560 592 1624 antiquissimis
627 1562 718 1611 hoc
752 1562 897 1611 titulo
912 1580 929 1609 .·
986 1553 1435 1627 „Evanyeliarium
1472 1560 1802 1625 quadruplex
1837 1560 2030 1612 latinae
2066 1561 2310 1611 versionis
2353 1562 2594 1627 antiquae
2627 1580 2714 1614 seu

247 1646 427 1697 Veteris
476 1648 737 1698 Italicae.“
793 1647 941 1697 Rom.
981 1650 1131 1697 1749.
1180 1652 1227 1701 2.
1264 1648 1362 1697 vol.
1435 1645 1540 1697 Sed
1594 1654 1711 1699 ante
1763 1647 1902 1710 haec,
1959 1648 2134 1697 habita
2179 1648 2376 1698 ratione
2423 1657 2713 1714 temporum,

240 1734 421 1795 referre
456 1734 826 1785 debueramus:
878 1734 1189 1785 Psalterium
1239 1736 1538 1799 quintuplex
1586 1734 1776 1785 editum
1824 1752 1858 1783 a
1892 1734 2099 1785 Fabro
2149 1733 2188 1785 S
2201 1735 2538 1798 tapulensi.
2587 1736 2715 1787 Par.

242 1823 413 1882 1508.·,·
440 1839 603 1885 porro
638 1821 773 1873 idem
810 1823 959 1871 iuxta
995 1822 1263 1873 editionem
1300 1822 1590 1872 Romanam
1614 1828 1661 1872 et
1695 1821 2017 1873 Gallicanam
2053 1839 2162 1871 cum
2205 1822 2423 1873 Canticis
2459 1824 2717 1889 vulgatum

243 1924 350 1956 cura
384 1908 435 1958 J.
463 1908 539 1957 M.
575 1908 725 1959 Cari
760 1908 906 1958 Rom.
944 1911 1128 1969 1683.,·
1164 1912 1251 1973 qui
1286 1909 1436 1959 etiam
1472 1908 1537 1959 ib.
1574 1910 1725 1958 1680.
1765 1926 1790 1959 e
1825 1909 1972 1958 libris
2006 1926 2120 1959 mss.
2163 1908 2398 1973 Capitula
2437 1908 2718 1960 Bibliorum

243 1994 436 2060 antiqua
491 1994 652 2046 latine
704 1994 975 2045 secundum
1024 1994 1195 2045 LXX.
1244 1998 1377 2061 typis
1431 1994 1724 2059 descripsit,
1779 1997 1913 2045 inter
1965 2011 2096 2060 quae
2147 1998 2400 2059 reperitur
2443 1997 2718 2060 prophetia

246 2080 437 2132 Baruch
472 2099 541 2133 em
577 2080 735 2133 veteri
754 2081 921 2132 codice
944 2098 1059 2131 mss.
1095 2081 1245 2130 Adde
1267 2081 1576 2131 Psalterium
1599 2098 1712 2131 cum
1741 2080 1962 2131 Canticis
1985 2082 2225 2145 pluribus
2257 2083 2407 2132 iuxta
2441 2084 2718 2134 versionem

246 2166 461 2217 Italicam
512 2187 549 2218 a
600 2168 653 2219 0.
696 2168 1023 2219 Thomasio
1070 2168 1264 2218 Romae
1313 2170 1463 2217 1697.
1512 2167 1710 2232 publici
1755 2170 1883 2218 iuris
1919 2169 2138 2231 factum,
2201 2168 2520 2219 Vindobonae
2566 2172 2716 2221 1735.

248 2258 511 2318 repetitum.
575 2254 825 2305 Mittimus
861 2272 990 2319 quae
1034 2254 1387 2315 Hearnius,
1441 2254 1832 2316 Matthaeus,
1887 2254 2292 2321 Kiplinyius,
2345 2256 2417 2304 D.
2455 2255 2714 2317 Schulz‚

246 2340 353 2391 diss.
388 2342 453 2393 de
490 2340 603 2391 cod.
642 2360 690 2406 q.
727 2341 924 2407 Evany.
964 2340 1081 2392 bibl.
1120 2340 1565 2407 Rhoediqerianae
1601 2340 1743 2392 Saea.
1794 2342 1924 2403 VIL,
1962 2342 2016 2391 in
2053 2360 2150 2407 quo
2187 2348 2324 2393 vetus
2359 2344 2522 2393 latina
2557 2349 2718 2394 versio

248 2433 523 2479 continetur.
597 2428 799 2479 Vratisl.
849 2430 1024 2489 1814.,
1074 2434 1223 2492 atque
1272 2428 1734 2479 Dobrowskius
1781 2427 1998 2479 diversis
2041 2430 2344 2493 temporibus
2379 2432 2717 2493 protulerunt,

248 2531 343 2563 cum
376 2516 482 2565 suis
516 2518 573 2565 in
607 2515 730 2565 locis
765 2514 941 2564 horum
986 2513 1298 2565 eruditorum
1335 2515 1700 2579 publicationes
1743 2517 1850 2565 iam
1881 2516 2286 2566 recensuerimus.
2343 2517 2432 2566 Fr.
2473 2516 2535 2565 M
2540 2522 2721 2569 iinter
2749 2501 2754 2509 ⁸

250 2603 541 2668 sinyularem
575 2600 881 2652 industriam
907 2606 951 2652 et
981 2600 1301 2668 diliqentiam
1336 2600 1585 2664 adhibuit,
1621 2603 1677 2652 in
1712 2602 2038 2668 conyerendis
2069 2603 2422 2668 speciminibus
2445 2604 2720 2671 Fragmen-

249 2695 391 2740 torum
444 2689 750 2740 Versionum
797 2687 1135 2754 Antiquarum
1188 2689 1243 2738 in
1296 2688 1443 2738 libris
1491 2688 1636 2738 Juris
1683 2688 1904 2740 Romani
1957 2697 2004 2740 et
2061 2690 2304 2742 Canonici
2353 2692 2614 2742 obviat-um
2666 2690 2721 2744 in

244 2792 399 2842 proqr.
446 2777 625 2826 Havn.
676 2778 825 2828 1819.
872 2793 925 2840 p.
962 2778 1011 2826 4.
1048 2793 1087 2826 s.
1102 2793 1121 2837 ;
1172 2775 1421 2826 habentur
1466 2775 1539 2825 ibi
1586 2793 1781 2840 quoque
1817 2777 2118 2842 fragmenta
2175 2778 2427 2829 Versionis
2470 2781 2722 2845 Antiquae

253 2861 449 2916 Latinae
489 2864 1035 2928 Antehieronymianae
1077 2863 1441 2928 prophetarum
1477 2863 1746 2925 Jeremiae,
1795 2863 2090 2927 Ezechielis,
2141 2865 2379 2916 Danielis
2429 2874 2474 2918 et
2522 2868 2722 2920 Hoseae

252 2964 273 2998 e
311 2950 469 3002 codice
521 2951 761 3015 rescripto
810 2950 1151 3001 Bibliothecae
1210 2949 1565 3002 Uni-versitatis
1620 2950 2046 3017 Wirceburqensis
2097 2954 2287 3002 saeculi
2346 2953 2428 3003 VI.
2477 2955 2558 3004 vel
2605 2955 2718 3005 VII.

245 3052 294 3098 p.
320 3039 395 3086 17.
417 3056 458 3088 s.
520 3036 731 3088 Ornavit
769 3053 959 3101 quoque
987 3037 1117 3087 hanc
1146 3035 1462 3102 provinciam
1486 3035 1550 3086 A.
1577 3035 1806 3099 Maius,
1847 3038 1926 3087 vir
1960 3037 2373 3103 diliqentissimus
2409 3040 2543 3090 alias
2577 3041 2722 3090 nobis

252 3123 475 3174 laudatus
487 3143 507 3186 ,·
551 3123 639 3188 qui
672 3141 773 3174 non
807 3125 1045 3173 minimas
1078 3123 1327 3189 symbolas
1362 3122 1704 3174 restituendae
1739 3124 1915 3188 Italae⁴
1939 3125 2160 3174 contulit.
2221 3125 2422 3176 Etenim
2451 3133 2722 3191 praeterea

255 3210 373 3272 quod
404 3212 462 3262 in
500 3211 813 3276 Scriptorum
862 3211 1087 3262 Veterum
1122 3209 1271 3260 Nova
1314 3210 1439 3266 Goll.
1476 3211 1625 3261 Rom.
1652 3213 1803 3261 1828.
1842 3211 1946 3262 ΙΙΙ.
1985 3211 2030 3275 b,
2059 3213 2176 3265 257.
2201 3229 2243 3264 s.
2279 3229 2306 3264 e
2343 3212 2509 3263 codice
2543 3215 2718 3264 mutilo

256 3323 309 3332 —
332 3298 443 3348 olim
490 3297 895 3360 Olaromontano,
944 3314 1075 3348 nunc
1120 3297 1378 3360 Vaticana,
1414 3299 1603 3348 saeculi
1636 3305 1692 3348 ut
1727 3297 1928 3348 videtur
1973 3299 2089 3350 VII.
2118 3327 2182 3337 —
2219 3298 2469 3365 inteyrum
2495 3317 2631 3364 pene
2667 3300 2720 3351 S.

256 3381 486 3436 Matthaei
518 3384 857 3451 Evanqelium
894 3413 958 3422 --
992 3401 1060 3434 se.
1090 3391 1301 3448 praeter
1350 3383 1405 3435 0.
1446 3383 1501 3438 C'.
1542 3387 1694 3447 1—3,
1734 3388 1814 3435 15.
1861 3391 2009 3450 atque
2044 3389 2122 3446 14,
2160 3389 2300 3435 33-
2337 3403 2378 3438 c.
2415 3389 2498 3450 18,
2539 3391 2619 3438 12.
2656 3416 2721 3425 —

264 3469 498 3522 Ver-sionis
532 3471 1078 3538 Antehieronymianae
1116 3475 1248 3538 typis
1284 3471 1637 3537 descripserit;
1685 3471 1837 3522 editis
1871 3473 2026 3522 etiam
2071 3472 2313 3523 Victorini
2355 3475 2724 3524 commentariis

255 3555 315 3605 ad
346 3558 501 3631 Pauli
521 3559 800 3624 Epistolas,
837 3558 904 3608 ib.
920 3575 982 3622 p.
1010 3561 1095 3609 29.
1122 3577 1163 3608 s.
1201 3559 1432 3624 reliquiis
1466 3565 1772 3610 tractatuum
1807 3561 1862 3609 in
1886 3559 2056 3609 Lucae
2089 3560 2334 3626 Evanqel.
2372 3560 2438 3612 ib.
2461 3579 2514 3626 p.
2545 3565 2654 3616 191.
2679 3579 2719 3612 s.

258 3641 533 3696 Semonum
570 3645 881 3696 Arianorum
903 3645 1215 3712 fragmentis
1239 3664 1299 3710 p.
1338 3648 1457 3697 208.
1482 3664 1522 3696 s.
1578 3645 1631 3698 S.
1671 3645 1881 3698 Nicetae
1917 3647 2014 3712 Ep.
2054 3648 2392 3712 Aquileiensis
2425 3648 2490 3699 de
2525 3648 2723 3698 ratione

249 3728 377 3795 fidei,
420 3734 489 3786 ib.
540 3741 574 3784 t.
624 3732 741 3784 VII.
789 3732 935 3784 Rom.
978 3735 1137 3783 1833.
1178 3751 1239 3797 p.
1278 3736 1399 3783 314.
1436 3751 1477 3783 s.
1538 3733 1860 3798 Fraymentis
1906 3733 2028 3786 Div.
2078 3733 2349 3784 Librorum
2398 3752 2463 3785 em
2511 3735 2723 3801 antiqua

267 3816 479 3872 Vei-sione
542 3836 629 3870 seu
680 3819 867 3870 Italica
924 3820 1121 3884 Vetere,
1182 3819 1447 3886 Spicileqii
1500 3820 1647 3870 Rom.
1698 3823 1850 3871 1843.
1906 3820 2004 3870 ΙΧ.
2059 3821 2282 3885 amplam
2336 3822 2503 3871 Italae
2557 3828 2723 3873 textus

258 3912 439 3968 ecquem
499 3907 780 3957 Sacrarum
834 3907 1125 3957 Literarum
1178 3907 1417 3957 studiosis
1468 3906 1710 3957 tradidit:
1771 3905 1857 3956 Ad
1908 3906 2268 3957 restituendam
2319 3907 2722 3973 antiquissimam

260 3990 447 4042 latinam
483 3994 773 4044 Bibliorum
810 3995 1191 4044 translationem
1226 3993 1491 4058 referendi
1523 3999 1638 4044 sunt
1675 3995 1872 4044 labores
1910 3993 1964 4044 0.
1998 3993 2390 4045 Tischendor
2387 3997 2454 4060 fi
2463 3997 2506 4057 i,
2545 3999 2725 4060 quibus

258 4075 503 4143 Reliquias
547 4080 734 4131 Tecctus
778 4081 1173 4146 Evanyeliorum
1221 4080 1399 4130 Latini
1444 4088 1561 4131 ante
1606 4081 1974 4147 Hieronymum
2021 4081 2170 4143 versi,
2219 4098 2246 4132 e
2289 4082 2456 4133 codice
2491 4082 2627 4134 Bibl.
2669 4082 2720 4133 0.

268 4162 527 4218 Vindobon.
566 4197 631 4205 —
668 4167 735 4220 N.
773 4170 922 4218 1185.
971 4171 1211 4233 siqnatus.
1269 4168 1326 4218 V.
1367 4167 1546 4218 Tabul.
1600 4167 1724 4222 Ood.
1769 4167 1893 4219 Mes.
1943 4168 1997 4218 in
2045 4168 2181 4220 Bibl.
2231 4169 2399 4220 Palat.
2448 4168 2721 4220 Vindobon.

261 4261 476 4304 asservat.
526 4254 676 4304 Vind.
719 4257 873 4305 1864.
909 4255 956 4317 I,
994 4257 1110 4304 202.
1149 4257 1196 4304 3.
1260 4254 1339 4304 De
1376 4271 1473 4319 quo
1510 4254 1820 4306 eruditorum
1855 4257 2176 4305 attentionem
2210 4256 2500 4319 provocavit
2543 4254 2721 4306 Barth.

264 4336 475 4405 Rapitur,
526 4342 775 4409 Hesychii
830 4341 1194 4407 Glossoqraphi
1229 4340 1509 4406 discipulus
1563 4348 1609 4392 et
1658 4343 1993 4408 epiqlossistes
2039 4342 2250 4395 Russus.
2310 4340 2517 4391 Vindob.
2570 4343 2723 4390 1839.

258 4440 305 4486 p.
336 4431 412 4478 32.
438 4459 503 4468 —·
520 4447 788 4495 purpureo
823 4430 985 4481 literis
1020 4428 1192 4480 aureis
1219 4434 1265 4480 et
1288 4430 1541 4495 arqenteis
1575 4435 1816 4492 emarato‚·
1852 4430 2023 4494 quarti
2043 4431 2125 4480 vel
2152 4427 2316 4493 quinti
2327 4434 2446 4491 post
2473 4427 2724 4478 Christum

264 4517 439 4579 metrali,
476 4535 517 4567 s.
555 4523 591 4567 t.
630 4517 968 4583 Evangelium
1013 4515 1317 4566 Palatinum
1362 4514 1606 4566 ineditum
1650 4515 1792 4579 Lips.
1829 4518 1985 4566 1847.
2027 4515 2257 4579 primum
2305 4517 2440 4581 typis
2484 4517 2726 4581 vulgavit.

269 4597 525 4656 Posti-emas
560 4612 799 4670 tempore,
849 4603 939 4654 sed
973 4621 1074 4654 non
1109 4603 1389 4668 diliyentia,
1426 4620 1547 4654 suas
1582 4619 1732 4653 curas
1766 4603 2010 4668 impendit
2045 4603 2108 4653 E.
2149 4603 2366 4653 Ranke
2377 4641 2390 4665 ,
2441 4603 2727 4670 fmymenta
