3309 5300
1400 1458 1594 1523 QUAE
1631 1421 1711 1514 in

286 1609 1285 1713 COMMENTARIO
1339 1620 1516 1715 DE
1572 1620 1995 1718 SACRA
2068 1622 2791 1723 SCRIPTURA

645 1823 1006 1903 EIUSQUE
1052 1789 1829 1905 INTERPRETATIONE
1875 1830 2455 1909 CONTINENTUR

1285 1984 1511 2059 HAEC
1557 1984 1801 2061 SUNT:

282 2269 394 2320 AD
445 2272 828 2322 LECTORES
881 2273 1006 2333 QUI
1055 2272 1438 2325 SACRARUM
1487 2273 2045 2331 SCRIPTURARUM
2082 2277 2366 2329 STUDHS
2402 2280 2547 2329 VEL
2585 2280 2784 2330 LEGE

614 2367 758 2417 VEL
796 2367 1232 2418 VOLUPTATE
1269 2370 1666 2420 TENENTUR
1700 2372 2015 2421 PRAEVIA
2050 2372 2477 2423 ADMONITIO.
2566 2422 2569 2425 ,

511 2543 564 2620 §-
619 2550 670 2601 1.
733 2545 1154 2603 commentarii
1200 2546 1378 2603 huius
1422 2546 1731 2617 obiectum,
1778 2547 2003 2616 divisio,
2050 2550 2217 2606 ratic.
2271 2555 2325 2607 1.

1248 2939 1504 2992 ΟΑΡυΤ
1549 2940 1834 2993 Palmum

1138 3078 1538 3144 SECTIO
1605 3079 1949 3143 PRIMA

871 3209 984 3260 DE
1036 3209 1383 3261 cAnoNE
1432 3211 1484 3261 s.
1521 3211 1987 3261 LIBRORUM
2035 3213 2101 3262 u.
2138 3213 2200 3261 T.

504 3385 554 3464 ἓ.
607 3393 662 3444 2.
725 3385 904 3444 Notio
948 3387 1382 3462 scripturarum
1428 3387 1874 3446 canonicarum.
1928 3395 1983 3446 6.

707 3678 952 3728 CANON
1002 3679 1054 3730 S.
1091 3679 1468 3730 LIBRORUM
1519 3679 1827 3729 VETERIS
1878 3679 2357 3730 TESTAMENTI.

501 3855 548 3935 §-
582 3863 637 3915 3.
699 3857 846 3914 Fata
889 3857 944 3914 S.
977 3856 1288 3914 Librorum
1334 3857 1402 3914 V.
1437 3857 1499 3913 T.
1549 3877 1583 3914 a
1627 3859 1831 3932 Moyse
1877 3875 2063 3933 usque
2109 3858 2180 3914 ad
2225 3861 2491 3932 tempora
2533 3859 2774 3916 Macha-

283 3964 585 4022 baeorum.
634 3967 690 4019 9.
723 3993 807 4002 —-—
841 3959 892 4038 §-
930 3965 986 4018 4.
1033 3961 1232 4019 Canon
1277 3961 1634 4018 Judaeorum
1682 3959 2055 4018 Graecorum.
2097 3966 2194 4019 13.
2228 3940 2314 4002 4—
2345 3957 2394 4037 §-
2433 3967 2487 4018 5.
2530 3963 2771 4038 Josephi

284 4067 483 4126 Flavii
541 4066 702 4124 locus
757 4066 886 4123 adv.
944 4064 1158 4139 Apion.
1207 4067 1256 4135 Ι,
1306 4069 1359 4123 8.
1415 4064 1793 4139 expenditur.
1859 4070 1955 4121 17.
2010 4098 2090 4105 —-
2139 4062 2186 4140 g.
2240 4071 2293 4123 6.
2352 4064 2772 4124 Testimonium

283 4171 532 4230 Concilii
577 4169 908 4229 Tridentini
969 4169 1043 4226 de
1087 4169 1323 4227 Canone
1375 4169 1606 4226 Veteris
1652 4168 2013 4226 Testamenti
2058 4189 2091 4226 e
2137 4170 2401 4227 doctrina
2429 4169 2665 4226 Christi
2712 4174 2773 4226 et

283 4273 696 4350 Apostolorum
756 4273 1153 4331 confirmatur.
1211 4278 1309 4330 20.
1367 4306 1437 4315 —
1491 4270 1542 4350 §-
1595 4278 1646 4330 7.
1717 4272 1920 4330 Canon
1979 4273 2359 4331 Tridentinus
2419 4273 2574 4330 idem
2637 4291 2770 4330 cum

281 4377 393 4436 illo
445 4378 742 4436 Ecclesiae
795 4378 1148 4452 primaevae,
1195 4397 1228 4434 e
1273 4377 1610 4434 Traditione
1657 4375 1994 4434 Universali
2051 4376 2529 4435 demonstratur..
2550 4381 2648 4433 23.
2690 4409 2763 4418 -—

283 4477 338 4558 §-
377 4487 435 4540 8.
485 4482 648 4540 Idem
689 4481 1027 4540 vindicatur
1055 4501 1088 4539 e
1117 4481 1385 4539 Decretis
1416 4479 1722 4556 Synodicis
1767 4479 2088 4554 primorum
2123 4479 2509 4540 saeculorum.
2545 4483 2645 4536 28.
2686 4512 2769 4520 —

285 4581 337 4661 S.
376 4590 434 4642 9.
485 4585 798 4655 PeroratiO,
831 4604 951 4661 qua
978 4583 1156 4642 variis
1187 4583 1627 4658 exceptionibus
1658 4582 2126 4641 adversariorum
2156 4584 2499 4641 occurritur.
2538 4588 2636 4640 32.
