3309 5300
539 401 623 467 36
1225 411 1464 454 Commeat.
1495 411 1548 453 de
1579 414 1623 452 S.
1647 410 1859 462 scriptur.
1888 423 1981 461 cap.
2011 410 2138 461 prim.
2170 410 2280 451 sect.
2310 406 2345 450 1.

536 588 890 673 improprie
959 586 1329 667 ,ιεὶιοιγψὲλιονι
1391 594 1456 649 et
1509 586 1857 666 ,εἰκκγγιέλιαι
1922 607 2002 647 ea
2062 585 2464 648 monimenta
2522 580 3045 667 adpellarentur,

541 722 708 785 quae
779 698 860 763 de
927 699 1160 783 Regno
1222 698 1352 762 Dei
1427 700 1695 783 eiusque
1768 696 2121 763 Conditore
2196 696 2281 759 D.
2335 694 2415 759 N.
2473 693 2535 759 J.
2592 692 2665 758 O.
2733 692 3048 757 historias

539 812 860 875 referrent
884 814 934 893 ¹3
984 819 1183 895 atque
1218 812 1562 891 ,ἀπόστολοςί
1608 809 1716 873 vel
1748 809 2170 891 ,ἀποστολικόνξ
2216 808 2570 893 praecipue
2604 806 2869 891 quidem
2900 805 3049 891 epi-

540 923 746 987 stolae
791 922 856 987 S.
882 922 1090 1004 Pauli,
1127 922 1243 987 sed
1289 922 1479 987 simul
1517 923 1715 986 etiam
1752 921 2045 1006 reliquae
2070 920 2536 1005 Apostolorum
2568 918 2816 1001 literae,
2864 939 3048 1003 quae

537 1034 721 1099 titulo
772 1034 1104 1116 ,καθολωωιὶι
1125 1036 1150 1077 2
1195 1034 1352 1099 mox
1394 1044 1627 1121 postea
1657 1035 2001 1118 insignitae
2050 1043 2217 1097 sunt.
2273 1033 2417 1096 Imo
2453 1030 2771 1117 quidquid
2813 1031 3045 1095 Evan-

540 1147 692 1231 gelii
735 1149 998 1211 nomine
1036 1170 1170 1211 non
1202 1145 1903 1233 comprehendebatur,
1935 1144 2087 1209 hinc
2136 1147 2331 1210 etiam
2360 1145 2536 1209 Acta
2564 1143 3045 1229 Apostolorum

525 1272 664 1323 'nec
710 1283 845 1324 non
887 1262 1030 1347 ipsa
1061 1260 1574 1346 Apocalypsis3:
1624 1261 1971 1342 ,cimba-coh&
2020 1258 2263 1323 dictum
2296 1269 2393 1324 est
2410 1260 2455 1320 ⁴.
2518 1257 2625 1320 De
2656 1255 3047 1341 Evangeliis

542 1374 609 1435 in
643 1372 980 1437 Canonem
1011 1374 1221 1458 prima
1252 1381 1467 1437 aetate
1499 1374 1629 1436 iam
1661 1372 1902 1453 relatiS,
1948 1372 2063 1434 vix
2094 1370 2363 1435 dubium
2411 1393 2553 1435 esse
2598 1377 2835 1455 potest,
2884 1368 3048 1453 quia

541 1508 768 1549 versus
813 1486 1012 1549 finem
1053 1484 1314 1549 Saeculi
1356 1486 1683 1571 primi,.et
1714 1507 1864 1548 cum
1893 1485 2072 1548 initio
2122 1482 2411 1566 secundi,
2460 1481 2635 1568 apud
2680 1481 3041 1569 plerasque

539 1595 877 1662 Ecclesias
920 1583 1191 1684 recepta
1221 1598 1482 1663 fuerant
1501 1601 1543 1662 5.
1589 1597 1897 1662 Profecto
1931 1606 2115 1683 patet
2150 1596 2218 1660 id
2249 1620 2303 1661 α.
2339 1619 2374 1661 e
2404 1596 2603 1660 literis
2636 1594 2701 1661 S.
2736 1595 3046 1679 Ignatii

544 1712 838 1795 episcopi
884 1710 1297 1792 Antiocheni,
1360 1712 1470 1795 qui
1535 1709 1817 1774 dilucide
1873 1709 2158 1795 explicat
2182 1712 2237 1773 ⁶:
2296 1732 2365 1773 se
2429 1706 3043 1793 cognoscendae

540 1824 952 1887 veritatis
1017 1846 1216 1886 causa
1277 1822 1636 1907 confugere
1692 1822 1779 1886 ad
1837 1821 2356 1907 Evangelia,
2407 1820 2641 1906 quibus
2702 1820 3042 1902 crederet3

755 2148 792 2211 1)
819 2148 882 2197 V.
910 2148 980 2196 H.
1007 2148 1071 2196 Ν.
1098 2148 1158 2195 Τ.
1184 2164 1236 2211 p.
1263 2149 1381 2196 26Ο.
1409 2164 1449 2197 s.
1513 2147 1553 2213 2)
1590 2148 1827 2197 Primum
1867 2148 2012 2213 quod
2050 2149 2280 2197 sciamus
2316 2148 2595 2197 Eusebii
2631 2148 3038 2197 auctoritate

540 2236 609 2284 H.
635 2234 698 2283 Ε.
725 2234 795 2295 11,
823 2236 906 2283 23.
931 2251 982 2299 p.
1011 2236 1092 2283 66.
1131 2235 1345 2283 nomine
1383 2231 1729 2295 ,,καθολικῶν“
1767 2235 2025 2300 adpellari
2062 2240 2335 2300 ceperunt,
2372 2239 2433 2284 ut
2469 2249 2535 2283 ea
2561 2250 2694 2284 voce
2732 2249 2765 2283 a
2802 2235 2851 2283 d.
2878 2235 3039 2284 Pauli

543 2321 784 2387 epistolis
824 2320 1268 2370 discernerentur.
1318 2322 1455 2371 Nam
1483 2322 1624 2385 quod
1651 2321 1743 2371 illo
1777 2322 2061 2384 vocabule,
2099 2323 2251 2371 aiunt
2275 2326 2397 2370 ante
2421 2321 2733 2382 Eusebium,
2774 2320 3038 2386 Origenes

547 2412 600 2457 et
637 2408 928 2471 Dionysius
965 2407 1358 2456 Alexandrinus
1394 2407 1466 2456 ib.
1493 2408 1585 2468 VI,
1614 2409 1698 2457 25.
1739 2412 1791 2457 et
1815 2408 1933 2469 VH,
1961 2410 2041 2457 25.
2068 2425 2120 2473 p.
2146 2410 2263 2457 227.
2290 2409 2407 2457 273.
2446 2409 2528 2457 usi
2565 2408 2774 2469 fuerint,
2815 2413 3037 2457 eatenus

545 2510 728 2543 verum
785 2496 902 2557 est,
949 2494 1094 2559 quod
1146 2494 1440 2559 Dionysius
1494 2509 1658 2543 unam
1715 2509 1941 2561 eamque
1995 2496 2220 2561 primam
2274 2510 2315 2544 s.
2352 2495 2580 2544 Joannis
2636 2494 3039 2544 catholicam

545 2581 749 2642 dixerit,
801 2587 1006 2630 ceteras
1057 2581 1294 2631 eiusdem
1343 2583 1569 2631 nominis
1619 2582 1767 2631 nullo
1816 2582 1989 2632 m0d0.
2054 2582 2161 2632 Sed
2210 2598 2333 2647 quo
2385 2597 2585 2632 sensu
2634 2580 3037 2631 catholicum

543 2683 738 2717 nomen
773 2669 1044 2718 Eusebius
1081 2668 1164 2718 his
1203 2668 1409 2718 dederit
1445 2669 1702 2733 epistolis,
1739 2670 1796 2719 id
1833 2670 2045 2734 quidem
2084 2670 2276 2720 cadere
2300 2671 2358 2718 in
2390 2670 2804 2734 disputationem
2840 2673 3035 2734 potest.

543 2755 732 2818 Neque
771 2756 909 2803 enim
944 2753 1240 2819 intelligere
1277 2754 1358 2804 fas
1397 2760 1494 2816 est,
1533 2755 1696 2804 talem
1734 2771 1767 2804 a
1804 2755 2069 2805 catholica
2112 2756 2353 2806 doctrina
2396 2761 2565 2805 ortam
2602 2754 3035 2820 adpellationem,

546 2857 665 2890 cum
719 2840 852 2890 haec
906 2842 1040 2891 ratio
1097 2842 1388 2891 communis
1449 2843 1516 2890 sit
1570 2843 1817 2892 omnibus
1869 2841 1921 2891 S.
1961 2842 2277 2908 Scripturis;
2334 2858 2517 2892 verum
2570 2847 2629 2891 ut
2676 2842 3041 2891 vetustissima

543 2927 708 2977 habet
730 2927 944 2977 traditio
973 2924 1294 2989 ,,καθολικαὶ“
1321 2928 1496 2977 dictae
1520 2934 1661 2990 sunt,
1700 2928 1868 2979 veluti
1894 2926 2143 2978 ἐπιστολαὶ
2168 2926 2428 2997 ἐγκύκλιοι,
2466 2929 2610 2994 quod
2644 2944 2754 2978 non
2780 2929 2849 2977 ad
2872 2943 3039 2976 unam

545 3014 845 3063 scribantur
869 3019 1098 3078 gentem,
1126 3014 1220 3063 sed
1247 3015 1566 3078 generaliter
1591 3015 1661 3064 ad
1685 3031 1868 3066 omnes
1894 3012 2120 3064 καθόλου.
2169 3017 2255 3065 Ita
2285 3030 2542 3065 censuere
2581 3015 3036 3076 OecumeniuS,

505 3133 508 3138 -
543 3100 744 3166 proleg.
770 3102 826 3148 in
852 3116 933 3165 ep.
961 3100 1172 3162 Jacobi,
1200 3117 1284 3167 op.
1311 3099 1394 3150 ed.
1420 3102 1542 3150 Par.
1569 3102 1639 3150 Π.
1666 3104 1783 3152 439.
1834 3103 2172 3153 Leontius.
2209 3103 2646 3167 Byzantinus,
2686 3101 2751 3151 de
2782 3103 2959 3151 sectis.
2986 3117 3036 3150 a.

544 3189 592 3247 2,
620 3189 667 3234 4.
707 3187 850 3251 apud
882 3186 1130 3237 Galland.
1169 3187 1288 3248 XII,
1317 3190 1434 3237 629.
1485 3187 1537 3237 S.
1563 3189 1863 3238 Isidorus
1899 3189 2126 3254 Hispal„
2167 3189 2449 3254 etymolog.
2475 3190 2567 3238 VI.
2594 3191 2642 3251 2,
2670 3190 2754 3238 46.
2791 3189 2889 3250 ΠΙ,
2917 3189 3036 3237 234.

545 3273 596 3322 8.
637 3273 949 3338 Cyrillus
986 3275 1151 3336 Hier„
1191 3278 1291 3323 cat.
1330 3274 1422 3336 IV,
1450 3276 1531 3323 36.
1569 3292 1619 3339 p.
1660 3277 1743 3324 69.
1807 3274 2080 3324 Obiiciunt
2116 3276 2333 3340 quidam
2378 3275 2657 3340 epistolam
2706 3275 2775 3324 ad
2813 3274 3037 3324 Galatas

546 3366 598 3409 et
645 3361 923 3410 Hebraeos
974 3360 1357 3410 catholicarum
1405 3363 1519 3410 iure
1568 3362 1757 3410 mereri
1807 3377 2132 3426 cognomen3
2182 3361 2474 3412 secundam
2522 3366 2700 3411 autem
2738 3366 2791 3410 et
2824 3362 3035 3410 tertiam

545 3463 587 3496 s.
625 3447 879 3509 Joannis,
929 3463 1061 3512 quas
1097 3448 1189 3497 ille
1227 3449 1447 3513 privatis
1486 3447 1628 3496 dedit
1665 3464 1772 3497 non
1810 3464 1926 3498 esse
1963 3448 2309 3498 universales.
2373 3447 2480 3497 Sed
2526 3449 2729 3513 priores
2764 3447 2889 3497 ideo
2926 3463 3037 3496 non

543 3538 892 3583 numerantur
935 3536 1070 3583 inter
1107 3533 1437 3596 catholicas,
1490 3534 1633 3598 quod
1678 3534 1797 3584 aliis
1836 3535 2077 3600 epistolis
2124 3535 2365 3584 Paulinis
2413 3535 2695 3585 debuerint
2742 3535 3035 3596 accenseri,

547 3619 753 3670 duabus
791 3637 916 3670 vero
956 3622 1195 3686 epistolis
1246 3637 1289 3671 s.
1325 3623 1552 3671 Joannis
1591 3650 1656 3657 -—
1696 3637 1827 3686 quas
1868 3623 2081 3687 proprie
2128 3621 2230 3671 hoc
2266 3622 2422 3671 titulo
2461 3638 2570 3671 non
2606 3637 2765 3686 posse
2812 3621 3037 3670 inscribi

544 3707 704 3756 facile
743 3708 926 3758 damus
964 3737 1031 3744 —
1063 3708 1250 3756 eadem
1286 3708 1459 3757 haesit
1495 3707 1816 3772 adpellatiO,
1860 3710 1985 3773 quia
2022 3711 2248 3774 primae,
2288 3710 2375 3757 cui
2412 3709 2583 3772 magis
2620 3709 2887 3772 congruit,
2926 3723 3035 3756 uno

545 3794 819 3844 volumine
871 3796 1087 3844 iunctae
1135 3795 1326 3844 forent.
1403 3795 1442 3858 3)
1492 3794 1644 3854 Quae
1694 3800 1874 3844 tamen
1922 3795 2252 3859 frequentius
2301 3797 2589 3858 separatim
2637 3795 3035 3845 recensebatur.

547 3880 588 3946 ⁴)
627 3879 708 3930 Cf.
736 3880 788 3931 S.
812 3881 1110 3942 Irenaeum,
1151 3881 1270 3930 adv.
1291 3881 1438 3932 haer.
1466 3881 1507 3929 I.
1535 3883 1583 3942 3,
1611 3883 1661 3930 6.
1700 3899 1751 3946 p.
1778 3883 1861 3930 43.
1901 3882 2034 3942 ,,τῶν
2072 3877 2396 3949 εὖαγγελικῶν
2433 3879 2513 3930 καὶ
2536 3881 2634 3930 τῶν
2660 3876 3037 3930 ἀποστολικῶνίί

547 3965 960 4030 discernentem3
1001 3973 1052 4016 et
1087 3966 1494 4028 Tertullianum,
1535 3967 1601 4016 de
1630 3968 1775 4033 bapt.
1804 3985 1854 4017 n.
1885 3969 1963 4017 15.
2002 3985 2052 4033 p.
2079 3970 2163 4016 43.
2202 3969 2549 4018 scribentem:
2592 3968 2777 4029 „Unus
2817 3967 3035 4017 omnino

546 4055 838 4118 baptismus
896 4058 976 4103 est
1031 4054 1210 4116 nobis,
1265 4059 1377 4102 tum
1431 4071 1496 4103 ex
1555 4055 1774 4104 Domini
1829 4055 2125 4120 Evangelio
2184 4070 2341 4119 quam
2398 4071 2465 4104 ex
2517 4054 2759 4120 Apostoli
2814 4055 3034 4104 literis.“

547 4141 587 4203 ¹⁵)
627 4139 708 4188 Cf.
733 4141 971 4200 Eusebii‚
1010 4140 1148 4190 Hist.
1175 4140 1324 4190 Eccl.
1348 4141 1447 4200 ΠΙ,
1474 4143 1558 4190 24.
1596 4158 1647 4206 p.
1676 4143 1758 4190 94.
1818 4140 2069 4191 Attamen
2106 4157 2224 4190 cum
2261 4141 2612 4190 recentissimi
2646 4141 3037 4190 incredulitatis

545 4229 758 4293 patroni
818 4227 887 4275 ad
941 4241 1200 4278 nauseam
1253 4243 1420 4292 usque
1476 4227 1803 4278 declament:
1860 4229 2287 4293 antiquissimam
2336 4228 2637 4277 Ecclesiam
2691 4227 3039 4278 christianam

545 4312 687 4362 sola
720 4315 776 4362 in
816 4313 976 4364 rebus
1015 4313 1080 4363 de
1106 4315 1242 4364 Jesu
1268 4313 1478 4364 Christo
1515 4315 1883 4364 traditione
1922 4329 2073 4364 usam
2110 4315 2301 4378 fuisse,
2339 4314 2460 4363 ideo
2494 4319 2849 4380 opportunum
2879 4316 3039 4365 nobis

549 4400 715 4448 visum
768 4404 872 4461 est,
925 4400 1294 4465 disquisitione
1341 4407 1596 4450 accurata
1644 4417 1673 4450 e
1724 4401 2091 4451 vetustissimis
2142 4401 2471 4451 documentis
2520 4401 2748 4466 priscam
2800 4401 3039 4452 Canonis

548 4487 802 4550 originem
853 4487 1138 4536 vindicare.
1213 4484 1254 4550 ⁶)
1296 4487 1543 4551 Epistola
1591 4487 1661 4536 ad
1706 4487 2155 4552 Philadelphenos
2193 4505 2244 4536 n.
2283 4489 2329 4536 5.
2381 4489 2463 4537 ed.
2500 4488 2552 4538 J.
2590 4489 2658 4537 H.
2695 4490 3039 4550 Petermann‚

549 4571 599 4620 8.
637 4573 833 4638 Ignatii
871 4573 1045 4621 Patris
1083 4573 1377 4638 Apostolici
1416 4591 1465 4638 q.
1505 4574 1539 4621 f.
1581 4573 1856 4638 epistolae.
1892 4574 2041 4638 Lips.
2084 4575 2233 4624 1849.
2270 4591 2322 4640 Ρ.
2364 4577 2479 4625 196.
2518 4592 2559 4626 s.
