3309 5300
1022 435 1085 475 De
1111 435 1548 485 interpretationibus
1576 414 1764 485 Syriacis
1792 434 1844 475 V.
1872 436 1920 476 Τ.
2591 424 2714 488 183

240 632 420 696 quam
482 607 725 672 deinde
788 631 873 672 ex
933 608 1146 673 LXX.
1208 609 1435 673 reficta
1492 632 1634 672 esse
1695 611 1937 695 passim
1985 620 2336 673 censentur
2360 614 2396 673 ¹.
2473 610 2710 674 Versio

240 743 485 807 quoque
532 721 613 785 L.
660 721 738 784 L.
785 721 1449 807 Paralipomenon
1495 722 1708 785 minus
1752 720 1962 785 fidelis
2010 744 2154 785 esse
2200 724 2523 808 reperitur
2541 724 2586 786 2.

428 833 705 898 Praeter
748 834 919 898 hanc
963 836 1585 919 interpretationem,
1635 835 1830 898 etiam
1863 834 2256 898 Versionum
2296 833 2713 919 Syriacarum

240 969 394 1032 quae
442 969 478 1009 0
517 955 706 1011 textu
756 946 1058 1011 Graeco
1108 946 1450 1011 confectae
1498 956 1665 1029 sunt,
1711 946 1931 1032 plures
1979 956 2269 1029 exstant3
2317 945 2434 1010 sed
2482 948 2714 1011 ceteris

238 1061 672 1145 praestantior
726 1060 1044 1145 ,figurata‘
1102 1082 1297 1144 quam
1352 1069 1595 1124 vocant
1614 1062 1639 1103 3
1650 1110 1668 1143 ,
1745 1061 1880 1123 sive
1950 1057 2636 1144 syro-hexaplaris
2658 1062 2712 1142 4,

241 1182 493 1236 auctore
523 1170 771 1237 Paulo
807 1175 1195 1258 episcopo
1230 1170 1549 1237 Telensi
1572 1176 1613 1237 5.
1679 1172 1787 1235 Ad
1819 1174 2111 1236 criticum
2145 1174 2282 1235 eius
2313 1195 2503 1236 usum
2536 1171 2714 1258 quod

435 1392 471 1459 ¹)
511 1392 592 1444 cf.
627 1393 824 1455 Baths,
862 1409 1041 1458 opusc.
1086 1410 1137 1458 p.
1178 1396 1291 1442 110.
1332 1409 1372 1442 s.
1442 1392 1482 1457 2)
1522 1394 1750 1441 Textum
1783 1394 1839 1441 in
1873 1394 2196 1455 universum,
2235 1408 2340 1457 quo
2379 1391 2545 1457 Syrus
2580 1407 2711 1442 usus

242 1486 323 1542 est,
360 1480 523 1529 alium
559 1480 815 1529 habuisse
850 1480 1061 1529 videtur
1098 1482 1165 1530 ab
1203 1479 1312 1541 illo,
1352 1482 1442 1543 qui
1478 1482 1673 1529 nostris
1710 1480 1954 1529 manibus
1996 1481 2198 1540 teritur,
2236 1480 2323 1529 hic
2366 1479 2476 1529 illic
2515 1479 2709 1529 discre-

239 1573 461 1633 pantem3
496 1565 858 1616 Alexandrino
884 1565 962 1614 illi
992 1567 1157 1615 LXX.
1185 1566 1425 1615 similem.
1474 1566 1632 1615 Unde
1658 1570 1738 1615 tot
1762 1567 2094 1630 reperiuntur
2119 1566 2222 1615 loci
2247 1568 2302 1615 in
2327 1566 2708 1629 PentateuchO,

241 1654 405 1704 collati
455 1654 526 1701 ab
576 1653 785 1715 Hirzel,
836 1653 869 1701 l.
909 1670 953 1702 c.
1003 1669 1055 1717 p.
1095 1655 1230 1714 125„
1285 1654 1476 1717 quibus
1525 1652 1900 1701 Alexandrinis
1957 1658 2010 1701 et
2064 1652 2196 1717 Syro
2253 1653 2709 1703 consentientibus

239 1742 495 1805 conspirat
518 1742 679 1789 etiam
704 1740 1084 1790 Samaritanus.
1121 1740 1405 1790 Habentur
1426 1742 1485 1787 in
1516 1740 1864 1789 translatione
1901 1741 2112 1804 syriaca
2149 1739 2404 1790 lectiones
2430 1728 2710 1805 quaedam,

239 1843 360 1893 quae
378 1829 482 1891 ipsi
506 1832 633 1876 sunt
656 1828 921 1891 propriae,
948 1842 1271 1891 sensumque
1298 1825 1536 1875 efficiunt
1560 1826 1768 1891 vulgari
1795 1825 1938 1875 haud
1965 1825 2379 1891 conciliandum3
2407 1826 2547 1876 aliae
2574 1818 2711 1891 quae

238 1929 541 1964 consensum
569 1912 843 1977 Syriacam
866 1915 1004 1962 inter
1028 1919 1081 1963 et
1107 1912 1366 1962 Graecam
1396 1913 1559 1961 LXX.
1586 1912 1725 1962 ultro
1753 1912 1992 1975 offerunt,
2029 1930 2256 1977 eumque
2281 1914 2711 1975 manifestiorem,

238 2015 383 2066 quam
406 2001 546 2049 inter
582 2015 929 2064 quoscunque
966 2003 1259 2049 ceterorum
1296 2004 1536 2048 veterum
1572 2001 1936 2063 interpretum,
1973 2000 2114 2049 unde
2141 2001 2196 2048 in
2223 2000 2540 2065 explicanda
2577 1998 2629 2049 S.
2658 1999 2710 2049 S.

240 2087 452 2137 utilitate
488 2102 609 2137 sese
648 2087 995 2135 commendat.
1032 2087 1321 2135 Versiones
1357 2085 1537 2150 plures
1567 2088 1878 2151 praesertim
1917 2087 2161 2136 arabicas
2200 2092 2254 2135 et
2289 2089 2618 2136 armeniacas
2647 2104 2712 2137 ex

243 2174 445 2238 Syriaca
481 2178 642 2235 ortas,
681 2173 767 2222 vel
804 2172 992 2223 saltem
1028 2172 1239 2221 refictas
1275 2172 1455 2233 fuisse,
1494 2173 1694 2237 passim
1732 2174 1955 2222 sumitur
1991 2187 2026 2221 a
2051 2174 2262 2223 criticis.
2325 2172 2364 2237 3)
2400 2175 2482 2222 Ex
2515 2173 2710 2223 celebri

242 2260 345 2311 loco
363 2259 763 2325 Abulpharagii,
791 2258 1014 2309 historia
1038 2275 1207 2323 comp.
1232 2259 1628 2323 Dynastiarum,
1656 2274 1813 2323 quam
1842 2260 2008 2309 edidit
2030 2261 2094 2309 E.
2119 2244 2509 2312 PocockiuS.
2536 2260 2708 2310 Oxon.

247 2349 377 2397 1663.
408 2346 505 2395 Ibi.
529 2363 583 2411 p.
612 2348 727 2395 184.
755 2345 949 2411 legitur
974 2347 1261 2410 interprete
1288 2345 1473 2395 eodem
1499 2345 1795 2395 Pocockio:
1826 2350 1912 2407 „et
1936 2346 2158 2396 alteram
2183 2346 2536 2412 figuratam
2562 2349 2712 2397 iuxta

244 2436 387 2484 LXX.
434 2433 709 2483 Senior-um
748 2434 1242 2498 interpretationem
1278 2449 1307 2481 e
1343 2433 1528 2498 lingua
1566 2433 1776 2483 Graeca
1812 2434 1868 2483 in
1905 2432 2176 2498 Syriacam
2213 2435 2507 2484 traductam
2545 2434 2706 2501 longo

247 2527 351 2589 post
372 2520 659 2570 Salvatoris
696 2522 1116 2569 incarnationem
1155 2519 1484 2569 intervallo.“
1526 2520 1631 2581 Qui
1667 2520 1817 2569 locus
1843 2526 1902 2570 ut
1926 2526 2070 2570 recte
2096 2520 2323 2570 advertit
2347 2522 2705 2583 VVisemanus,

245 2609 276 2660 l.
318 2624 357 2657 c.
404 2606 587 2661 decem
636 2610 760 2656 ante
797 2606 1183 2672 Abulpharagii
1232 2606 1517 2656 editionem
1568 2605 1930 2656 Oxoniensem
1980 2608 2132 2657 annis
2181 2606 2428 2673 vulgatus
2477 2612 2592 2658 erat
2639 2610 2706 2659 ab

246 2695 523 2744 Abrahamo
561 2693 919 2754 Ecchellensi,
968 2695 1023 2742 in
1060 2695 1198 2743 notis
1237 2693 1305 2742 ad
1342 2693 1654 2756 Hebedjesu
1695 2693 1850 2742 catal.
1888 2694 2040 2744 Rom.
2082 2696 2230 2744 1653.
2278 2711 2328 2760 p.
2369 2696 2486 2744 240.
2561 2695 2600 2760 4)
2637 2697 2712 2746 Ut

251 2783 364 2830 dixit
395 2782 651 2846 Bugatus,
703 2781 759 2830 in
796 2779 878 2829 ed.
914 2780 1080 2830 Psalt.
1119 2797 1222 2844 syr.
1260 2780 1471 2830 mediol.
1546 2781 1586 2846 ⁵)
1630 2781 2058 2841 „Testamentum
2105 2796 2232 2830 vero
2282 2786 2436 2830 vetus
2486 2780 2710 2847 Septua-

251 2867 541 2934 gintavirale
567 2866 771 2917 Paulus
799 2869 1079 2932 episcopus
1105 2866 1289 2916 'Pellae
1314 2865 1636 2928 Mauzaleth,
1677 2883 1742 2915 ex
1769 2865 1974 2916 Graeco
1999 2869 2055 2915 in
2083 2867 2356 2931 Syriacum
2382 2869 2712 2932 transtulit“;

252 2957 393 3006 habet
417 2954 680 3019 praefatio
705 2953 862 3003 Thes.
890 2967 1068 3002 arcan.
1095 2969 1181 3018 ap.
1206 2953 1497 3015 Wiseman‚
1537 2954 1569 3001 l.
1599 2969 1643 3002 c.
1672 2971 1722 3018 p.
1751 2955 1833 3002 91.
1871 2954 2225 3024 Alexandriae
2248 2963 2300 3004 a.
2327 2956 2443 3004 617.
2471 2955 2716 3004 confecta

253 3059 351 3091 esse
386 3042 628 3092 creditur.
678 3040 853 3089 Huius
891 3041 1149 3089 versionis
1188 3040 1421 3090 codicem
1462 3056 1518 3088 se
1556 3041 1800 3090 manibus
1837 3045 2098 3090 tractasse
2137 3046 2190 3089 et
2225 3041 2396 3090 oculis
2427 3057 2713 3106 usurpasse

252 3129 500 3178 contendit
522 3128 767 3177 Andreas
803 3128 1055 3177 Masius
1082 3155 1147 3162 —
1177 3128 1303 3188 „Vir
1325 3128 1650 3192 perspicacis
1683 3128 1884 3191 ingenii
1911 3133 1964 3178 et
1989 3126 2260 3178 doctrinae
2287 3127 2621 3193 singularis“,
2654 3133 2714 3177 ut

252 3219 369 3266 bene
404 3215 775 3277 animadvertit
809 3215 1120 3276 HuetiuS,
1160 3215 1226 3263 de
1263 3216 1702 3279 interpretatione
1738 3214 1773 3263 l.
1809 3215 1879 3262 11.
1919 3214 2067 3264 Stad.
2108 3217 2258 3264 1680.
2308 3232 2359 3280 p.
2401 3217 2516 3264 235.
2556 3244 2621 3251 —
2658 3217 2711 3263 in

249 3304 428 3352 Josuae
474 3303 809 3368 imperatoris
848 3302 1085 3350 Historia
1132 3300 1396 3351 illustrata
1432 3305 1594 3366 atque
1634 3301 1900 3365 explicata
1934 3302 2190 3366 Antverp.
2232 3303 2382 3350 1574.
2422 3318 2503 3367 ep.
2543 3301 2710 3351 dedic.

247 3391 305 3439 ad
337 3407 437 3456 reg.
464 3406 509 3440 c.
536 3407 587 3454 p.
615 3392 664 3439 6.
702 3391 907 3440 scribit:
951 3391 1321 3454 „interpretem
1363 3388 1551 3452 Syrum
1590 3390 1789 3453 ubique
1829 3394 2096 3438 auctorem
2135 3391 2482 3438 certissimum
2523 3388 2710 3452 habui3

247 3480 324 3542 qui
359 3491 420 3526 ea
456 3476 665 3526 Graeca
702 3475 771 3524 ad
806 3477 1028 3525 verbum
1066 3477 1324 3539 expressit
1361 3481 1484 3524 ante
1534 3491 1704 3524 annos
1751 3481 2064 3541 nongentOS,
2119 3491 2256 3540 quae
2304 3479 2361 3525 in
2407 3476 2712 3525 Adamantii

246 3564 463 3629 hexaplis
509 3565 577 3613 ab
615 3564 855 3612 Eusebio
892 3565 947 3611 in
985 3562 1151 3611 nobili
1188 3562 1282 3610 illa
1318 3562 1668 3612 caesareensi
1705 3562 2043 3612 Bibliotheca
2080 3564 2228 3613 fuere
2277 3563 2588 3612 collocata.“
2641 3564 2712 3611 Et

244 3669 285 3716 p.
313 3653 418 3700 123.
454 3651 623 3716 praef.
663 3653 718 3698 in
755 3665 930 3714 graec.
970 3649 1051 3698 ed.
1079 3649 1192 3697 Jos.
1232 3655 1338 3713 atq.
1378 3655 1559 3698 annot.
1600 3665 1638 3697 s.
1681 3649 1834 3698 dicit:
1876 3649 2081 3710 „habeo
2121 3649 2324 3714 aliquot
2360 3666 2402 3698 s.
2441 3651 2710 3699 Historiae

244 3737 401 3799 libros,
438 3740 528 3803 qui
566 3743 619 3786 et
656 3739 898 3786 conversi
934 3739 989 3784 in
1026 3736 1263 3800 linguam
1300 3738 1559 3800 syriacam
1598 3741 1650 3784 et
1681 3738 1862 3800 scripti
1899 3742 2022 3786 sunt
2046 3737 2418 3799 Alexandriae,
2459 3752 2600 3786 anno
2640 3738 2706 3785 ab

242 3824 519 3874 Alexandro
546 3824 618 3872 M.
646 3825 831 3873 novies
870 3824 1157 3872 centesimo
1194 3824 1451 3886 vigesimo
1490 3825 1730 3887 septimo,
1770 3825 2010 3886 conversi
2049 3824 2118 3873 ad
2155 3826 2376 3874 verbum
2407 3823 2471 3872 de
2500 3823 2708 3873 Graeco

244 3912 558 3976 exemplari.“
634 3910 843 3960 Flebile
892 3911 1107 3975 quidem
1154 3910 1355 3960 codicis
1404 3912 1553 3958 istius
1608 3911 1776 3960 fatum
1825 3917 1930 3972 est,
1989 3912 2130 3976 quod
2177 3914 2252 3960 ita
2301 3927 2418 3961 sese
2468 3912 2708 3977 adusque

243 3999 560 4060 subduxerit,
610 4004 671 4047 111
719 4013 750 4047 a
786 3999 997 4047 nemine
1046 3997 1273 4062 amplius
1321 3997 1565 4062 indagari
1612 4000 1859 4062 potuerit.
1925 3999 2147 4059 „Habeo
2199 4001 2338 4047 enim
2386 4001 2461 4048 ait
2508 4000 2709 4049 Masius

243 4086 345 4135 ded.
378 4103 430 4150 p.
469 4087 516 4135 6.
557 4086 627 4134 ab
663 4084 755 4134 illo
795 4087 1079 4149 interprete
1117 4083 1250 4149 Syro
1291 4086 1449 4134 etiam
1486 4085 1738 4133 Judicum
1775 4085 2021 4134 historias
2059 4091 2112 4135 et
2147 4086 2381 4150 Regum3
2432 4091 2711 4151 praeterea

243 4172 685 4236 Paralipomenon,
724 4171 967 4232 Esdram,
1010 4171 1219 4232 Esther,
1256 4171 1460 4231 Judjth‚
1501 4171 1729 4234 denique
1757 4171 1959 4220 Tobiae
1999 4176 2051 4219 et
2074 4172 2476 4221 Deuteronomii
2515 4173 2710 4221 bonam

244 4262 475 4322 partem.“
526 4259 733 4307 Eadem
769 4263 947 4306 tamen
982 4258 1118 4306 forte
1150 4273 1266 4307 esse
1302 4257 1527 4318 videtur,
1566 4273 1724 4322 quam
1764 4260 2000 4307 continet
2037 4258 2203 4306 codex
2239 4259 2708 4307 Ambrosianus

243 4344 771 4406 Mediolanensis,
800 4345 951 4393 cuius
976 4345 1218 4393 notitiam
1246 4343 1467 4392 dederat
1492 4342 1556 4392 de
1575 4343 1748 4405 Rossi‚
1776 4347 2044 4409 specimen
2069 4345 2301 4394 ineditae
2329 4349 2381 4392 et
2405 4342 2708 4408 hexaplaris

244 4431 515 4482 Bibliorum
566 4432 827 4482 versionis
878 4429 1425 4495 Syro-Estranghelae
1476 4431 1643 4494 praef.
1697 4433 1743 4492 ξ.
1783 4434 1829 4480 2.
1877 4431 2051 4480 Parm.
2094 4432 2272 4494 1778.;
2321 4430 2538 4495 publica
2588 4430 2708 4478 luce

248 4518 491 4568 donarunt
525 4519 847 4582 Norberg,
894 4519 1232 4583 Bugatus,
1277 4517 1528 4579 Hasse,
1578 4517 2060 4582 Middeldorpf
2104 4521 2156 4567 et
2207 4514 2707 4565 Skat-Rordam

249 4619 275 4652 a
308 4606 451 4653 nobis
486 4621 538 4670 p.
579 4606 696 4653 177.
735 4607 785 4654 8.
833 4603 1050 4652 laudati.
1112 4603 1323 4652 Cadunt
1371 4604 1427 4652 in
1478 4619 1598 4653 eum
1636 4602 1899 4670 simulque
1946 4605 2001 4653 in
2049 4603 2391 4668 archetypum
2441 4617 2707 4668 graecum,
