3309 5300
594 441 717 510 132
1314 453 1549 499 Commeat.
1582 449 1635 497 de
1664 459 1709 498 S.
1730 450 1886 508 Script.
1919 461 2014 506 cap.
2044 467 2132 498 sec.
2160 447 2289 497 tract.
2311 446 2345 495 Ῐ.

588 638 889 698 terquam
924 633 1253 698 Vulgatae
1288 633 1569 683 Latinae
1607 634 1823 682 textui
1869 630 2292 681 venerandae
2329 630 2788 694 antiquitatis
2827 629 3086 678 suffra-

588 722 761 786 gium
800 725 1187 785 competere.
1238 720 1425 785 Itaque
1464 720 1754 769 divinum
1778 719 2132 768 Ecclesiae
2170 715 2538 778 oraculum,
2577 718 2790 782 quoin
2817 715 3087 780 Synodo

587 806 1010 855 Tridentina:
1076 806 1615 868 „authenticam“
1673 805 2166 870 pronunciavit
2212 805 2515 853 Veterem
2570 818 2642 852 ac
2689 802 3088 868 Vulgatam,

592 908 758 959 quae
807 892 1001 958 longo
1050 897 1147 942 tot
1196 893 1609 943 saeculorum
1655 907 1777 942 usu
1814 893 1877 940 in
1913 890 2242 940 Ecclesia
2279 889 2580 955 probata
2613 889 3090 953 fuerit31abo-

588 982 783 1030 ribus
834 981 1111 1030 criticis
1159 979 1732 1030 Acatholicorum
1781 993 2050 1043 quoque
2099 977 2490 1042 legitimum
2539 976 3088 1026 demonstratur.

592 1068 744 1127 Quae
804 1071 984 1116 autem
1045 1071 1231 1116 contra
1290 1067 1617 1116 recensionis
1680 1064 2154 1114 Lachmannianae
2215 1063 2478 1128 principia
2509 1092 2513 1096 .
2535 1078 2697 1127 saepe
2762 1063 3092 1112 mordaciter

588 1169 843 1203 monuere
893 1155 1089 1202 critici:
1144 1155 1210 1202 D.
1262 1152 1479 1214 Schulz,
1537 1151 1603 1201 de
1653 1151 1860 1216 aliquot
1906 1151 2142 1200 locorum
2189 1151 2253 1199 N.
2292 1151 2353 1198 T.
2404 1149 2651 1199 lectione.
2699 1149 2876 1199 Berol.
2925 1149 3088 1198 1833.

588 1245 643 1290 et
680 1239 739 1290 C.
777 1241 839 1290 F.
879 1240 941 1289 Α.
978 1239 1271 1301 Fritzsche,
1309 1239 1374 1288 de
1414 1239 1834 1288 conformatione
1871 1238 1935 1287 N.
1970 1238 2032 1287 T.
2071 1238 2256 1286 critica
2292 1251 2452 1301 quam
2489 1235 2549 1286 Ο.
2587 1236 2903 1286 Lachmann
2939 1235 3088 1285 edid.

590 1343 779 1376 comm.
818 1327 989 1376 Giess.
1030 1327 1205 1389 1841.;
1250 1328 1422 1391 ipsam
1458 1341 1641 1374 eorum
1678 1325 2059 1390 praestantiam
2096 1325 2409 1389 neutiquam
2447 1323 2674 1385 elevant,
2713 1323 2809 1372 sed
2842 1323 3090 1373 nondum

592 1414 828 1478 perfecte
866 1412 1163 1478 applicatas
1190 1427 1307 1462 esse
1330 1411 1667 1461 Lachmanni
1689 1412 1914 1460 Textum
1939 1411 2002 1460 N.
2029 1411 2090 1460 T.
2124 1410 2544 1476 recognoscendi
2569 1425 2782 1460 normas
2809 1412 3086 1460 evincunt.

587 1501 760 1565 Atque
806 1500 942 1549 haec
988 1496 1056 1556 ὡς
1103 1495 1150 1548 ἐν
1194 1494 1419 1566 παρόδῳ,
1468 1502 1654 1548 contra
1690 1499 1813 1560 viri,
1863 1502 2014 1547 tanta
2058 1499 2319 1563 gravitate
2357 1504 2410 1548 et
2446 1497 2742 1547 eruditione
2785 1499 3087 1563 conspicui,

572 1589 973 1637 obtrectatores
1010 1587 1277 1635 monuisse
1314 1584 1558 1634 sufficiat.

799 1673 974 1733 Quam
1008 1671 1388 1720 Lachmannus
1432 1672 1735 1735 praeiverat
1769 1673 2032 1720 rationem
2068 1672 2294 1722 Textum
2331 1673 2512 1722 critice
2550 1672 2921 1734 constituendi,
2963 1687 3089 1721 eam

588 1765 803 1810 secutus
854 1765 935 1809 est
984 1759 1465 1808 Constantinus
1513 1758 1713 1807 Tisch
1729 1759 1982 1821 endorf,
2033 1758 2219 1809 Theol.
2264 1760 2496 1809 Profess.
2544 1761 2858 1824 Lipsiensis.
2923 1759 3084 1820 Quae

587 1847 710 1896 inde
736 1848 803 1896 ab
831 1862 973 1896 anno
995 1847 1147 1895 1840.
1173 1846 1317 1894 circa
1340 1845 1565 1894 Textum
1592 1845 1813 1895 Sacrum
1838 1848 2074 1911 suscepit
2098 1862 2278 1911 opera,
2303 1847 2420 1896 fuse
2447 1851 2660 1896 enarrat
2682 1847 2800 1912 ipse
2827 1845 2910 1896 ed.
2941 1851 3085 1911 sept.

586 1935 732 1999 Lips.
773 1935 923 1983 1859.
960 1933 1003 1982 Ι.
1036 1933 1168 1998 prol.
1196 1949 1246 1998 p.
1276 1933 1496 1984 13—25.
1538 1935 1845 1992 122-129.,
1885 1938 2044 1998 atque
2083 1935 2197 1982 eius
2233 1926 2554 2001 πανηγυρικὸς
2590 1934 2642 1982 J.
2667 1935 2731 1982 Ε.
2757 1932 3083 1998 Volbeding,

590 2020 650 2070 C.
677 2019 1047 2082 'rischendorss
1084 2021 1141 2068 in
1166 2021 1343 2069 seiner
1366 2018 1592 2082 25-jahr.
1618 2019 1942 2070 schriftstell.
1971 2020 2370 2070 Wirksamkeit.
2396 2021 2543 2085 Lips.
2573 2022 2723 2070 1863.
2766 2020 3087 2069 Editionum

586 2108 655 2156 ab
694 2109 811 2172 ipso
838 2107 1099 2156 factarum
1122 2107 1295 2171 prima
1318 2107 1514 2171 prodiit
1536 2107 1686 2173 Lips.
1715 2108 1867 2156 1841.
1905 2108 1973 2156 11.
2000 2108 2120 2156 Par.
2149 2108 2299 2157 1842.
2325 2108 2421 2157 111.
2461 2107 2728 2156 catholica
2767 2105 2826 2173 [ἲ]
2853 2107 2925 2157 ib.
2955 2123 3003 2156 e.
3031 2121 3084 2156 a.

584 2194 676 2243 IV.
717 2194 866 2259 Lips.
905 2196 953 2243 2.
982 2195 1131 2242 1849.
1171 2186 1465 2258 Stereotyp.
1496 2195 1645 2243 1850.
1685 2194 1750 2243 N.
1776 2195 1838 2243 T.
1877 2193 2188 2258 tryglottum
2215 2195 2366 2242 1854.
2405 2193 2486 2242 ed.
2519 2193 2670 2243 acad.
2710 2210 2776 2242 ex
2809 2193 3084 2258 triglottis.

590 2283 741 2330 1855.
780 2297 889 2347 rep.
930 2284 983 2330 et
1020 2296 1152 2329 corr.
1194 2281 1343 2329 1857.
1389 2281 1454 2328 N.
1480 2280 1541 2328 T.
1581 2296 1657 2345 gr.
1709 2285 1763 2330 et
1801 2280 1892 2330 lat.
1936 2282 2084 2331 1858.
2132 2282 2195 2330 N.
2234 2281 2295 2330 T.
2333 2297 2408 2345 gr.
2460 2280 2540 2329 ed.
2581 2285 2716 2346 sept.
2755 2282 2868 2332 crit.
2906 2282 3086 2329 maior

592 2369 743 2418 1859.
769 2384 879 2432 rep.
910 2368 1058 2417 1865.
1086 2383 1128 2416 s.
1170 2367 1288 2416 Hac
1312 2368 1367 2415 in
1393 2382 1449 2415 re
1476 2367 1538 2416 T.
1564 2368 1641 2416 ita
1665 2373 1932 2416 versatum
1971 2384 2029 2418 se
2057 2383 2174 2417 esse
2198 2367 2501 2432 profitetur:
2543 2368 2618 2428 „T
2634 2372 2832 2416 extus
2870 2368 3036 2416 unic
3053 2383 3084 2415 e

588 2454 913 2520 petendus
952 2459 1051 2503 est
1087 2469 1164 2503 ex
1201 2454 1495 2518 antiquis
1534 2455 1852 2515 testibus,
1892 2459 1958 2503 et
1993 2455 2249 2518 quidem
2285 2455 2702 2519 potissimum
2741 2471 2770 2503 e
2808 2455 3086 2518 graecis

590 2542 977 2604 codicibus,
1026 2541 1140 2591 sed
1173 2543 1847 2606 interpretationum
1883 2543 2301 2607 Patrumque
2338 2542 2766 2591 testimoniis
2803 2543 3086 2590 minime

587 2628 969 2695 neglectis.“
1021 2630 1210 2694 Itaque
1236 2629 1405 2679 omnis
1430 2632 1605 2679 textus
1632 2630 1801 2678 nostri
1826 2627 2155 2679 confirmatio
2184 2627 2385 2693 colligit
2408 2629 2566 2691 idem,
2603 2627 2672 2678 ab
2698 2629 2828 2694 ipsis
2851 2630 3086 2679 testibus

589 2716 857 2782 proficisci
894 2716 1141 2777 debebat,
1179 2732 1287 2765 non
1326 2732 1358 2764 a
1395 2721 1611 2780 recepta
1647 2732 1806 2780 quam
1844 2717 2028 2765 dicunt
2065 2716 2311 2765 editione.
2373 2717 2622 2766 Testibus
2668 2721 2846 2765 autem
2883 2717 3083 2766 discre-

587 2804 856 2869 pantibus,
894 2805 1061 2868 primo
1100 2803 1217 2852 loco
1250 2802 1501 2868 ponenda
1524 2806 1650 2852 sunt
1675 2817 1755 2865 ea,
1803 2818 1943 2867 quae
1978 2807 2196 2851 tuentur
2233 2803 2444 2853 codices
2481 2805 2662 2869 graeci
2697 2804 3083 2868 antiquissimi;

589 2893 623 2939 i.
664 2906 707 2939 e.
747 2905 781 2939 a
816 2889 1032 2939 saeculo
1071 2890 1163 2939 IV.
1200 2890 1324 2938 inde
1360 2905 1530 2954 usque
1569 2890 1637 2938 ad
1672 2889 1766 2938 IX.
1806 2890 1918 2938 fere
1955 2890 2229 2939 saeculum
2267 2890 2468 2955 scripti.
2528 2892 2732 2940 Rursus
2777 2892 2835 2938 in
2870 2890 2954 2939 his
2993 2891 3085 2954 qui

590 2980 860 3025 vetustate
898 2975 1240 3038 antecellunt,
1278 2976 1439 3026 iidem
1464 2978 1780 3026 auctoritate
1804 2977 2133 3041 praevalent.
2180 2976 2334 3026 Haec
2359 2978 2648 3027 auctoritas
2675 2982 2734 3026 ut
2758 2992 3084 3041 magnopere

590 3068 832 3128 augetur,
870 3064 916 3113 si
950 3064 1447 3128 interpretationum
1493 3078 1558 3113 ac
1593 3064 1814 3113 Patrum
1853 3063 2114 3113 accedant
2160 3065 2480 3126 testimonia,
2528 3065 2606 3113 ita
2653 3080 2764 3113 non
2797 3068 3084 3129 superatur

592 3150 925 3199 dissensione
975 3149 1317 3215 plurimorum
1366 3149 1455 3199 vel
1502 3152 1662 3199 etiam
1713 3152 1946 3200 omnium
1993 3151 2238 3200 codicum
2285 3153 2662 3215 recentiorum3
2718 3153 2754 3200 i.
2793 3167 2840 3201 e.
2879 3166 3081 3212 eorum,

594 3238 685 3302 qui
712 3252 745 3285 a
769 3253 911 3286 nono
950 3237 1165 3286 saeculo
1201 3253 1373 3302 usque
1412 3237 1479 3286 ad
1518 3237 1778 3286 decimum
1817 3243 2023 3287 sextum
2062 3240 2264 3287 exarati
2301 3242 2474 3288 sunt.“
2513 3239 2654 3288 Prol.
2676 3239 2896 3289 ed.VII.
2922 3221 3081 3303 p.'27.

596 3329 649 3373 et
674 3325 756 3372 28.
794 3324 947 3373 Absit
972 3339 1005 3372 a
1030 3324 1183 3373 nobis
1220 3324 1383 3386 laudi,
1422 3339 1583 3389 quam
1618 3340 1647 3373 e
1680 3324 1954 3374 laboribus
1993 3325 2188 3374 criticis
2225 3326 2328 3375 sibi
2365 3326 2694 3391 comparavit
2728 3324 3089 3375 Tischendorf

594 3438 657 3447 --
680 3426 811 3474 quos
838 3410 930 3459 ubi
953 3410 1190 3460 locorum
1214 3410 1329 3459 fieri
1354 3411 1552 3473 debuit,
1580 3426 1789 3475 semper
1813 3413 2170 3475 exposuimus.
2191 3440 2257 3447 —
2278 3412 2483 3476 aliquid
2507 3412 2810 3476 detrahere3
2846 3418 3084 3462 attamen

590 3498 905 3547 reflexiones
946 3497 1199 3563 quasdam
1238 3514 1397 3563 super
1444 3499 1510 3547 iis
1557 3498 1826 3547 subiicere
1868 3500 2228 3548 necessarium
2265 3500 2525 3548 duximus.
2585 3498 2850 3565 Displicet
2893 3500 3083 3549 merito

587 3585 647 3633 in
683 3584 1099 3646 Tischendorfm,
1149 3584 1257 3633 alto
1308 3585 1593 3649 supercilio
1646 3584 1712 3633 de
1764 3584 1987 3633 aliorum
2024 3587 2260 3636 virorum
2295 3586 2572 3636 doctorum
2619 3588 2821 3635 meritis
2869 3587 3086 3651 prolata

593 3685 835 3720 censura.
862 3699 928 3707 -—
953 3671 1019 3720 E.
1057 3688 1107 3737 g.
1145 3671 1180 3720 l.
1218 3687 1262 3720 c.
1300 3688 1351 3736 p.
1381 3674 1497 3721 100.
1535 3677 1780 3721 recenset
1819 3676 2052 3736 „quanta
2087 3674 2157 3721 sit
2189 3674 2246 3721 in
2283 3671 2604 3723 Scholziana
2641 3675 2876 3723 editione
2913 3673 3086 3739 negli—

592 3758 787 3822 gentia,
828 3763 1029 3823 quanta
1056 3760 1134 3807 rei
1158 3773 1318 3823 quam
1344 3760 1583 3824 suscepit
1606 3758 1768 3807 fuerit
1791 3759 2020 3820 inscitia,
2057 3765 2259 3823 quanta
2282 3760 2550 3809 levitate.“
2589 3761 2674 3809 De
2706 3761 3087 3810 mathematica

594 3859 723 3893 vero
775 3860 934 3909 quam
988 3845 1278 3910 adpellavit
1330 3847 1656 3895 recensionis
1704 3845 2177 3896 Lachmanm'anae
2227 3848 2432 3897 ratione
2481 3866 2532 3913 p.
2573 3850 2689 3898 106.
2735 3850 3086 3913 pronunciat:

597 3932 684 3992 „in
722 3932 1019 3981 factitanda
1054 3948 1111 3981 re
1149 3934 1288 3982 Novi
1322 3933 1658 3982 Testamenti
1693 3934 1880 3981 critica
1917 3934 2046 3997 quid
2081 3937 2309 3983 maxime
2345 3935 2494 3997 utile,
2544 3936 2672 3999 quid
2720 3951 2902 4001 grave,
2955 3936 3088 3999 quid

590 4019 949 4067 necessarium
975 4020 1043 4067 sit
1067 4020 1513 4083 circumspicienti
1538 4020 1627 4067 vix
1653 4020 1891 4081 dubium,
1917 4021 2018 4067 erit
2044 4026 2242 4084 quanto
2267 4023 2324 4070 in
2349 4038 2526 4071 errore
2553 4024 2722 4071 omnis
2746 4022 3090 4071 Lachmanni

589 4106 725 4155 ratio
766 4107 941 4169 posita
976 4107 1089 4155 sit.“
1129 4108 1189 4155 P.
1231 4108 1346 4155 107.
1389 4106 1748 4169 „Lachmann,
1788 4107 1918 4155 dicit
1953 4107 2110 4169 idem,
2149 4107 2378 4172 plurium
2416 4124 2650 4158 errorum
2685 4125 2845 4174 quam
2871 4111 2992 4175 ipse
3029 4125 3090 4158 se

592 4192 780 4241 ducem
809 4192 1146 4257 praebuerat,
1184 4192 1406 4242 aliorum
1433 4193 1680 4243 socordia
1705 4199 1890 4243 auctor
1923 4194 2097 4243 factus
2125 4198 2251 4245 est.“
2279 4196 2338 4243 P.
2369 4198 2484 4245 110.
2523 4198 2598 4245 ait
2621 4196 2764 4262 quod
2787 4198 2852 4246 L.
2881 4198 3090 4258 „incre—

591 4278 769 4328 dibilis
795 4294 926 4328 suae
962 4281 1271 4328 temeritatis
1296 4282 1473 4345 gravis
1498 4282 1614 4345 ipse
1651 4286 1934 4331 accusator
1971 4283 2278 4331 exstiterit.“
2318 4284 2523 4333 Rursus
2561 4285 2934 4350 „Propositum
2972 4291 3092 4335 erat

589 4364 691 4414 hoc
716 4364 834 4415 loco
862 4367 1021 4413 etiam
1060 4365 1251 4415 docere
1277 4382 1435 4431 quam
1472 4366 1613 4417 male
1651 4367 1830 4417 officio
1855 4368 2069 4417 functus
2099 4370 2170 4418 sit
2195 4369 2483 4419 adhibendi
2519 4371 2588 4419 ad
2625 4370 2837 4421 Graeca
2871 4373 3090 4422 Lectio-

591 4467 687 4501 nes
724 4453 997 4501 Latinas.“
1039 4453 1110 4501 ib.
1139 4480 1205 4489 —
1234 4452 1381 4502 Bene
1420 4454 1726 4503 observavit
1763 4456 1828 4503 de
1866 4456 2100 4520 superba
2135 4457 2238 4505 ista
2275 4456 2500 4506 aliorum
2537 4473 2728 4523 operas
2765 4460 3092 4509 aestimandi

592 4538 951 4588 Tischendorf
994 4541 1199 4588 ratione
1248 4537 1467 4588 Mai-kf
1472 4542 1490 4588 i
1537 4546 1719 4590 noster
1767 4536 1794 4589 ὁ
1847 4538 2130 4609 μακαρίτης,
2179 4544 2378 4593 Introd.
2415 4544 2459 4606 I,
2498 4547 2643 4594 217.:
2695 4546 2896 4607 „Quid
2933 4563 3088 4597 vero

591 4624 937 4674 dicendum
976 4632 1075 4675 est
1112 4627 1185 4675 de
1223 4626 1651 4677 Griesbachii
1699 4634 1763 4677 et
1795 4629 2129 4679 Matthaei
2175 4636 2402 4681 mutua
2451 4632 2924 4696 cavillatione,
2977 4637 3091 4700 qui
