3309 5300
560 408 683 475 194
1262 418 1501 465 Comment.
1531 416 1585 463 de
1612 420 1654 463 S.
1678 415 1834 473 Script.
1865 428 1958 473 cap.
1989 432 2075 463 sec.
2103 418 2235 463 tract.
2263 414 2320 463 ῙῙ.

763 600 1027 670 Arabicae
1062 598 1203 648 Novi
1240 598 1567 648 Testamenti
1605 598 1878 647 versiones
1925 597 2184 662 plurimae
2220 599 2570 663 reperiuntur.
2630 599 2828 649 Parum
2865 603 3050 647 autem

555 683 837 750 prodesset
862 684 915 734 S.
940 685 1139 734 Textus
1164 685 1342 733 varias
1368 685 1643 733 versiones
1670 684 1914 733 arabicas
1938 683 2003 733 N.
2028 684 2090 732 F.
2119 684 2362 744 recitare,
2396 698 2578 732 earum
2603 688 2848 733 auctores
2873 684 3050 748 inqui·

554 788 687 833 rere,
725 771 903 821 locum
927 775 981 820 et
1004 777 1231 835 tempus,
1269 786 1374 835 quo
1406 772 1633 820 emissae
1658 774 1784 819 sunt
1808 774 2092 834 annotare3
2130 771 2235 818 nisi
2265 769 2422 820 simul
2447 770 2709 835 quomodo
2747 770 2942 832 factae,
2983 784 3050 817 ac

554 858 697 907 unde
739 858 937 922 petitae
984 854 1300 918 declaretur,
1346 859 1405 905 ut
1441 857 1519 905 sic
1562 856 1628 904 de
1674 870 1856 904 earum
1899 856 2070 920 pretio
2109 854 2339 904 iudicari
2381 860 2559 919 queat.
2619 855 2859 917 Illarum,
2905 870 3052 920 quae

556 948 788 993 aetatem
812 943 1062 1005 tulerunt,
1090 943 1257 1006 primo
1282 942 1402 991 loco
1437 941 1788 1007 expendenda
1817 943 1964 991 venit
1998 943 2467 1006 interpretatio
2505 941 3051 1011 Evangeliorum,

557 1031 707 1080 cuius
758 1035 986 1095 quatuor
1034 1030 1368 1093 potissimum
1416 1028 1814 1093 distinguuntur
1862 1029 2228 1078 recensiones:
2276 1029 2588 1090 Romana,
2638 1029 3053 1093 Erpeniana,

556 1118 889 1178 Parisina,
942 1121 996 1165 et
1029 1117 1248 1180 Lagar
1262 1114 1353 1164 dii
1390 1114 1603 1164 Codicis
1639 1115 2086 1165 Vindobonensis.
2149 1116 2196 1163 E
2234 1114 2375 1164 Novi
2410 1115 2741 1165 Testamenti
2775 1116 2952 1177 libris,
2993 1116 3056 1163 in

556 1204 896 1269 amplissima,
948 1218 1108 1268 quam
1140 1202 1513 1251 Ferdinandus
1549 1202 1780 1267 Magnus
1819 1202 1926 1251 dux
1960 1202 2249 1251 Hetruriae
2283 1202 2489 1252 Romae
2536 1202 2858 1265 condiderat,
2897 1208 3054 1267 typo-

556 1291 782 1357 graphia
833 1290 1136 1355 linguarum
1192 1289 1568 1350 Orientalium,
1624 1304 1767 1339 anno
1827 1291 1977 1339 1590.
2026 1290 2083 1338 111
2131 1287 2306 1339 lucem
2360 1291 2533 1339 venit:
2575 1290 3056 1355 ‘Evangelium

534 1379 866 1429 -Sanctum
914 1377 980 1426 D.
1018 1377 1082 1426 N.
1129 1375 1179 1425 J.
1219 1376 1279 1425 C.
1328 1377 1780 1441 conscriptum
1829 1392 1862 1425 a
1906 1381 2187 1441 quatuor
2234 1376 2696 1441 Evangelistis
2741 1376 2796 1427 S.
2834 1375 2888 1425 S.
2923 1378 2961 1425 i.
3005 1392 3055 1424 e.

555 1466 627 1514 M.
654 1466 724 1514 M.
751 1466 815 1513 L.
855 1468 917 1513 et
951 1464 1001 1512 J.
1039 1463 1208 1512 Rom.
1244 1464 1311 1511 in
1347 1467 1595 1527 typogr.
1632 1462 1862 1512 Medic.
1917 1464 2096 1513 Editio
2135 1463 2474 1513 historiarum
2509 1464 2566 1512 in
2604 1468 2752 1513 textu
2788 1477 3056 1513 memora-

555 1557 729 1602 tarum
751 1551 1071 1615 imaginibus
1099 1550 1366 1599 decorata.
1393 1550 1440 1598 A
1466 1565 1572 1615 qua
1594 1550 1698 1599 nisi
1723 1551 1970 1599 versione
1993 1552 2192 1599 Latina
2213 1550 2560 1612 interlineari,
2583 1556 2635 1600 et
2659 1550 2884 1600 sublatis
2908 1549 3055 1615 preli

553 1638 759 1688 mendi-s
785 1636 960 1686 differt
984 1636 1151 1686 altera
1179 1636 1302 1687 edit.
1330 1652 1440 1702 rep.
1464 1638 1537 1686 ib.
1568 1638 1718 1686 1591.
1768 1638 2082 1687 Versionem
2116 1636 2340 1687 latinam
2377 1638 2658 1688 adornavit
2693 1638 3014 1687 Antonin
3031 1653 3058 1685 s

556 1724 837 1787 Sionita,
876 1728 1010 1773 teste
1050 1723 1123 1773 St.
1161 1724 1262 1772 Ev.
1300 1722 1611 1785 Asseman0,
1652 1723 1770 1773 Cat.
1800 1724 1938 1774 Bibl.
1969 1724 2110 1774 Med.
2138 1725 2392 1775 Laurent.
2429 1725 2665 1774 Florent.
2694 1727 2846 1774 1742.
2883 1742 2935 1790 p.
2967 1727 3058 1773 52.

552 1813 783 1862 Erudita
830 1811 1219 1884 interpretatio·
1246 1810 1505 1871 Arabica,
1556 1810 1627 1859 ad
1674 1825 1913 1860 normam
1963 1811 2239 1876 archetypi
2289 1811 2480 1861 Graeci
2530 1811 2828 1862 fabrefacta
2864 1840 2931 1847 —
2972 1813 3058 1861 uti

553 1916 725 1965 nuper
759 1914 939 1949 rursus
978 1897 1359 1947 demonstravit
1391 1898 1471 1946 Le
1507 1897 1657 1963 Page
1696 1897 1920 1960 Renovf,
1965 1913 1998 1947 a
2033 1898 2135 1948 few
2173 1898 2418 1948 wordson
2455 1898 2543 1947 the
2583 1898 2850 1963 supposed
2885 1899 3061 1947 Latin

555 1988 727 2051 origin
765 1984 824 2035 of
853 1985 943 2035 the
978 1986 1177 2034 Arabio
1212 1986 1424 2034 version
1462 1984 1522 2034 of
1552 1985 1642 2033 the
1683 1984 1925 2050 Gospels,
1964 1987 2021 2034 in
2056 1985 2090 2035 l.
2128 1986 2289 2035 From
2325 1990 2377 2035 te
2415 1984 2647 2035 Atlantis
2683 1986 2856 2035 Lond.
2895 1987 3059 2035 1863.

554 2073 645 2134 IV,
685 2074 767 2121 21.
807 2086 848 2121 s.
885 2088 980 2133 —3
1019 2086 1158 2135 quae
1206 2075 1414 2132 tamen,
1468 2072 1619 2121 cuius
1656 2072 1726 2121 sit
1772 2072 2009 2121 auctoris
2047 2070 2134 2120 vel
2171 2072 2503 2136 antiquitatis
2540 2070 2617 2119 nil
2652 2076 2880 2133 certum,
2927 2088 3062 2121 cum

553 2158 901 2224 praefationis
944 2157 1257 2207 scribendae
1303 2156 1479 2208 labori
1524 2158 1871 2223 supersedere
1908 2158 2101 2208 editori
2143 2159 2317 2207 visum
2352 2158 2528 2207 fuerit.
2590 2159 2637 2206 E
2675 2174 2796 2208 mss.
2835 2159 3062 2209 ductam

556 2257 671 2295 esse
709 2244 833 2293 inde
870 2249 1044 2309 patet3
1093 2244 1237 2308 quod
1272 2246 1539 2310 antiquior
1584 2246 1746 2295 editio
1785 2262 1852 2295 ex
1889 2260 1997 2311 qua
2030 2244 2232 2294 hauriri
2279 2246 2526 2309 potuerit,
2577 2244 2726 2295 nulla
2763 2249 2950 2306 exstet,
3005 2251 3064 2294 et

555 2332 831 2382 codicibus
868 2332 1094 2396 Erpenii
1130 2336 1183 2380 et
1217 2331 1646 2393 Vindobonensi,
1685 2360 1752 2369 -—
1789 2333 1940 2382 cuius
1987 2332 2396 2397 descriptionem
2435 2332 2580 2381 dedit
2615 2333 2674 2381 P.
2709 2332 3062 2392 Lambecius,

558 2419 760 2469 Comm.
807 2418 873 2467 de
920 2434 1041 2483 aug.
1088 2417 1227 2467 Bibl.
1267 2418 1421 2468 Caes.
1459 2419 1616 2469 Vind.
1654 2419 1690 2468 l.
1728 2420 1779 2480 Ι,
1821 2421 1936 2468 171.
1974 2435 2016 2469 s.
2077 2419 2146 2468 D.
2185 2418 2400 2481 Nessel,
2449 2418 2619 2468 Catal.
2667 2434 2714 2468 o.
2755 2418 2886 2467 Cod.
2926 2432 3062 2466 mss.

557 2505 747 2556 Graec.
793 2521 895 2555 nec
939 2521 1049 2554 non
1084 2504 1120 2553 1.
1160 2504 1363 2554 Orient.
1407 2503 1544 2571 Aug.
1583 2506 1724 2555 Bibl.
1764 2505 1917 2555 Caes.
1956 2506 2112 2555 Vind.
2152 2508 2304 2555 1690.
2351 2507 2410 2555 Ρ.
2447 2507 2566 2555 VH.
2611 2522 2664 2571 p.
2703 2508 2821 2555 150.
2885 2505 3062 2565 Storr,

554 2593 590 2642 l.
626 2594 662 2642 i.
701 2609 745 2642 c.
783 2610 835 2659 p.
876 2595 955 2642 17.
1005 2598 1058 2642 et
1105 2593 1374 2658 Lagarde,
1423 2591 1473 2641 d.
1510 2608 1561 2641 v,
1598 2594 1700 2641 Ev.
1738 2608 1813 2642 ar.
1851 2610 1902 2660 p.
1940 2593 2033 2642 IV.
2071 2609 2144 2658 s.;
2195 2594 2287 2660 qui
2335 2608 2455 2642 eum
2493 2609 2539 2642 e.
2577 2610 2628 2658 p.
2666 2592 2870 2642 saeculi
2904 2592 3063 2640 XIV.

554 2679 734 2730 habet.
794 2681 878 2729 Ex
931 2679 1033 2729 hoc
1078 2680 1263 2729 codice
1311 2679 1625 2744 prodierunt
1672 2680 1733 2729 P.
1770 2681 2050 2743 Kirstenii,
2099 2682 2257 2730 Vitae
2305 2680 2774 2747 Evangelistarum
2821 2684 3065 2744 quatuor

558 2769 703 2817 arab.
740 2766 912 2816 Bresl.
942 2767 1092 2816 1608.
1118 2783 1169 2830 p.
1200 2768 1280 2815 14.
1308 2782 1349 2816 s.
1390 2771 1444 2815 et
1480 2767 1653 2815 Notae
1691 2768 1746 2815 in
1781 2767 2140 2832 Evangelium
2177 2768 2232 2818 S.
2256 2767 2516 2820 Matthaei
2539 2785 2569 2818 e
2595 2768 2716 2818 coll.
2754 2773 2790 2817 t.
2829 2782 2904 2816 ar.
2935 2781 3062 2830 aeg.

556 2854 703 2904 hebr.
742 2870 845 2919 syr.
884 2869 959 2918 gr.
996 2854 1087 2902 lat.
1131 2853 1203 2902 ib.
1244 2855 1392 2902 1611.
1432 2883 1497 2890 -
1536 2855 1836 2918 ceterisque
1882 2856 1960 2904 ita
2008 2856 2299 2917 consentit,
2349 2861 2409 2906 ut
2455 2857 2523 2906 ab
2574 2856 2774 2905 editore
2819 2856 3064 2920 primum

554 2941 751 2990 factam
798 2940 1012 2990 credere
1058 2955 1167 2989 non
1213 2942 1494 3005 possimus.
1554 2940 1690 3006 Rep.
1730 2942 1880 2990 1619.
1919 2943 2072 2991 1774.
2133 2943 2335 2992 Iniuste
2373 2948 2575 3004 autem,
2627 2944 2783 2993 sicuti
2817 2941 3062 2991 candide

555 3027 753 3077 fatetur
787 3026 839 3079 J.
879 3026 1274 3088 Gilflemeister,
1312 3027 1379 3076 de
1414 3027 1727 3092 Evangeliis
1764 3028 1822 3076 in
1856 3027 2151 3077 Arabicum
2189 3044 2218 3077 e
2255 3028 2483 3094 simplici
2519 3027 2740 3092 Syriaca
2772 3028 3061 3078 translatis

556 3115 795 3186 Bonnae.
837 3115 988 3165 1865.
1036 3131 1088 3180 p.
1124 3114 1269 3163 LV.:
1318 3115 1555 3179 suspicio
1592 3120 1740 3164 mota
1775 3119 1871 3176 est,
1917 3113 2060 3164 illius
2107 3120 2310 3164 textum
2345 3116 2414 3164 ab
2453 3115 2654 3165 editore
2696 3113 3065 3164 adulteratum

557 3202 737 3251 fuisse.
786 3202 1047 3267 Reliquae
1080 3200 1503 3266 Evangeliorum
1539 3202 1801 3251 editiones
1836 3201 1925 3252 vel
1961 3217 2082 3252 cum
2118 3202 2306 3251 Bibliis
2342 3203 2586 3251 Arabicis
2622 3218 2693 3264 u.,
2730 3202 2820 3252 vel
2857 3203 3062 3252 saltem

558 3305 677 3338 cum
725 3288 942 3354 reliquis
990 3289 1053 3337 N.
1084 3287 1148 3337 F.
1198 3289 1405 3353 scriptis
1455 3288 1612 3337 simul
1661 3288 1914 3354 vulgatae
1963 3293 2102 3338 sunt.
2168 3289 2360 3338 Totum
2395 3289 2609 3338 Novum
2643 3289 3062 3338 Testamentum

559 3375 725 3425 edidit
767 3374 999 3424 Thomas
1042 3375 1371 3439 Erpenius
1410 3389 1458 3424 a.
1500 3377 1648 3426 1616.
1699 3392 1728 3425 e
1766 3376 1950 3425 codice
1987 3391 2128 3426 saec.
2164 3376 2311 3424 XIH.
2347 3375 2716 3426 Bibliothecae
2750 3377 3064 3437 Leidensis,

557 3463 613 3511 in
650 3477 757 3542 quo
796 3461 1143 3512 exscribendo
1182 3461 1408 3512 contulit
1454 3463 1724 3527 Erpenius
1761 3467 1990 3528 quatuor
2024 3463 2323 3527 Evangelia
2367 3447 2504 3512 cum'
2533 3463 2766 3513 editione
2802 3465 3064 3512 Romana

556 3725 805 3775 videlicet
828 3725 863 3774 l.
890 3723 923 3774 l.
947 3723 1074 3774 Jud.
1102 3723 1243 3774 Sam.
1269 3724 1312 3773 Ι.
1337 3723 1467 3788 Reg.
1497 3726 1686 3774 1-11,
1710 3725 1780 3773 11.
1806 3724 1937 3789 Reg.
1969 3726 2050 3786 12,
2080 3726 2299 3774 17-25,
2327 3731 2381 3775 et
2403 3725 2623 3776 Nehem.
2650 3727 2697 3789 9,
2725 3729 2859 3776 28-
2885 3743 2940 3776 c.
2973 3729 3061 3776 13.

558 3814 625 3862 ab
662 3812 876 3861 homine
914 3811 1219 3874 christiano,
1258 3811 1463 3862 saeculi
1498 3813 1708 3861 circiter
1743 3812 1891 3861 XIH.
1927 3811 2016 3861 vel
2040 3813 2202 3874 XIV„
2241 3829 2271 3862 e
2309 3813 2494 3864 codice
2531 3814 2749 3878 Syriaco
2785 3814 3065 3863 translata

558 3904 663 3962 est3
713 3899 950 3948 eiusdem
1003 3899 1115 3948 fere
1164 3898 1511 3960 conditionis,
1558 3900 1710 3948 cuius
1747 3898 1843 3948 illa
1879 3904 2004 3948 sunt
2049 3915 2188 3964 quae
2237 3901 2292 3949 in
2338 3899 2478 3950 Bibl.
2527 3899 2724 3965 polygl.
2773 3899 3060 3964 leguntur.

556 3985 793 4034 Residna
840 3987 1100 4036 versionis
1149 4001 1275 4051 pars
1321 3986 1363 4034 I.
1402 3986 1532 4050 Reg.
1574 3986 1784 4035 12—11.
1833 3985 1965 4051 Reg.
2005 3989 2087 4036 12.
2139 3991 2192 4036 et
2227 3977 2447 4036 Nehem.
2490 3989 2642 4048 1-9,
2679 3988 2761 4036 27.
2811 4003 2878 4035 ex
2931 3988 3064 4050 ipso

558 4072 843 4135 originario
880 4071 1094 4137 quidem
1128 4077 1281 4122 textu
1316 4087 1350 4121 a
1377 4071 1587 4122 Judaeo
1626 4073 1790 4122 ducta
1827 4077 1921 4134 est,
1960 4074 2230 4122 nonnullis
2269 4079 2448 4123 tamen
2481 4073 2614 4122 locis
2652 4073 2946 4123 Nehemias
2989 4089 3062 4121 ex

558 4156 789 4220 Syriacis
826 4157 1177 4223 interpolatus
1216 4164 1311 4210 est.
1372 4159 1564 4224 Itaque
1600 4175 1712 4209 non
1745 4175 1858 4208 una
1893 4165 1974 4209 est
2011 4161 2304 4224 eademque
2340 4160 2525 4208 horum
2561 4159 2846 4208 Librorum
2879 4161 3062 4208 inter-

555 4246 785 4309 pretatio
824 4239 1057 4307 arabica,
1096 4261 1235 4311 quae
1272 4247 1329 4296 in
1364 4245 1504 4296 Bibl.
1536 4246 1736 4312 polygl.
1761 4247 1982 4312 legitur3
2021 4247 2115 4298 sed
2153 4263 2182 4295 e
2219 4246 2460 4312 pluribus
2497 4247 2779 4295 admodum
2817 4247 3062 4295 diversis

555 4331 965 4381 translatoribus
1020 4334 1355 4382 concinnata.
1428 4333 1617 4382 Versio
1667 4334 1818 4383 Libri
1874 4333 2078 4384 Josuae
2135 4349 2200 4382 ex
2253 4333 2530 4395 Hebraeo,
2595 4332 3064 4398 Paralipomenon

558 4433 587 4466 e
626 4417 862 4481 Syriaco,
898 4419 1107 4468 Esdrae
1144 4436 1175 4468 e
1225 4419 1431 4469 Graeco
1482 4419 1627 4468 faeta
1663 4421 1718 4468 in
1765 4421 1953 4470 iisdem
2002 4419 2342 4484 Polyglottis‚
2394 4421 2544 4469 cuius
2588 4436 2715 4469 vero
2755 4425 2953 4468 auctor
3005 4423 3063 4468 et

557 4510 707 4553 aetas
742 4507 1031 4570 ignoratur.
1090 4506 1389 4572 Prophetae
1428 4504 1670 4555 translati
1705 4512 1830 4556 sunt
1867 4523 1895 4555 e
1932 4511 2081 4556 textu
2118 4506 2350 4570 Graeco,
2395 4509 2488 4572 qui
2525 4524 2644 4556 cum
2679 4507 3059 4556 Alexandrino

559 4590 741 4640 codice
778 4593 947 4656 magis
994 4594 1257 4654 convenit,
1302 4607 1463 4657 quam
1500 4607 1619 4642 cum
1657 4593 1936 4643 VaticanO.
