3309 5300
490 443 644 507 ·294
1208 454 1445 495 Commeat.
1476 454 1529 495 de
1558 456 1601 495 S.
1623 453 1833 504 scriptur.
1865 464 1957 504 cap.
1989 453 2094 493 tert.
2125 454 2232 493 sect.
2263 453 2295 493 1.

517 634 797 695 surrogata
832 633 927 678 est.
964 628 1087 678 Isai.
1126 632 1173 690 2,
1213 631 1260 678 3.
1299 632 1382 691 60,
1424 633 1469 679 1.
1507 632 1591 691 62,
1635 632 1680 678 1.
1743 628 2062 693 Prophetiae
2113 643 2252 693 quae
2304 628 2417 677 fata
2465 628 2647 677 mundi
2695 628 3024 677 describunt

515 716 604 766 vel
642 715 988 781 singularium
1039 716 1299 780 gentium:
1354 716 1700 778 Judaeorum,
1749 716 2150 780 Aegyptiorum,
2196 715 2547 779 Assyriorum,
2600 714 3020 774 Chaldaeorum,

515 804 905 864 Idumaeoru1n‚
960 802 1210 864 Arabum,
1269 802 1734 864 Philisthaeorum,
1799 802 2064 866 Syrorum,
2126 802 2501 863 Moabitarum,
2555 801 3020 862 Ammonitarum;

518 894 610 938 aut
666 904 1014 953 personarum
1078 889 1258 938 mundi
1319 889 1671 939 nobiliorum:
1732 887 2303 950 Nabuchodonosoris,
2367 888 2517 952 Cyri,
2574 888 2861 937 Alexandri
2919 887 3020 947 M„

516 975 967 1025 Machabaeorum
1024 980 1245 1025 eventus
1298 976 1630 1040 praedicunt.
1706 974 1881 1040 Saepe
1931 990 2026 1040 per
2080 975 2298 1024 nomina
2351 976 2605 1039 gentium,
2662 988 2800 1039 quae
2855 978 3024 1023 erant

516 1062 715 1127 populo
755 1062 925 1111 electo
962 1061 1213 1125 hostiles3
1264 1061 1565 1126 Prophetae
1604 1060 1908 1126 significant
1945 1076 2127 1111 omnes
2167 1061 2337 1110 omnis
2376 1062 2493 1110 aevi
2529 1061 2757 1126 populos
2798 1062 3021 1127 impios,

518 1148 857 1198 adversarios
892 1148 1175 1198 Ecclesiae
1212 1161 1245 1197 a
1282 1146 1495 1198 Christo
1533 1148 1874 1213 subigendos.
1925 1146 2060 1196 Coll.
2099 1148 2186 1197 Ps.
2227 1150 2275 1209 2,
2318 1149 2366 1197 8.
2405 1164 2446 1197 s.
2500 1149 2616 1209 109,
2655 1150 2702 1197 5.
2740 1163 2780 1197 s.

724 1236 919 1284 Veram
954 1234 1297 1300 Prophetiam
1334 1250 1367 1284 a
1402 1235 1541 1285 falsa
1578 1235 1834 1285 discernit
1868 1233 2356 1299 implementum
2393 1234 2722 1299 prophetiae.
2759 1236 2883 1285 Isai.
2923 1236 3020 1296 44,

520 1324 602 1371 22.
642 1321 762 1371 coll.
789 1322 943 1371 Num.
972 1324 1055 1384 23,
1085 1323 1165 1370 19.
1205 1322 1363 1371 Dent.
1394 1322 1474 1383 18,
1501 1323 1584 1371 21.
1623 1322 1712 1371 Ps.
1741 1322 1824 1383 32,
1851 1322 1900 1370 4.
1938 1320 2138 1385 Magna
2172 1322 2382 1370 interim
2418 1336 2476 1371 sc
2515 1320 2669 1370 offert
2703 1321 3021 1383 difficultas,

519 1424 640 1457 cum
687 1408 753 1457 de
800 1407 1139 1472 implemento
1197 1407 1526 1473 singulorum
1585 1408 1958 1457 vaticiniorum
2011 1407 2068 1456 in
2123 1409 2303 1472 specie
2354 1408 2664 1472 quaeritur?
2722 1408 3022 1457 Enimvero

519 1495 884 1544 Revelationis
914 1494 1335 1558 supernaturalis
1362 1494 1653 1544 adversarii
1679 1499 1898 1559 urgent:
1926 1494 2356 1559 quandoquidem
2377 1494 2786 1559 Prophetiamm
2809 1496 3022 1543 veritas

524 1598 589 1631 ex
620 1586 817 1631 eventu
843 1581 1177 1630 aestimanda
1214 1586 1319 1643 est3
1357 1580 1500 1629 unde
1531 1578 1625 1630 fiat
1651 1580 1796 1645 quod
1832 1579 2007 1629 multis
2045 1580 2346 1645 Prophetiis
2385 1586 2609 1630 eventus
2646 1596 2754 1630 non
2789 1596 3020 1646 respon-

523 1668 689 1717 deat?
725 1667 797 1717 Ut
836 1667 1075 1717 elevetur
1110 1668 1192 1717 vis
1227 1667 1385 1716 huius
1424 1668 1740 1717 obiectionis
1779 1667 2104 1732 distinguere
2141 1671 2352 1732 oportet
2387 1666 2732 1732 Prophetias;
2769 1672 2830 1716 ut
2866 1667 3018 1716 aliae

522 1754 877 1805 absolutae
928 1770 1045 1804 esse
1096 1758 1441 1817 censeantur3
1498 1752 1638 1803 aliae
1695 1768 1729 1803 a
1779 1754 2163 1803 conditione
2215 1754 2446 1819 quadam
2491 1759 2673 1818 aperte
2718 1754 2805 1802 vel
2849 1755 3023 1802 tacite

523 1856 779 1905 expressa
815 1855 1197 1905 suspensae.
1238 1839 1372 1889 Coll.
1410 1840 1607 1889 Jerem.
1647 1842 1729 1903 18,
1769 1832 1952 1890 7-“10.
1989 1840 2122 1889 Illas
2160 1856 2368 1905 semper
2402 1840 2610 1905 impleri
2647 1855 2865 1890 necesse
2905 1846 3023 1903 est3

522 1928 619 1977 has
658 1933 768 1976 tum
806 1926 1030 1989 demum,
1083 1928 1175 1976 ubi
1213 1926 1448 1977 conditio
1488 1942 1521 1975 a
1559 1942 1666 1992 qua
1702 1928 1938 1992 pendent
1971 1927 2148 1977 locum
2186 1927 2364 1977 habet.
2426 1928 2594 1977 Porro
2641 1928 3026 1976 observatione

526 2014 744 2079 dignum
771 2018 879 2063 est:
920 2014 1179 2062 eiusmodi
1216 2013 1573 2063 conditionem
1605 2015 1661 2061 in
1688 2013 2186 2063 comminationibus
2225 2015 2339 2063 sive
2377 2014 2814 2078 promissionibus
2850 2028 3023 2077 saepe

524 2100 1029 2165 subintelligendam
1074 2100 1240 2148 innui.
1295 2100 1360 2148 E.
1400 2115 1445 2149 c.
1483 2100 1606 2148 Isai.
1645 2101 1729 2161 38,
1770 2102 1815 2148 1.
1855 2116 1895 2149 8.
1933 2100 2056 2148 Jon.
2097 2102 2145 2161 3,
2184 2101 2232 2149 4.
2295 2100 2379 2148 Ex
2417 2100 2776 2165 singularibus
2816 2106 3021 2160 autem,

524 2186 841 2252 quibusdam
879 2185 1247 2236 accidentibus
1295 2185 1475 2250 colligi
1523 2191 1716 2250 potest,
1775 2176 1936 2250 quae'
1961 2186 2356 2250 praedictiones
2393 2188 2449 2235 in
2487 2202 2706 2235 censum
2754 2186 3022 2235 absolu-

525 2278 731 2321 tarum
779 2272 1094 2321 referendae
1147 2273 1270 2321 sint.
1329 2273 1588 2321 Nimirum
1635 2272 1706 2321 ad
1751 2271 1872 2320 illas
1921 2276 2195 2336 spectant:
2241 2286 2290 2321 a.
2341 2286 2437 2321 eae
2487 2273 2680 2337 quibus
2717 2272 3025 2337 singulares

525 2364 746 2408 eventus
784 2374 905 2408 cum
943 2360 1052 2409 suis
1081 2359 1493 2408 circumstantiis
1534 2364 1585 2407 et
1610 2356 1916 2408 definitione
1941 2358 2063 2421 loci,
2102 2360 2372 2423 temporis,
2411 2359 2555 2408 modi
2593 2364 2646 2408 et
2669 2372 3026 2423 personarum

524 2446 931 2495 annunciantur.
978 2446 1030 2494 b.
1078 2444 1161 2492 Ad
1198 2444 1542 2493 absolutas
1578 2449 1926 2495 numerantur
1961 2460 2118 2509 porro
2156 2443 2283 2494 illae
2315 2444 2653 2510 Prophetiae,
2692 2445 2886 2509 quibus
2934 2460 3026 2494 res

525 2530 930 2597 praedicuntur,
982 2546 1121 2596 quae
1158 2531 1213 2579 in
1250 2529 1415 2579 solius
1452 2530 1554 2579 Dei
1591 2546 1753 2579 manu
1791 2536 1951 2595 atque
2000 2532 2218 2580 arbitrio
2258 2535 2410 2594 sunt,
2457 2530 2710 2595 nullaque
2746 2531 3030 2580 hominum

530 2618 824 2668 mutatione
862 2618 1051 2667 mutari
1090 2632 1247 2682 posse
1284 2616 1463 2682 palam
1503 2622 1597 2667 est.
1636 2632 1682 2668 c.
1721 2616 1853 2667 Illae
1891 2632 2024 2683 quas
2062 2617 2210 2668 Deus
2249 2616 2580 2668 confirmavit
2615 2616 2894 2681 miraculo,
2936 2616 3030 2666 vel

524 2706 640 2754 iure
676 2705 919 2753 iurando.
956 2705 1081 2754 Isai.
1120 2706 1215 2766 54,
1265 2707 1314 2753 9.
1352 2705 1597 2769 Denique
1646 2704 1696 2753 d.
1736 2705 1930 2769 quibus
1979 2719 2045 2754 ea
2091 2705 2568 2769 praenunciantur,
2619 2719 2756 2769 quae
2809 2719 3027 2754 omnem

532 2796 746 2855 captum
786 2791 986 2854 ingenii
1022 2789 1241 2838 humani
1276 2789 1436 2855 longe
1474 2796 1760 2856 superant3
1799 2797 1852 2841 et
1887 2793 1943 2840 in
1977 2808 2035 2841 se
2071 2791 2425 2853 considerata,
2465 2793 2609 2840 omni
2644 2791 3029 2856 probabilitate

532 2882 585 2926 et
619 2876 1079 2926 verisimilitudine
1118 2877 1373 2926 destituta
1410 2882 1546 2926 sunt.
1597 2878 1722 2928 Isai.
1761 2881 1845 2940 44,
1885 2881 1932 2928 6.
1973 2881 2018 2927 7.
2057 2880 2141 2928 20.
2179 2881 2262 2927 21.
2301 2880 2384 2927 22.
2441 2878 2784 2939 Quorundam
2822 2878 3030 2926 Vatici-

530 2965 738 3013 niorum
774 2963 1171 3028 implementum
1209 2963 1439 3028 denique
1477 2964 1652 3013 adhuc
1693 2965 2081 3029 expectandum
2119 2970 2214 3014 est.

749 3049 831 3098 Ad
870 3053 1157 3098 extremum
1196 3049 1437 3098 addimus
1474 3053 1691 3099 nomina
1727 3050 2054 3116 Scriptorum
2098 3052 2188 3115 qui
2225 3051 2291 3099 de
2327 3050 2619 3116 Prophetia
2653 3056 2706 3100 et
2739 3050 3034 3116 Prophetis

531 3139 586 3185 in
613 3152 807 3202 genere
834 3137 946 3185 sive
973 3136 1145 3186 obiter
1171 3137 1285 3185 sive
1312 3151 1377 3184 ex
1402 3138 1643 3187 instituto
1671 3141 1920 3202 egerunt:
1959 3135 2096 3186 Sunt
2127 3137 2179 3186 S.
2205 3136 2484 3187 Thomas
2521 3137 2767 3202 Aquin.‚
2807 3137 3035 3186 Summa

540 3223 619 3284 ΙΙ,
671 3225 719 3272 2.
776 3239 826 3287 q.
873 3224 989 3272 171.
1041 3237 1082 3271 8.
1136 3223 1217 3271 ed.
1266 3223 1493 3272 Parmae
1546 3225 1696 3273 1853.
1747 3224 1854 3285 ΙΙΙ,
1903 3224 2020 3272 568.
2075 3240 2115 3273 8.
2156 3221 2507 3274 Cornelius
2558 3237 2592 3272 a
2637 3223 2920 3288 Lapide,
2973 3225 3034 3271 in

531 3309 828 3374 Prophetas
866 3310 1210 3374 prooemium,
1260 3324 1495 3358 canones
1532 3309 1804 3374 prophetis
1843 3309 2035 3358 faciem
2072 3309 2450 3374 praeferentes,
2493 3309 2692 3359 Comm.
2729 3311 2786 3358 in
2822 3309 3031 3374 Proph.

533 3395 657 3446 Mai.
696 3396 777 3445 ed.
815 3396 972 3444 Antv.
1013 3397 1164 3444 1676.
1204 3412 1254 3460 p.
1296 3397 1483 3445 1-41.
1529 3397 1594 3446 E.
1630 3397 1694 3445 L.
1734 3396 1804 3445 du
1843 3397 1988 3458 Pin,
2039 3396 2341 3461 Prolegom.
2387 3395 2421 3446 l.
2458 3396 2501 3458 I,
2542 3412 2585 3446 c.
2626 3399 2671 3445 1.
2708 3413 2759 3461 p.
2798 3397 3033 3445 34-46,

533 3483 598 3532 N.
637 3480 965 3543 Serarius,
1005 3481 1301 3546 Prolegom.
1341 3498 1385 3530 c.
1411 3484 1460 3531 4.
1488 3483 1537 3532 5.
1574 3498 1624 3547 p.
1655 3484 1737 3532 10.
1763 3499 1805 3532 s.
1855 3481 1916 3532 A.
1947 3498 1997 3531 v.
2025 3482 2217 3543 Dale,
2257 3483 2654 3532 dissertationes
2693 3483 2758 3532 de
2795 3495 2927 3532 vera
2965 3497 3036 3531 ac

536 3568 677 3618 falsa
712 3568 1019 3634 Prophetia.
1068 3567 1355 3618 Amstelod.
1398 3570 1547 3618 1696.
1597 3586 1647 3634 p.
1689 3570 1978 3619 187—360.
2041 3567 2100 3618 C.
2137 3569 2475 3634 Vitringa,
2523 3570 2704 3634 Typus
2750 3569 3034 3619 doctrinae

539 3655 903 3719 Propheticae
939 3655 1102 3704 iunct.
1141 3655 1205 3703 ei.
1244 3655 1582 3720 Hypotyposi
1618 3655 1758 3706 Hist.
1796 3659 1850 3704 et
1887 3653 2082 3705 Chron.
2121 3654 2172 3705 S.
2199 3655 2461 3706 Leovard.
2491 3657 2641 3705 1716.
2687 3656 2772 3704 Ei.
2813 3655 2946 3705 Obs.
2977 3653 3038 3704 S.

535 3741 627 3802 VI,
657 3743 737 3790 10.
776 3757 826 3805 p.
855 3742 972 3790 360.
999 3755 1041 3791 s.
1089 3741 1155 3790 N.
1196 3739 1487 3803 Gfirtler,
1525 3742 1657 3790 Voc.
1697 3746 1804 3806 typ.
1842 3741 2145 3806 Prophetic.
2185 3741 2322 3807 expl.
2348 3741 2569 3792 Amstel.
2600 3743 2748 3790 1721.
2787 3742 2839 3790 J.
2865 3742 2940 3790 H.
2967 3741 3036 3791 Gr.

538 3826 859 3891 Oarpzov,
898 3827 1226 3877 Introductio
1254 3828 1320 3877 ad
1346 3827 1510 3877 libros
1540 3827 1881 3893 propheticos
1907 3827 2202 3877 Bibliorum
2228 3829 2290 3877 V.
2317 3829 2380 3881 Τ.
2405 3828 2552 3893 Lips.
2583 3830 2731 3877 1721.
2756 3845 2809 3892 p.
2836 3829 3032 3877 1-87.

539 3915 752 3964 Herm.
778 3915 1080 3976 Witsius,
1105 3914 1457 3963 Miscellanea
1482 3913 1535 3964 S.
1562 3915 1605 3977 Ι,
1629 3916 1675 3963 1.
1701 3915 1949 3980 Lugdun.
1975 3915 2093 3964 Bat.
2125 3916 2274 3963 1726.
2303 3931 2353 3979 p.
2379 3916 2599 3964 1—318.
2637 3914 3036 3975 Lilienthal,

539 4001 624 4050 die
670 4005 796 4066 gnte
846 4000 1017 4050 Sache
1061 4001 1155 4050 der
1197 4000 1579 4066 Offenbarung.
1627 4001 1981 4065 Konigsberg.
2023 4001 2314 4050 1750-58.
2369 4001 2454 4050 W.
2493 4000 2714 4062 Smits,
2751 4001 2813 4053 L.
2852 4001 3040 4049 Exodi

538 4088 727 4138 elucid.
753 4087 908 4136 Antv.
938 4089 1087 4138 1757.
1125 4089 1166 4136 Ι.
1194 4087 1325 4153 prol.
1352 4104 1401 4152 p.
1428 4090 1512 4137 84.
1552 4105 1591 4137 s.
1646 4087 1705 4137 C.
1734 4088 1792 4136 A.
1821 4087 2120 4149 (husius,
2153 4087 2585 4152 Hypomnemata
2609 4087 2678 4136 ad
2703 4087 3038 4152 theologiam

538 4173 916 4238 propheticam.
953 4174 1101 4240 Lips.
1143 4175 1431 4224 1764-78.
1488 4174 1756 4239 Anonymi
1791 4174 1965 4240 Angli,
2003 4173 2148 4222 Bew.
2183 4188 2230 4222 a.
2258 4173 2307 4222 d.
2334 4189 2387 4222 u.
2414 4173 2609 4240 Proph.
2637 4175 2686 4224 d.
2715 4174 2764 4224 d.
2790 4174 2957 4223 Mess.
2983 4190 3038 4238 g.

538 4259 712 4309 Lond.
753 4262 903 4309 1819.
967 4259 1026 4309 C.
1064 4259 1125 4310 F.
1163 4259 1223 4308 A.
1260 4259 1695 4324 Engelmann,
1744 4260 1829 4309 die
1865 4259 2040 4309 wicht.
2078 4259 2271 4309 Weiss.
2312 4260 2361 4309 d.
2399 4261 2593 4325 Proph.
2630 4275 2680 4310 v.
2732 4261 2866 4310 Jesu
2908 4260 3038 4310 Chr.

539 4348 723 4413 Leipz.
753 4348 905 4396 1830.
942 4347 992 4396 J.
1019 4346 1221 4408 Beck,
1259 4347 1394 4395 iiber
1420 4346 1505 4397 die
1536 4347 1952 4412 Entwickelung
1975 4347 2086 4396 und
2109 4347 2463 4412 Darstellung
2491 4349 2586 4396 der
2609 4347 3040 4397 messianischen

539 4434 682 4484 Idee.
736 4434 1029 4482 Hannover
1081 4435 1230 4483 1835.
1281 4433 1341 4482 F.
1382 4433 1583 4496 Herd,
1634 4433 1943 4498 Erkliirung
1991 4433 2085 4483 der
2138 4435 2556 4484 messianischen
2599 4433 3034 4500 Weissagungen

538 4522 596 4568 in
632 4520 693 4568 A.
719 4520 779 4569 B.
806 4521 1071 4584 Regensb.
1112 4522 1261 4570 1838.
1299 4519 1361 4569 F.
1399 4521 1626 4570 Dierin
1639 4536 1779 4586 ger,
1821 4521 2029 4584 System
2067 4521 2159 4570 der
2196 4521 2342 4586 gottl.
2375 4520 2586 4570 Thaten
2623 4521 2718 4570 des
2759 4520 3038 4571 0111181811-

541 4606 730 4656 111111118.
792 4607 971 4658 Mainz
1024 4608 1173 4657 1841.
1227 4607 1269 4669 Ι,
1318 4609 1609 4659 297-328,
1682 4607 1741 4658 F.
1798 4606 2172 4670 Delitzsch,
2236 4608 2322 4658 die
2381 4607 3040 4676 biblisch·pr0phetische
