3309 5300
1220 436 1283 477 Do
1309 434 1591 477 versionibus
1618 436 1804 477 Latinis.
2630 421 2758 489 219

262 614 531 673 laborem
564 615 630 672 in
657 635 717 673 se
746 616 1063 691 suscipiens
1086 618 1183 675 vir
1212 616 1544 692 praeclarus
1574 615 1940 674 Alcuinus
1958 615 1996 689 ¹,
2031 616 2374 675 Versionem
2403 616 2654 675 latinam
2685 618 2759 674 ad

263 720 492 778 Textus
522 720 727 779 Sacros
756 722 1057 780 revocavit
1086 720 1343 780 veriores
1373 740 1439 779 ac
1468 722 1836 780 vetustiores.
1895 721 2052 797 Opus
2081 721 2147 779 in
2179 724 2332 800 quod
2361 722 2500 781 totis
2529 722 2758 779 viribus

260 826 561 896 incubuit,
603 826 843 883 iamiam
889 826 1220 885 absolutum
1260 826 1355 883 die
1392 825 1624 883 Natalis
1666 824 1906 884 Domini
1947 846 1999 885 a.
2036 830 2200 898 800„
2249 846 2364 904 quo
2407 826 2645 884 Carolus
2675 826 2758 884 M.

264 928 491 987 Romae
535 930 603 987 in
632 930 1057 1005 Imperatorem
1091 934 1427 1003 ungeretur,
1470 931 1680 988 Eidem
1723 934 2007 1008 tanquam
2051 931 2517 1006 acceptissimum
2545 950 2762 987 munus

262 1033 489 1091 obtulit
506 1030 547 1091 ².
614 1034 837 1092 Codicis
868 1033 1079 1093 Divini
1110 1054 1145 1092 a
1173 1026 1379 1092 Flacco
1410 1035 1665 1093 Alcuino
1695 1035 1940 1093 correcti
1981 1036 2316 1111 apographa
2345 1038 2418 1093 ab
2449 1034 2760 1092 industriis

260 1136 537 1195 librariis
567 1138 739 1210 facta,
774 1140 939 1197 brevi
971 1158 1076 1215 per
1104 1138 1391 1196 Ecclesias
1423 1145 1481 1197 et
1511 1142 1787 1197 coenobia
1816 1142 2034 1217 ubique
2065 1141 2523 1213 divulgabantur
2547 1137 2588 1197 3.

480 1242 590 1299 Sed
621 1262 823 1300 rursus
851 1242 1235 1301 librariorum
1265 1244 1513 1302 arbitrio
1564 1244 1631 1301 in
1654 1244 1882 1323 ‘multis
1927 1244 2362 1320 exemplaribus
2410 1246 2760 1302 conturbata

260 1348 411 1402 sunt
442 1348 669 1416 omnia3
711 1348 865 1403 unde
894 1346 1105 1405 Bibliis
1135 1348 1366 1406 Latinis
1398 1350 1617 1406 iterum
1647 1349 2058 1419 emaculandis,
2109 1368 2342 1424 operam
2385 1351 2582 1425 posuit
2633 1368 2756 1405 sae-

262 1449 403 1507 culo
446 1449 565 1508 XI.
611 1450 845 1509 labente
890 1450 949 1510 8.
980 1452 1439 1510 Lanfrancus
1485 1453 1975 1529 Archiepiscopus
2023 1453 2462 1511 Cantuariensis
2481 1452 2526 1511 4.
2592 1452 2754 1515 Quae

263 1674 467 1723 Utrum
504 1673 774 1724 difficilius
813 1680 905 1724 aut
942 1676 1111 1725 maius
1148 1676 1285 1725 foret
1318 1691 1515 1741 negare
1554 1676 1747 1727 Carolo
1784 1677 1856 1725 M.
1893 1677 2024 1742 Regi
2063 1677 2167 1727 sibi
2201 1679 2498 1742 imperanti,
2538 1692 2608 1726 an
2646 1677 2755 1726 effi-

266 1777 395 1810 cere
431 1762 504 1823 id,
544 1761 688 1826 quod
724 1763 963 1827 rogabat,
1008 1762 1100 1811 diu
1136 1762 1464 1828 multumque
1500 1762 1759 1813 Alcuinus
1797 1765 2098 1815 dubitasse!
2160 1765 2296 1813 Nam
2337 1781 2447 1814 non
2484 1765 2754 1829 obtempe-

266 1862 395 1898 rare
436 1849 502 1910 ei,
541 1850 630 1897 cui
655 1863 711 1897 se
739 1850 1067 1897 carissimum
1096 1864 1213 1899 esse
1238 1851 1517 1913 sentiebat,
1555 1853 1866 1915 praesertim
1893 1856 1946 1900 et
1969 1855 2157 1901 sancta
2180 1853 2382 1915 petenti
2409 1857 2461 1901 et
2485 1851 2764 1917 praeclara

267 1935 343 1984 ad
378 1936 662 1985 Ecclesiae
701 1934 1124 1986 aedificationem
1164 1938 1400 2001 cupienti
1448 1938 1637 1987 durum
1687 1939 1970 1988 admodum
2006 1940 2110 2003 ipsi
2152 1938 2458 2003 videbatur3
2510 1944 2562 1989 et
2597 1940 2763 1989 susci-

266 2038 402 2087 pere
442 2026 644 2071 tantam
680 2038 790 2072 rem
828 2028 1081 2088 quantam
1118 2040 1227 2072 non
1262 2024 1417 2075 modo
1455 2024 1711 2089 perficere
1751 2025 1965 2075 difficile
1997 2030 2124 2088 erat,
2163 2026 2258 2076 sed
2296 2026 2455 2075 etiam
2493 2026 2606 2075 eius
2647 2040 2763 2075 esse

270 2108 623 2171 existimavit,
674 2110 767 2175 qui
814 2111 1115 2159 universam
1163 2115 1372 2176 regeret
1418 2112 1734 2161 Ecclesiam.
1798 2113 1904 2162 Sed
1955 2114 2203 2177 quoniam
2253 2127 2287 2161 a
2321 2112 2468 2177 Rege
2510 2113 2763 2160 instatum

268 2195 397 2258 fuit,
446 2196 829 2245 instaurandae
868 2196 918 2245 S.
960 2195 1013 2247 S.
1050 2198 1289 2247 laborem
1327 2213 1609 2263 aggressus
1648 2204 1754 2261 est,
1795 2215 1903 2249 non
1937 2204 2046 2249 tam
2084 2199 2400 2249 absolvendi
2437 2214 2560 2263 spe,
2599 2213 2759 2263 quam

270 2282 585 2347 experiendi
622 2283 911 2333 voluntate.

492 2370 527 2435 ¹)
580 2371 676 2420 Uti
723 2364 991 2435 colligitur
1028 2387 1091 2420 ex
1130 2387 1210 2436 ep.
1248 2372 1460 2421 Alcuini
1503 2373 1572 2423 ad
1611 2371 1811 2422 Gislam
1851 2377 1902 2422 et
1941 2372 2278 2436 columbam,
2329 2389 2468 2439 quae
2515 2374 2764 2439 praemit-

270 2458 406 2505 titur
443 2457 509 2505 ei.
562 2456 760 2505 Comm.
796 2458 853 2505 in
881 2458 1077 2507 Joann.
1102 2458 1137 2507 1.
1165 2459 1253 2509 VI.
1282 2458 1381 2524 Op.
1410 2460 1491 2509 ed.
1516 2459 1774 2510 Frobenii
1809 2460 2014 2510 Ratisb.
2044 2461 2193 2510 1777.
2231 2462 2272 2509 Ι.
2300 2463 2346 2523 2,
2375 2462 2492 2511 591.
2546 2462 2766 2523 „Totius

270 2543 485 2603 forsan,
522 2545 720 2609 inquit,
768 2544 1055 2609 Evangelii
1093 2548 1477 2610 expositionem
1526 2547 1834 2597 direxissem
1871 2547 2050 2609 vobis,
2104 2548 2148 2597 si
2185 2564 2268 2596 me
2305 2564 2413 2597 non
2451 2552 2768 2611 occupasset

272 2630 498 2680 Domini
533 2631 697 2696 Regis
733 2637 1075 2698 praeceptum
1112 2634 1169 2682 in
1207 2633 1575 2684 emendatione
1600 2634 1808 2684 Veteris
1845 2635 2089 2700 Novique
2126 2625 2530 2684 Testamentist'
2569 2632 2609 2700 2)
2648 2634 2766 2684 Hac

270 2733 331 2766 re
390 2718 547 2766 simul
600 2717 860 2769 laetitiam
916 2735 1068 2770 suam
1118 2722 1185 2770 ob
1236 2721 1459 2786 adeptos
1508 2737 1680 2772 novos
1735 2721 1831 2771 abs
1883 2721 2076 2771 Carolo
2123 2721 2194 2771 M.
2245 2721 2474 2771 honores
2523 2725 2765 2772 testatus.

268 2804 547 2870 Loquitur
582 2804 686 2855 hac
723 2807 788 2854 de
826 2823 883 2856 re
922 2823 1005 2872 ep.
1047 2808 1161 2856 103.
1201 2807 1270 2856 ad
1306 2809 1373 2858 D.
1408 2809 1613 2874 Regem
1655 2808 1756 2874 Op.
1794 2809 1838 2858 Ι.
1878 2811 1925 2872 1,
1965 2810 2082 2859 154.
2141 2808 2280 2869 „Sed
2318 2809 2592 2874 quaerenti
2639 2807 2768 2858 mihi

270 2897 327 2941 et
382 2892 744 2944 consideranti
798 2893 930 2944 nihil
984 2895 1195 2960 dignius
1248 2895 1438 2946 honori
1489 2901 1668 2946 vestro
1722 2897 1952 2945 inveniri
2003 2911 2187 2960 posse,
2245 2911 2402 2961 quam
2449 2896 2767 2945 Divinorum

266 2995 503 3029 munera
537 2980 823 3030 Librorum
850 3018 862 3030 .
891 3018 903 3030 .
932 3018 944 3030 .
972 3019 985 3031 .
1014 2999 1146 3048 quos
1183 2985 1240 3032 in
1276 2985 1435 3033 unius
1474 2983 1753 3032 clarissimi
1801 2984 2038 3048 corporis
2088 2984 2429 3032 sanctitatem
2478 2997 2764 3043 connexos,

270 3069 441 3130 atque
481 3066 765 3132 diligenter
802 3068 1111 3120 emendatos
1148 3074 1357 3120 vestrae
1395 3070 1724 3120 clarissimae
1759 3069 2080 3118 Auctoritati
2105 3106 2117 3118 .
2145 3105 2158 3118 .
2185 3105 2198 3118 .
2226 3106 2238 3118 .
2265 3069 2491 3134 dirigere
2534 3070 2765 3117 curavi.“

268 3152 341 3201 Id
394 3153 539 3218 quod
594 3155 919 3218 praestiterit
974 3171 1038 3204 ex
1093 3156 1425 3221 autographo
1482 3156 1668 3206 codice
1721 3157 1890 3221 ipsius
1938 3155 2168 3218 Alcuini,
2225 3171 2385 3221 quem
2432 3155 2770 3204 Bibliotheca

268 3238 639 3290 vallicellana
660 3242 863 3291 Romae
901 3241 1133 3292 custodit
1167 3243 1302 3308 sign.
1329 3243 1365 3291 1.
1390 3243 1451 3293 B.
1478 3259 1529 3292 n.
1558 3244 1604 3292 6.
1632 3243 1988 3308 cognoscitur,
2027 3243 2180 3292 cuius
2218 3243 2512 3306 specimina
2549 3241 2770 3290 dederat

272 3326 332 3376 J.
360 3326 665 3389 Blanchini,
702 3328 861 3378 Vind.
900 3343 1018 3378 can.
1054 3328 1245 3394 Script.
1280 3329 1493 3394 Vulgat.
1530 3329 1651 3379 Lat.
1691 3329 1814 3378 edit.
1850 3329 2001 3378 Rom.
2033 3330 2182 3377 1740.
2220 3345 2270 3393 p.
2299 3330 2414 3377 322.
2444 3345 2485 3378 s·
2516 3357 2576 3366 -—
2603 3328 2768 3377 Plura

272 3413 351 3464 de
395 3412 625 3464 Alcuino
676 3414 904 3464 habent:
958 3415 1283 3477 Frobenius,
1340 3431 1527 3465 comm.
1577 3416 1644 3466 de
1693 3417 1786 3466 vit.
1835 3417 1900 3466 B.
1936 3415 2122 3464 Flacci
2167 3415 2348 3464 Albini
2401 3431 2499 3464 seu
2535 3414 2766 3476 Alcuini,

272 3502 418 3566 inpr.
444 3517 495 3550 n.
525 3503 609 3550 68.
637 3518 677 3551 s.
707 3500 806 3566 Op.
834 3502 875 3564 Ι,
906 3505 951 3551 1.
978 3517 1055 3568 pr.
1081 3518 1133 3567 p.
1160 3505 1243 3552 29.
1270 3519 1311 3553 s.
1350 3503 1489 3552 Hist.
1526 3501 1663 3552 liter.
1702 3502 1768 3552 de
1802 3502 1858 3552 la
1892 3502 2101 3551 France
2125 3502 2218 3564 IV,
2246 3503 2362 3552 295.
2398 3502 2486 3553 Fr.
2512 3501 2764 3563 Lorentz,

274 3587 506 3637 Alcuins
544 3589 749 3638 Leben.
799 3588 925 3637 Hal.
965 3590 1117 3638 1829.
1166 3589 1217 3639 J.
1255 3589 1318 3638 B.
1355 3589 1601 3651 Laforet,
1652 3589 1719 3638 de
1765 3588 1992 3638 Alcuino
2046 3589 2319 3638 literarum
2367 3590 2424 3638 in
2471 3588 2764 3638 Occidente

277 3679 661 3725 restauratore.
707 3675 915 3725 Lovan.
956 3677 1104 3726 1851.
1159 3675 1420 3738 Monnier,
1457 3675 1650 3725 Alcuin
1691 3680 1744 3725 et
1780 3692 1878 3726 son
1924 3676 2191 3724 influence
2235 3677 2312 3725 lit.
2363 3677 2484 3725 Par.
2525 3678 2676 3726 1853.
2705 3703 2768 3712 —-

274 3761 403 3811 Hoc
439 3767 621 3811 autem
658 3763 789 3812 satis
828 3763 1041 3828 cognito
1079 3761 1212 3811 illud
1248 3767 1455 3812 tantum
1492 3763 1559 3812 de
1596 3765 1802 3813 ratione
1838 3764 2251 3812 instauratorum
2277 3763 2344 3811 ab
2370 3761 2596 3811 Alcuino
2635 3761 2687 3810 S.
2716 3761 2768 3811 S.

276 3848 584 3899 Bibliorum
617 3849 928 3898 Latinorum
966 3849 1162 3899 addere
1200 3849 1407 3914 placet:
1452 3849 1646 3900 Albino
1685 3851 1899 3898 minime
1939 3865 2054 3898 eam
2091 3850 2258 3898 fuisse
2293 3853 2542 3911 mentem,
2577 3855 2638 3898 ut
2673 3863 2773 3898 sua

277 3935 604 4001 Archetypis
643 3936 1016 3998 conformaret,
1058 3936 1153 3986 sed
1188 3937 1565 4001 conquirendis
1602 3936 1841 4000 undique
1878 3936 2149 3985 Versionis
2188 3934 2238 3985 d.
2274 3935 2590 3999 Hieronymi
2625 3936 2770 3984 codi-

282 4023 453 4086 cibus,
491 4025 669 4088 iisque
708 4022 891 4073 sedulo
932 4023 1267 4074 conferendis
1304 4038 1556 4087 vacasse3
1595 4029 1653 4073 ut
1679 4037 1819 4088 quae
1856 4023 2134 4087 probanda
2171 4023 2273 4072 sibi
2311 4027 2452 4072 esset
2488 4023 2665 4085 lecti0,
2703 4038 2768 4071 ex

282 4126 467 4160 eorum
508 4109 629 4171 fide,
668 4111 760 4174 qui
795 4109 1027 4159 melioris
1064 4115 1223 4159 notae
1260 4109 1575 4172 viderentur,
1614 4109 1943 4159 decerneret.
2014 4109 2054 4174 3)
2093 4107 2489 4173 Angelomus
2541 4125 2680 4158 mon.
2721 4113 2774 4157 et

284 4198 421 4246 diac.
459 4197 819 4247 Luxoviensis
856 4195 921 4245 O.
948 4194 1000 4246 S.
1025 4198 1088 4246 B.
1114 4195 1343 4246 Alcuino
1380 4197 1493 4246 fere
1531 4211 1780 4258 coaevuS,
1819 4201 2098 4249 comment.
2135 4197 2192 4244 in
2231 4195 2424 4244 Genes.
2457 4197 2534 4256 16,
2565 4196 2646 4244 15.
2685 4209 2771 4258 ap.

284 4285 344 4334 B.
380 4285 630 4345 Pezium,
681 4283 837 4334 Thes.
887 4283 1145 4333 Anecdot.
1182 4285 1381 4334 noviss.
1421 4299 1543 4349 aug.
1581 4283 1738 4332 Vind.
1779 4285 1929 4332 1721.
1971 4283 2011 4332 1.
2054 4285 2109 4344 1,
2152 4283 2266 4332 148.
2317 4281 2525 4332 scribit:
2595 4281 2772 4346 „quod

283 4373 447 4421 Pater
482 4371 710 4421 Albinus
746 4372 803 4420 in
838 4369 1198 4432 Bibliotheca,
1248 4385 1405 4434 quam
1444 4369 1637 4420 Carolo
1688 4371 1916 4434 principi
1965 4370 2218 4430 correxit,
2271 4368 2414 4432 quod
2463 4383 2561 4418 nos
2613 4369 2771 4417 etiam

287 4458 457 4508 oculis
496 4457 775 4523 diligenter
811 4458 943 4507 inibi
983 4457 1330 4522 inspeximus,
1378 4457 1662 4523 emendare
1701 4457 1951 4506 curavit.“
2025 4456 2067 4521 ⁴)
2105 4455 2190 4504 De
2228 4471 2333 4520 quo
2373 4458 2614 4504 vetustus
2651 4454 2772 4503 Bio-

284 4545 550 4611 graphus,
600 4546 658 4594 in
703 4546 815 4594 vita
864 4560 908 4594 c.
960 4546 1043 4593 15.
1092 4543 1173 4593 ed.
1222 4543 1321 4608 Op.
1359 4545 1421 4593 L.
1458 4543 1712 4592 Dachcrii
1759 4543 1881 4593 Par.
1923 4543 2072 4592 1648.
2121 4558 2173 4606 p.
2223 4543 2304 4590 15.
2353 4546 2556 4590 narrat:
2603 4541 2776 4602 „Quia

286 4633 596 4702 scripturae
635 4631 960 4702 Scriptorum
995 4633 1126 4684 vitio
1177 4635 1329 4683 erant
1372 4631 1591 4683 nimium
1640 4634 1940 4696 corruptae,
1990 4644 2172 4680 omnes
2222 4634 2332 4680 tam
2370 4629 2576 4680 Veteris
2613 4643 2772 4696 quam
