3309 5300
545 399 675 466 250
1254 414 1489 455 comment.
1520 413 1573 455 (16
1602 414 1645 455 S.
1669 414 1824 465 Script.
1855 426 1949 465 cap.
1980 424 2066 455 sec.
2097 415 2224 455 tract.
2253 414 2310 455 11.

542 604 677 655 puas
724 589 1197 655 machina-tiones⁰,
1244 590 1516 641 molimina
1573 589 1855 640 Societatis
1905 590 2254 641 Americanae
2303 592 2360 640 in
2407 589 2568 640 Italia
2598 596 2732 640 -atro
2783 592 3040 655 stigmate

543 681 707 726 notat.
769 678 1042 727 Postremo
1090 680 1411 729 auctoritate
1457 692 1664 727 summa
1706 680 1852 743 ipsas
1901 677 2224 739 Societates,
2271 692 2378 742 qua
2424 677 2663 743 religioni
2701 677 3040 743 perniciosas

544 763 818 813 damnavit
851 763 1153 815 Ecclesiam
1178 765 1284 813 Dei
1320 764 1551 829 gloriose
1589 764 1894 829 gubernans
1933 764 1984 813 S.
2009 765 2077 813 D.
2105 765 2168 813 N.
2205 762 2396 813 PIUS
2433 764 2493 813 P.
2519 765 2611 813 IX.
2639 767 2688 813 9.
2714 765 2851 815 Nov.
2881 766 3039 813 1846.

446 884 457 894 -
545 856 597 900 61
646 852 693 899 8.
744 852 874 900 Dec.
927 853 1077 901 1849.
1152 852 1536 901 Condemnatio
1588 857 1641 901 et
1689 851 2003 916 proscriptio
2053 849 2349 899 Bibliorum
2405 852 2668 900 eiusmodi
2714 851 3041 917 applausum

542 938 643 987 fert
688 939 921 988 omnium
966 940 1198 988 virorum
1246 940 1599 989 cordatorum.
1645 939 1711 989 V.
1757 938 1845 986 Fr.
1894 938 1964 985 (16
2009 936 2116 986 Sal.
2155 938 2206 987 d.
2244 937 2278 987 l.
2325 938 2396 987 Μ.
2434 935 2702 1001 Penelon,
2749 938 2906 988 lettre
2946 954 3042 987 sur

541 1024 596 1073 la
630 1024 832 1074 lecture
869 1025 935 1074 (16
971 1023 1005 1073 1’
1029 1026 1255 1075 ecriture
1294 1028 1465 1075 sainte
1504 1042 1571 1074 en
1605 1025 1804 1089 langue
1839 1023 2098 1088 vulgaire.
2146 1025 2268 1073 Par.
2310 1026 2461 1075 1791.
2497 1053 2565 1061 --
2603 1041 2668 1073 ex
2703 1025 3038 1075 Acatholicis

540 1112 747 1173 Kaiser,
786 1111 923 1160 auch
960 1117 1123 1161 etwas
1161 1129 1205 1161 z.
1244 1112 1517 1176 Beberzig.
1557 1112 1592 1161 f.
1632 1111 1681 1159 d.
1718 1127 1758 1160 s.
1786 1112 1836 1159 b.
1875 1110 2309 1175 Bibelgesellsch.
2348 1112 2551 1161 Niirnb.
2593 1112 2744 1161 1815.
2782 1117 2836 1162 et
2871 1112 2924 1161 J.
2967 1110 3036 1160 G.

544 1197 870 1261 SchulthesS,
909 1197 1218 1264 geschichtl.
1255 1204 1305 1248 ii.
1342 1197 1520 1247 Bibel-
1558 1198 1668 1247 und
1705 1198 2106 1263 TractatengeS.
2147 1199 2266 1247 Ziir.
2309 1199 2458 1248 1861.
2495 1227 2561 1235 -
2596 1199 2659 1247 F.
2701 1197 2762 1248 G.
2801 1197 3038 1248 Sonder-

542 1301 721 1348 mann,
771 1285 836 1335 (16
874 1286 1201 1335 Societatum
1246 1285 1407 1350 vulgo
1443 1284 1770 1335 Biblicarum
1808 1283 2059 1334 consiliis.
2101 1284 2342 1334 Olomuc.
2385 1287 2533 1335 1818.
2585 1285 2646 1335 C.
2684 1286 3032 1347 Mezzofanti,

546 1387 631 1437 ap.
670 1372 983 1434 Mellinium,
1020 1372 1195 1421 Instit.
1233 1371 1360 1422 bibl.
1402 1371 1482 1421 ed.
1522 1388 1571 1437 g.
1609 1372 1744 1420 Bon.
1785 1373 1936 1421 1855.
1974 1389 2025 1437 p.
2062 1374 2142 1421 71.
2195 1372 2572 1437 Copiosissime
2611 1374 2844 1421 omnium
2880 1373 2934 1422 J.
2971 1373 3037 1421 B.

540 1458 743 1521 Ma10u‚
784 1460 879 1509 das
905 1459 1211 1509 Bibellesen
1250 1461 1303 1507 in
1343 1459 1435 1508 der
1460 1458 1874 1524 Volkssprache.
1914 1458 2148 1508 Schaffh.
2181 1460 2331 1507 1849.
2381 1459 2477 1509 Isti
2515 1458 2730 1525 quidem
2767 1459 3038 1523 Theologi

546 1546 749 1595 erudite
799 1545 1092 1595 defendunt
1126 1546 1228 1594 hac
1264 1547 1321 1594 16
1356 1562 1413 1594 re
1452 1546 1746 1595 doctrinam
1793 1545 2072 1595 Ecclesiae
2113 1545 2424 1595 Catholicae
2472 1562 2536 1594 ex
2584 1548 2860 1611 principiis
2905 1548 3036 1597 suis.

540 1632 883 1698 Argumenta,
921 1634 1111 1697 quibus
1138 1637 1357 1681 utuntur
1396 1632 1464 1682 ad
1498 1632 1870 1681 vindicandam
1908 1632 2094 1681 horum
2132 1634 2510 1697 principiorum
2549 1634 2842 1695 veritatem,
2882 1647 3038 1683 enar·

541 1734 689 1783 rare3
738 1735 839 1768 nec
875 1719 1032 1769 huius
1070 1719 1176 1768 1661
1213 1725 1307 1780 est,
1357 1734 1457 1767 nec
1495 1735 1629 1783 opus
1670 1724 1778 1767 est:
1826 1718 2084 1783 siquidem
2122 1735 2219 1768 nos
2255 1719 2343 1767 hic
2379 1720 2744 1769 Traditionem
2777 1721 3035 1769 Divinam

539 1810 753 1871 praeter
785 1806 835 1855 S.
866 1806 918 1855 S.
947 1808 1190 1868 existere,
1227 1806 1533 1871 fontemque
1572 1805 1798 1855 alterum
1828 1804 2191 1856 Revelationis
2218 1808 2384 1871 magis
2412 1810 2654 1873 pervium
2691 1808 3037 1869 constituere,

540 1896 724 1941 notum
760 1908 878 1942 esse
915 1894 1175 1957 ponimuS.
1232 1891 1373 1941 Illud
1410 1892 1566 1941 modo
1604 1893 1792 1958 paucis
1830 1892 2092 1941 subiicere
2131 1893 2402 1943 volumus:
2439 1894 2741 1943 Ecclesiam
2779 1910 2846 1942 ex
2881 1894 3034 1942 insti-

539 1979 746 2028 tutione
787 1979 1118 2029 Divinissimi
1170 1978 1461 2028 Salvatoris
1513 1984 1566 2027 et
1608 1978 1986 2043 Apostolorum
2025 2009 2085 2015 —-
2130 1981 2217 2027 cui
2262 1982 2319 2028 ni
2368 1985 2533 2029 staret
2582 1979 2862 2029 Catholica
2913 1995 3034 2031 esse

542 2066 821 2115 desineret.
849 2095 915 2101 ——
942 2066 994 2115 S.
1024 2066 1321 2131 Scripturas
1360 2080 1467 2130 qua
1499 2067 1714 2115 unicum
1740 2066 2105 2115 Revelationis
2146 2066 2397 2115 divinitus
2427 2066 2586 2116 datae
2624 2069 2826 2117 fontem
2863 2083 3029 2132 agno-

540 2168 705 2215 scere,
744 2158 905 2218 atque
932 2168 1085 2201 usum
1112 2154 1227 2201 eius
1253 2152 1402 2201 nulla
1426 2151 1545 2217 lege
1578 2154 1876 2202 restrictum
1915 2153 2210 2202 concedere
2245 2154 2387 2202 haud
2424 2169 2599 2219 posse.
2652 2154 3032 2219 Consequitur,

538 2241 643 2290 hoc
691 2255 756 2289 ex
798 2240 1179 2302 axiomatibus,
1231 2240 1648 2307 quae-probare
1697 2240 1955 2288 incumbit
2004 2239 2334 2304 Theologiae
2385 2258 2434 2305 q.
2472 2257 2524 2289 v.
2567 2241 3036 2306 Dogmaticae:

542 2328 593 2377 S.
633 2327 933 2393 Scripturas
970 2343 1078 2376 non
1113 2326 1235 2375 ideo
1275 2331 1519 2375 exaratas
1559 2342 1694 2389 esse,
1741 2332 1800 2375 ut
1837 2327 2154 2391 completam
2193 2327 2316 2376 fidei
2354 2332 2514 2394 atque
2552 2344 2756 2377 morum
2792 2344 3035 2377 normam

541 2414 806 2464 exhibeat.
874 2414 989 2462 1166
1038 2414 1265 2463 Divinas
1310 2414 1522 2463 Literas
1572 2414 1628 2462 in
1676 2412 1916 2478 plurimis
1966 2413 2098 2462 locis
2148 2429 2264 2463 esse
2314 2414 2598 2478 obscuras3
2655 2415 2711 2463 in
2764 2414 3037 2479 aliquibus

539 2518 668 2551 vero
709 2502 971 2567 capitibus
1009 2500 1167 2550 facile
1216 2514 1493 2565 perperam
1544 2516 1664 2549 cum
1714 2502 1941 2550 maximo
1981 2500 2172 2550 damno
2211 2501 2466 2565 explicari
2501 2517 2678 2566 posse.
2745 2504 2826 2551 Ex
2864 2502 3038 2551 altera

540 2592 693 2654 parte
728 2588 901 2654 ipsam
934 2587 1236 2637 Ecclesiam
1275 2586 1603 2637 Catholicam
1645 2586 1698 2635 S.
1731 2586 2057 2652 Scripturam
2094 2586 2309 2653 legendi
2347 2594 2397 2637 et
2433 2589 2697 2638 retinendi
2733 2590 2833 2639 sub
2873 2590 3036 2638 certis

543 2676 935 2726 conditionibus
990 2677 1149 2725 etiam
1201 2675 1385 2724 Laicis
1441 2675 1737 2724 concedere
1791 2674 2018 2724 vidimus
2067 2693 2119 2740 p.
2170 2678 2289 2730 242,
2360 2676 2630 2743 Perpetua
2681 2676 3036 2726 Ecclesiae

542 2777 701 2812 cura
746 2763 923 2812 circa
969 2762 1329 2812 Versiones
1378 2763 1441 2810 in
1492 2762 1743 2827 linguis
1791 2761 2202 2827 vulgaribus,
2249 2779 2344 2828 per
2393 2778 2526 2828 quas
2577 2768 2720 2813 certe
2769 2781 2878 2814 non
2923 2769 3037 2813 tam

539 2849 864 2916 indigentiae
920 2849 1063 2899 Cleri
1118 2865 1276 2915 quam
1330 2849 1615 2898 Laicorum
1673 2864 1980 2898 succurrere
2037 2849 2226 2913 voluit,
2289 2850 2390 2900 hoc
2450 2851 2589 2901 idem
2651 2851 2772 2900 luce
2835 2851 3036 2901 clarius

541 2936 968 2988 demonstrat.
2208 2936 2216 2942 '

749 3069 882 3130 Quis
931 3069 1033 3119 hoc
1081 3067 1286 3118 inficias
1334 3069 1411 3118 ire
1462 3070 1627 3131 ausit,
1683 3070 1775 3134 qui
1823 3069 2110 3118 attenderit
2147 3070 2198 3119 S.
2238 3070 2290 3120 S.
2329 3075 2532 3120 mature
2582 3073 2638 3120 in
2688 3086 2870 3121 omnes
2918 3071 3033 3120 fere

538 3157 749 3222 linguas
799 3171 1127 3206 conversam.
1186 3156 1410 3204 Fatetur
1456 3155 1512 3204 id
1559 3157 1736 3221 ipsum
1785 3156 1989 3221 Anglus
2038 3156 2090 3205 J.
2135 3157 2472 3220 Usserius,
2526 3158 2590 3207 de
2642 3158 2930 3222 Scripturis
2981 3162 3040 3206 et

540 3245 707 3295 sacris
754 3243 1071 3293 vernaculis.
1120 3260 1172 3308 p.
1212 3243 1329 3292 155.
1374 3243 1490 3292 158.
1530 3244 1644 3292 172.
1678 3245 1801 3292 221.
1849 3259 1890 3292 s.
1941 3247 1994 3292 et
2039 3243 2104 3292 E.
2141 3244 2380 3306 Reuss,
2433 3244 2518 3293 die
2568 3243 2891 3294 Geschichte
2940 3245 3040 3292 der

539 3331 590 3380 h.
631 3330 897 3382 Schriften
932 3331 997 3380 N.
1035 3331 1096 3379 Τ.
1133 3329 1429 3381 Braunsch.
1470 3329 1551 3379 ed.
1577 3346 1627 3394 q.
1658 3330 1810 3379 1864.
1848 3347 1901 3396 p.
1927 3332 2046 3390 472.
2086 3347 2114 3379 6
2153 3335 2310 3380 666111
2348 3330 2794 3381 Acatholicorum.
2856 3331 3036 3392 Quam

539 3418 795 3484 plurimas
828 3419 968 3483 typis
995 3416 1305 3481 descriptas,
1344 3416 1439 3466 sed
1466 3422 1520 3466 61
1547 3418 1940 3483 manuscriptas
1977 3416 2353 3467 translationes
2381 3417 2434 3468 S.
2460 3417 2757 3468 Bibliorum
2793 3433 3036 3484 germa-

540 3506 724 3555 nicas
764 3508 915 3554 ante
952 3509 1250 3569 tempora
1284 3502 1510 3552 Lutheri
1535 3504 1840 3566 existentes,
1879 3505 2170 3554 recensitas
2195 3503 2374 3569 legere
2400 3504 2525 3554 licet
2559 3506 2616 3553 in
2638 3505 2691 3554 J.
2717 3505 3038 3566 Kehrein,

541 3610 586 3642 z.
627 3591 818 3643 Gesch.
859 3592 909 3641 d.
948 3590 1186 3642 deutsch.
1224 3589 1669 3640 Bibeliibersetzt.
1715 3606 1813 3639 vor
1848 3589 2069 3640 Luther.
2117 3589 2312 3655 Stuttg.
2353 3593 2504 3641 1851.
2551 3609 2601 3657 p.
2644 3593 2724 3641 19.
2761 3609 2803 3642 s.
2863 3591 2931 3640 In
2974 3607 3037 3640 se

538 3681 701 3745 igitur
724 3696 833 3729 666
856 3680 1126 3746 improbat
1160 3677 1411 3728 Ecclesia
1445 3678 1730 3727 conamina
1767 3693 1964 3740 eorum,
2004 3677 2094 3742 qui
2133 3677 2350 3726 Sacram
2389 3677 2716 3744 Scripturam
2741 3679 2797 3728 in
2820 3679 3036 3744 linguas

540 3767 787 3833 vulgares
825 3767 1178 3829 transferant3
1217 3780 1317 3814 nec
1353 3765 1456 3814 nisi
1488 3764 1782 3814 adversarii
1820 3764 2074 3826 eiusdem,
2112 3768 2170 3813 ut
2207 3764 2492 3813 cavillandi
2531 3780 2715 3814 ansam
2753 3764 3036 3828 haberent,

540 3854 687 3903 illam
725 3869 757 3904 a
782 3853 1027 3919 pluribus
1064 3854 1171 3901 iam
1209 3851 1441 3901 saeculis
1478 3850 1687 3927 fidelem
1725 3850 1981 3916 populum
2019 3866 2053 3900 a
2078 3849 2130 3900 S.
2158 3850 2548 3916 Scripturamm
2583 3851 2814 3902 lectione
2851 3867 3037 3901 arcere

542 3941 740 3990 dicunt.
791 3939 924 3989 Cum
963 3944 1144 3988 tamen
1179 3938 1336 4005 plura
1362 3944 1569 3989 exstent
1600 3937 1894 4004 eademque
1929 3938 2356 3990 luculentissima
2392 3939 2712 3988 documenta
2747 3938 3037 4003 singularis

542 4027 667 4090 zeli,
718 4043 821 4092 quo
868 4027 1253 4076 recentioribus
1300 4026 1432 4090 ipsis
1477 4023 1805 4090 temporibus
1853 4025 1905 4074 S.
1942 4025 2230 4076 Pontifices
2279 4030 2441 4091 atque
2477 4027 2735 4092 Episcopi
2772 4027 2857 4075 usi
2895 4029 3036 4087 sunt,

539 4120 600 4163 ut
635 4113 1029 4164 Catholicorum
1070 4117 1255 4178 gentes
1293 4113 1360 4162 ad
1397 4112 1503 4161 Dei
1540 4112 1755 4178 eloquia
1791 4113 1988 4178 scripta
2025 4116 2078 4162 61
2115 4113 2312 4163 tradita
2351 4113 2642 4178 impensius
2682 4112 3036 4161 erudirentur.

541 4202 658 4262 Quo
686 4202 941 4266 imprimis
967 4203 1233 4266 pertinent
1256 4201 1543 4250 Versiones
1571 4201 1637 4248 ab
1666 4199 1914 4250 Ecclesia
1939 4202 2298 4266 approbatae:
2339 4199 2734 4248 Germanica
2769 4197 3037 4259 Allioli,

540 4288 715 4338 Itala
749 4289 1044 4352 Martini,
1080 4288 1467 4352 Hungarica
1502 4283 1728 4349 Kaldi,
1766 4286 2094 4337 Polonica
2130 4286 2385 4351 &Vujek

748 4419 1159 4500 Ad.extremum
1196 4419 1483 4483 praeterire
1520 4417 1766 4467 nolumus
1801 4417 1986 4479 verba,
2023 4431 2164 4482 quae
2199 4418 2353 4466 Pius
2382 4417 2470 4466 VI.
2495 4416 2555 4465 P.
2591 4417 2673 4465 16.
2709 4414 2836 4480 Apr.
2879 4417 3033 4466 1778.

540 4505 737 4556 Abbati
771 4506 1003 4556 Antonio
1039 4505 1257 4554 Martini
1287 4533 1354 4542 —
1386 4506 1479 4570 qui
1514 4509 1704 4570 postea
1739 4503 2187 4570 Archiepiscopus
2223 4504 2566 4554 Florentinus
2604 4508 2818 4552 creatus
2857 4507 2940 4552 est
2969 4531 3036 4538 —

540 4594 854 4664 scripserat:
895 4593 1168 4661 „optime
1205 4592 1441 4660 sentis,
1480 4593 1535 4642 si
1577 4591 1824 4646 Christi
1859 4591 2102 4647 fideles
2139 4591 2606 4648 adlectionem
2640 4590 3039 4646 Divinarum
