3309 5300
976 389 1115 440 Super
1139 387 1309 429 ratione
1337 387 1499 428 Textus
1528 387 1580 428 N.
1610 388 1670 432 F„
1689 387 1857 430 critica.
1940 427 1945 434 ,
2536 375 2659 436 107

202 563 570 629 Hesychium
608 562 845 612 laudat
882 567 1231 612 auctorem.
1307 561 1930 627 Constantinopolis
1969 577 2176 626 usque
2211 561 2659 623 Antiochiam,

200 650 453 704 Luciani
486 651 810 714 martyris
848 649 1249 714 exemplaria
1282 649 1535 714 probat.
1608 648 1866 698 Mediae
1903 649 2077 697 inter
2110 648 2230 697 has
2267 649 2662 713 provinciae

199 736 601 791 Palaestinos
641 734 914 785 codices
951 736 1208 800 legunt3
1264 751 1427 800 quos
1464 734 1541 784 ab
1581 734 1869 799 Origene
1907 734 2290 785 elaboratos
2326 735 2660 786 Eusebius

201 833 252 876 et
296 820 679 886 Pamphilus
736 822 1209 887 vulgaverunt,
1265 826 1575 886 totusque
1631 822 1809 871 orbis
1863 821 1983 870 hac
2036 822 2210 871 inter
2260 836 2326 870 se
2373 821 2662 870 trifaria

202 912 506 962 varietate
546 924 575 956 c
588 923 685 956 om
698 925 736 973 p
747 923 783 956 ιι
794 924 874 973 gn
888 911 983 958 at“
1003 925 1015 957 ε
1054 909 1317 957 arbitratu
1356 923 1453 957 suo
1490 907 1560 956 ad
1594 909 1902 958 universum
1929 906 2182 957 Codicem
2219 905 2440 956 Sacrum
2474 907 2542 957 U.
2568 908 2628 956 T.
2642 925 2656 971 3

198 1005 420 1062 tanquam
457 995 555 1044 abs
587 993 673 1044 his
701 996 990 1045 triumviris
1026 996 1362 1056 recensitum,
1392 1000 1445 1044 et
1469 1011 1565 1059 per
1589 995 1768 1044 varias
1805 993 1987 1043 mundi
2022 995 2268 1059 regiones
2305 999 2657 1059 propagatum

200 1081 451 1134 transtulit.
498 1080 652 1130 Idem
690 1097 851 1146 porro
890 1082 1103 1130 criticus
1142 1081 1355 1130 codices
1392 1095 1515 1130 mss.
1554 1081 1842 1146 dispiciens
1881 1076 2002 1143 ,,τὴν
2040 1076 2202 1144 κοινὴν
2240 1075 2462 1128 ἔκδοσινίί
2499 1081 2657 1129 inter·

200 1168 522 1236 polationibus
573 1171 816 1217 attamen
864 1167 1131 1217 foedatam
1180 1168 1235 1216 in
1286 1167 1401 1217 cod.
1438 1169 1507 1217 D.
1542 1168 1605 1220 E.
1645 1167 1707 1216 F.
1747 1166 1809 1217 G.
1822 1185 1836 1231 3
1891 1165 2147 1230 Hesychii
2194 1167 2558 1216 recensionem
2603 1168 2662 1215 in

199 1259 248 1306 A.
280 1255 334 1303 Β.
371 1253 427 1306 C.
463 1254 527 1303 L.
541 1271 555 1317 3
594 1254 832 1303 Luciani
867 1256 923 1303 in
960 1256 1204 1304 omnibus
1243 1255 1353 1304 fere
1391 1269 1513 1304 mss.
1551 1253 1708 1303 litera
1743 1253 2042 1303 minuscula
2079 1253 2339 1302 distinctis
2352 1270 2366 1316 3
2414 1251 2660 1318 Origenis

199 1347 245 1392 in
264 1339 599 1390 translatione
623 1340 956 1402 Philoxenis,
982 1341 1085 1390 sibi
1120 1340 1381 1390 detexisse
1408 1341 1554 1390 visus
1582 1345 1678 1390 est.
1723 1339 1828 1390 Sed
1855 1341 2095 1405 quamvis
2122 1339 2171 1389 d.
2197 1340 2277 1388 Hi
2291 1355 2318 1388 e
2331 1355 2356 1388 r
2366 1355 2398 1388 o
2410 1356 2445 1388 n
2456 1355 2551 1403 ym
2564 1355 2599 1389 u
2609 1355 2659 1401 s,

202 1429 257 1478 ad
278 1428 556 1476 Damasum
583 1427 756 1490 praef.
781 1428 838 1475 in
864 1431 1007 1492 quat.
1033 1428 1133 1476 Ev.
1154 1428 1219 1489 X,
1248 1429 1363 1477 661.
1390 1431 1641 1476 testetur:
1683 1427 2184 1488 „Praetermitto
2224 1441 2333 1475 eos
2371 1441 2442 1475 co
2456 1424 2632 1478 dices
2646 1462 2659 1487 ,

201 1530 341 1581 quos
386 1527 419 1562 a
463 1511 789 1562 Luciano
840 1517 905 1562 et
953 1513 1006 1562 H
1026 1513 1308 1578 esychio
1365 1517 1839 1578 nuncupatos,
1895 1527 2270 1578 paucorum
2320 1512 2660 1561 hominum

202 1601 433 1651 asserit
474 1616 509 1664 p
527 1614 821 1650 erversa
858 1600 1252 1664 contenti03
1307 1600 1556 1664 quibus
1605 1601 1833 1664 utique
1879 1615 1998 1648 nec
2045 1601 2110 1648 in
2143 1600 2377 1648 Veteri
2411 1599 2659 1648 Instru-

200 1691 383 1738 mento
417 1689 573 1750 post
608 1685 781 1735 LXX.
828 1687 1260 1751 interpretes
1310 1685 1676 1735 emendare
1715 1686 1876 1751 quid
1921 1686 2155 1749 licuit,
2201 1701 2326 1734 nec
2361 1687 2428 1736 in
2464 1685 2651 1734 Novo

201 1789 295 1840 pro
306 1773 424 1821 fuit
458 1787 487 1820 e
501 1787 553 1819 m
565 1787 594 1820 e
606 1788 647 1819 n
658 1772 693 1820 d
704 1786 773 1820 as
784 1789 809 1822 s
821 1776 900 1821 e.“
928 1801 993 1808 —
1022 1771 1158 1822 coll.
1186 1770 1251 1822 de
1282 1774 1379 1821 vir.
1404 1772 1478 1821 ill.
1507 1789 1550 1820 c.
1582 1772 1853 1821 LXXVII.
1880 1789 1930 1837 p.
1960 1774 2075 1821 168.
2103 1772 2222 1821 adv.
2248 1771 2370 1822 Ruf.
2395 1772 2465 1834 11,
2491 1773 2574 1821 27.
2601 1788 2653 1837 p.

201 1862 297 1910 522.
327 1885 385 1894 —-
413 1858 580 1907 Porro
622 1873 747 1907 cum
791 1857 1060 1907 decretum
1102 1857 1149 1908 G
1162 1874 1190 1906 e
1201 1857 1220 1907 l
1232 1872 1300 1908 as
1311 1859 1357 1906 ii
1400 1873 1442 1908 s.
1480 1874 1525 1907 c.
1564 1875 1614 1922 p.
1656 1860 1738 1908 75.
1784 1858 1998 1908 damnet
2039 1863 2093 1908 et
2133 1859 2361 1910 reiiciat:
2410 1859 2487 1919 „E
2501 1874 2536 1907 v
2551 1872 2584 1907 a
2597 1874 2654 1906 n-

202 1946 349 2011 gelia
382 1959 543 2010 quae
582 1945 866 1994 falsavit
900 1945 1265 2006 Lucianus,
1292 1946 1661 2010 Evangelia
1693 1961 1857 2010 quae
1894 1945 2175 1995 falsavit
2209 1945 2659 2010 Hesychius“;

201 2033 335 2080 liceat
365 2031 533 2091 nobis,
573 2031 753 2080 donec
781 2032 1008 2081 certiora
1044 2036 1357 2096 argumenta
1392 2033 1511 2096 quis
1548 2032 1753 2091 afferat,
1795 2033 1952 2081 etiam
1989 2032 2056 2081 de
2093 2033 2402 2082 recensione
2441 2046 2571 2081 cura
2607 2035 2662 2082 et

204 2118 358 2168 labore
381 2117 613 2190 Luciani
640 2123 697 2166 et
718 2117 977 2182 Hesychii
1014 2117 1275 2167 adornata
1308 2117 1547 2168 modeste
1585 2119 1846 2168 dubitare.
1907 2119 2206 2168 Lucianum
2243 2124 2296 2168 et
2327 2118 2659 2182 Hesychium

204 2206 424 2253 maiorem
478 2218 643 2268 quam
700 2203 984 2269 Origenem
1040 2205 1096 2253 in
1152 2203 1493 2254 conficiendis
1556 2205 1945 2271 exemplaribus
1999 2206 2064 2255 N.
2113 2205 2175 2254 Τ.
2232 2205 2498 2255 licentiam
2559 2206 2662 2254 sibi

204 2293 437 2352 sumsisse,
476 2295 530 2339 et
564 2291 775 2340 minore
813 2307 930 2339 cum
956 2306 1211 2341 successu
1246 2290 1301 2339 id
1338 2292 1526 2355 egisse,
1566 2307 1595 2340 e
1619 2292 1936 2342 testimoniis
1972 2307 2014 2340 s.
2040 2292 2354 2356 Hieronymi
2380 2296 2433 2340 et
2459 2290 2661 2342 Gelasii

205 2377 492 2442 colligimus,
532 2392 719 2425 verum
745 2378 1071 2427 recensionis
1098 2381 1343 2427 auctores
1369 2392 1463 2427 eos
1489 2377 1637 2427 nullo
1663 2383 1820 2443 pacto
1855 2378 2055 2428 habere
2080 2393 2378 2443 possumus.
2429 2378 2660 2428 Obstant

205 2465 319 2513 euim
354 2467 533 2512 contra
570 2465 921 2528 gravissimae
958 2465 1209 2515 rationes.
1261 2480 1305 2511 α.
1343 2465 1410 2513 Ι).
1437 2464 1798 2528 Hieronymus
1836 2470 1889 2515 et
1925 2463 1978 2514 S.
2003 2465 2253 2515 Pontifex
2278 2465 2526 2516 Gelasius
2551 2482 2660 2516 non

206 2551 258 2600 de
288 2555 389 2599 toto
422 2550 485 2598 N.
522 2550 605 2611 T„
648 2550 744 2599 sed
778 2549 935 2599 modo
975 2549 1041 2598 de
1079 2554 1309 2614 quatuor
1343 2550 1857 2616 Evangeliorum
1892 2551 2041 2601 libris
2078 2551 2396 2616 loquuntur3
2436 2569 2660 2617 quorum

205 2637 455 2687 editionem
490 2637 801 2703 Hesychius
839 2641 894 2688 et
926 2638 1199 2689 Lucianus
1246 2638 1502 2689 fecerunt.
1575 2639 1842 2700 Quoniam
1889 2655 2016 2689 vero
2054 2640 2206 2705 Papa
2242 2639 2488 2691 Gelasius
2541 2658 2660 2691 eam

204 2726 224 2773 f
228 2725 309 2774 als
321 2729 419 2773 ata
429 2740 481 2773 m
516 2724 774 2790 adpellat‚
811 2725 1042 2790 ideoque
1080 2725 1438 2792 apocrypham
1478 2730 1530 2775 et
1565 2726 1907 2776 reiiciendam
1924 2744 1936 2775 ε
1977 2755 2041 2764 —-
2070 2727 2241 2788 Thiol,
2281 2727 2344 2777 de
2381 2728 2654 2778 Decretali

206 2812 377 2861 Gelasii
392 2812 449 2860 P.
468 2828 520 2876 p.
542 2813 629 2861 24.
647 2812 1003 2875 —falsare‚
1040 2813 1223 2877 utique
1248 2828 1374 2862 non
1400 2816 1497 2863 est
1520 2815 1902 2863 recensoris
1932 2828 2119 2879 opus,
2163 2814 2276 2864 sed
2300 2814 2658 2880 interpola·

205 2903 254 2947 to
264 2899 357 2947 ris.
399 2898 634 2947 Auctore
669 2914 827 2964 porro
865 2896 908 2964 β.
948 2899 999 2948 d.
1037 2899 1380 2963 Hieronymo,
1419 2899 1555 2949 hanc
1596 2900 1882 2949 editionem
1917 2900 2145 2950 Luciani
2183 2905 2345 2966 atque
2382 2901 2655 2966 Hesychii,

204 3000 303 3033 cum
335 2984 589 3049 quidquid
625 3000 853 3050 usquam
904 2989 1138 3035 exstaret
1172 2999 1484 3050 graecorum
1522 2986 1766 3035 codicum
1803 2990 1857 3035 et
1893 2988 2310 3050 promiscuarum
2346 2988 2658 3052 interpreta-

208 3072 381 3120 tionum
414 3072 759 3137 reclamaret3
797 3073 1011 3123 nonnisi
1044 3074 1203 3137 pauci
1240 3072 1454 3138 quidam
1504 3089 1539 3138 p
1552 3074 1806 3123 erversi
1852 3074 2102 3139 ingenii
2151 3074 2440 3124 homines
2488 3090 2553 3123 re
2566 3091 2595 3124 c
2609 3092 2658 3125 e-

204 3175 230 3222 p
242 3174 298 3205 er
308 3161 423 3207 unt.
478 3158 535 3207 Si
575 3163 754 3208 aetate
793 3158 843 3208 d.
880 3160 1190 3224 Hieronymi
1226 3160 1438 3210 nonnisi
1473 3174 1649 3225 pauca
1687 3159 2010 3225 exemplaria
2044 3160 2273 3210 Luciani
2312 3167 2366 3211 et
2401 3161 2660 3225 Hesychii

205 3244 615 3309 interpolationes
655 3245 978 3295 exhibebant
994 3264 1007 3309 3
1043 3246 1206 3295 multo
1243 3248 1411 3311 magis
1446 3246 1604 3296 hodie
1639 3246 1681 3295 ii
1718 3246 1945 3308 codices,
1986 3262 2120 3312 quos
2153 3247 2222 3296 ab
2246 3247 2330 3295 his
2367 3247 2656 3297 duumviris

206 3331 381 3380 derivat
410 3332 553 3396 Hug,
596 3331 662 3380 de
701 3331 959 3382 eiusmodi
996 3332 1309 3398 corruptelis
1346 3334 1581 3398 suspecti
1617 3333 1816 3398 forent3
1853 3334 1910 3383 id
1936 3333 2081 3399 quod
2115 3350 2184 3383 ne
2210 3334 2275 3383 de
2304 3350 2412 3384 uno
2439 3334 2655 3399 quidem

204 3418 394 3466 istorum
438 3419 901 3481 monimentorum,
952 3419 1090 3469 absit
1135 3420 1202 3468 de
1252 3420 1513 3482 omnibus,
1562 3418 1926 3471 demonstrare
1971 3422 2055 3469 vir
2095 3420 2432 3470 doctissimus
2469 3423 2658 3486 potuit.

205 3504 417 3568 Denique
452 3522 496 3572 γ.
539 3506 717 3568 etiam,
754 3505 841 3555 hic
876 3512 937 3556 ut
970 3520 1149 3571 supra,
1186 3507 1364 3556 obstat
1400 3521 1556 3571 quam
1592 3510 1821 3557 maxime
1857 3509 1946 3557 isti
1984 3509 2247 3573 opinioni:
2297 3523 2323 3556 s
2337 3507 2385 3556 il
2401 3523 2430 3556 e
2441 3525 2477 3557 n
2489 3509 2540 3556 ti
2556 3524 2593 3557 u
2604 3524 2656 3557 m

206 3591 394 3640 totius
427 3591 519 3640 An
534 3592 894 3656 tiquitatis.

257 3868 305 3944 ξ.
345 3868 442 3932 43.
491 3865 807 3952 Opinio
856 3865 952 3931 de
1000 3869 1354 3953 antiqua
1401 3867 1759 3952 quadam
1805 3870 2332 3933 recensione
2381 3868 2459 3933 N.
2509 3869 2586 3933 Τ.

314 3974 773 4061 Orientali,
838 3977 1389 4044 Occidentali
1436 3991 1514 4044 et
1559 3980 2167 4044 Alexandrina
2217 3984 2526 4066 quanti

1104 4091 1512 4156 facienda
1570 4092 1727 4156 sit?

383 4298 669 4363 Postquam
701 4298 751 4348 J.
778 4298 838 4348 A.
866 4298 1113 4365 Bengel
1144 4328 1201 4337 —-
1228 4300 1531 4366 Apparatus
1571 4300 1801 4352 Criticus
1837 4302 1906 4351 ad
1930 4303 1993 4351 N.
2021 4304 2081 4352 Τ.
2110 4304 2190 4353 ed.
2218 4319 2324 4353 sec.
2351 4319 2444 4352 cur
2468 4303 2562 4353 Ph.
2589 4306 2657 4353 D.

210 4380 344 4431 Burk.
379 4385 512 4435 Tub.
542 4386 692 4435 1763.
730 4385 800 4435 ΙΙ.
835 4386 1070 4436 Tractat.
1108 4393 1214 4453 pot.
1252 4387 1375 4438 loca
1410 4390 1678 4438 variantia
1712 4389 1937 4439 discern.
1975 4406 2027 4455 p.
2058 4392 2178 4441 428.
2206 4418 2271 4425 -
2297 4405 2555 4440 canonem
2591 4391 2659 4440 de

212 4467 385 4519 duabus
421 4472 681 4522 classibus
728 4472 970 4523 codicum
1022 4475 1286 4535 „asiaticis
1324 4480 1377 4524 et
1426 4475 1712 4525 africanis“
1765 4481 2022 4526 statueret
2057 4477 2322 4527 scribens:
2381 4475 2657 4540 „Codices,

211 4553 476 4621 versiones,
524 4563 578 4609 et
612 4558 801 4610 Patres
839 4561 895 4609 in
932 4560 1064 4611 duas
1108 4560 1391 4612 discedunt
1426 4562 1682 4625 familias,
1731 4563 2093 4614 Asiaticam
2131 4567 2185 4613 et
2217 4564 2657 4630 Africanam“;
