3309 5300
486 415 610 477 102
1201 425 1437 466 Comment.
1467 423 1519 464 de
1551 427 1594 464 S.
1616 423 1775 474 script.
1807 435 1899 474 cap.
1930 434 2015 463 sec.
2045 423 2174 464 tract.
2205 423 2239 462 1.

484 600 697 651 abunde
734 602 1007 662 instructo,
1044 599 1453 664 applauserunt3
1510 598 1604 648 sed
1639 599 1836 663 reperti
1874 597 2020 647 fuere
2059 597 2152 646 alii
2190 612 2455 660 censores,
2495 599 2588 662 qui
2634 598 2690 646 in
2727 599 2974 647 instituto

484 703 548 736 ac
585 689 707 736 crisi
741 687 1014 735 Kenicotti
1048 687 1215 747 varia,
1266 689 1319 734 et
1359 685 1572 733 minime
1610 684 1760 732 nihili
1810 683 2109 749 pendenda,
2160 682 2627 748 reprehenderunt.
2688 683 2974 733 Lectorem

483 773 671 823 harum
711 787 887 822 rerum
924 771 1191 820 curiosum
1226 770 1526 835 relegamus
1562 770 1631 819 ad
1658 769 1722 819 Ο.
1750 768 1812 818 G.
1839 770 2221 834 Tychsenii,
2259 769 2472 819 libellos
2509 785 2674 835 supra
2707 769 2978 833 laudatos,

484 877 535 925 p.
577 861 692 909 100.
734 862 787 908 et
824 857 887 907 G.
924 858 1233 921 Palu-icy,
1275 856 1367 906 des
1403 858 1553 906 titres
1591 857 1836 921 primitifs
1874 857 1940 904 de
1977 856 2032 905 la
2067 854 2385 906 Revelation
2423 856 2566 921 apud
2601 856 2782 921 Migne
2819 856 2977 906 Cure.

485 945 674 1011 compl.
714 943 767 994 S.
806 943 857 994 S.
895 943 1115 993 XXVII.
1156 959 1197 992 s.
1236 959 1287 1008 p.
1327 944 1446 993 886.
1499 942 1754 992 Accusati
1791 942 2008 992 editoris
2045 957 2262 992 causam
2300 942 2536 992 defendit
2571 943 2630 992 P.
2657 942 2708 991 J.
2733 943 2976 1004 Bruns,

487 1032 553 1081 de
610 1031 791 1080 libello
848 1034 1034 1080 contra
1086 1030 1147 1079 B.
1196 1031 1449 1080 Kenicott
1502 1031 1724 1094 eiusque
1784 1028 2124 1080 collationem
2171 1027 2322 1078 MSS.
2387 1029 2551 1078 Hebr.
2611 1029 2762 1078 Rom.
2820 1031 2979 1080 1772.

485 1118 536 1166 J.
574 1119 641 1166 D.
678 1117 1054 1179 MichaeliS‚
1104 1116 1305 1165 Orient.
1342 1132 1395 1166 u.
1435 1132 1581 1180 exeg.
1619 1116 1760 1165 Bibl.
1797 1114 2012 1165 Francf.
2054 1118 2216 1165 1773.
2242 1117 2307 1178 V,
2348 1119 2394 1165 1.
2432 1131 2473 1164 s.
2511 1116 2605 1177 XI,
2646 1117 2728 1164 72.
2765 1130 2806 1164 s.
2848 1131 2976 1181 app.

486 1203 555 1252 ad
600 1204 720 1266 XII,
762 1206 807 1252 1.
845 1218 917 1266 s.;
962 1204 1185 1268 ipseque
1235 1203 1489 1252 Kenicott
1533 1207 1816 1267 patronum
1867 1217 2079 1266 quoque
2134 1217 2289 1251 suum
2338 1201 2619 1251 Michaelis
2668 1216 2978 1267 aggressus,

488 1291 715 1355 epistola
764 1291 907 1339 edita
952 1290 1123 1339 Lond.
1164 1291 1313 1339 1777.
1361 1289 1505 1339 Diss.
1545 1305 1664 1353 gen.
1710 1305 1762 1354 p.
1804 1291 1919 1337 126.
1957 1303 1998 1338 ε.
2071 1289 2280 1338 Eximie
2326 1304 2454 1338 vero
2504 1303 2633 1354 prae
2685 1289 2802 1337 aliis
2853 1294 2981 1354 post

486 1378 843 1439 Kenicottum,
883 1376 948 1425 de
985 1377 1157 1425 Textu
1194 1393 1235 1426 s.
1272 1376 1337 1425 V.
1362 1375 1423 1425 F.
1461 1377 1678 1425 meritus
1705 1380 1786 1424 est
1819 1375 1871 1425 J.
1897 1375 2201 1425 Bernardus
2241 1375 2306 1424 de
2342 1376 2563 1437 Rossi,
2602 1373 2655 1425 S.
2689 1374 2743 1425 S.
2781 1375 2978 1424 Theol.

488 1464 691 1513 Doctor
728 1467 782 1512 et
826 1464 885 1511 in
919 1462 1209 1512 Academia
1256 1462 1406 1527 regia
1440 1462 1720 1512 Parmensi
1775 1461 1902 1511 olim
1950 1462 2254 1527 linguarum
2292 1461 2643 1511 Orientalium
2680 1461 2978 1511 Professor.

487 1551 582 1598 Vir
618 1551 874 1600 summus!
914 1550 1123 1615 optimis
1150 1549 1400 1599 subsidiis
1437 1553 1600 1613 atque
1624 1549 1840 1613 ingenio
1879 1549 2074 1598 criticis
2112 1549 2386 1598 laboribus
2425 1548 2977 1598 accommodatissimo

488 1636 778 1701 praeditae,
826 1652 927 1685 nec
970 1650 1179 1701 operae,
1229 1651 1329 1685 nec
1375 1635 1670 1685 industriae
1719 1636 2087 1700 sumtibusque
2135 1637 2390 1701 pepercit,
2435 1651 2630 1684 novam
2677 1636 2877 1700 passim
2913 1639 2980 1684 ut

490 1723 724 1772 adferret
757 1722 931 1772 lucem
970 1722 1174 1772 edendo
1212 1722 1405 1770 Textui
1439 1721 1708 1770 hebraico.
1748 1720 1968 1770 Collatis
1995 1737 2029 1770 a
2053 1736 2110 1770 se
2146 1723 2264 1787 ipso
2293 1737 2369 1770 cc.
2395 1737 2520 1771 mss.
2549 1723 2680 1783 751„
2723 1737 2752 1770 e
2782 1721 2980 1786 quibus

488 1810 605 1858 567.
661 1809 894 1858 nondum
948 1808 1197 1871 adhibiti3
1256 1808 1687 1872 editionibusque
1740 1809 2122 1858 vetustioribus
2177 1810 2324 1871 310.;
2387 1809 2660 1857 variantes
2715 1807 2976 1857 lectiones

490 1896 772 1960 congessit,
812 1909 1009 1959 easque
1046 1910 1165 1942 cum
1204 1895 1531 1944 variantibus
1568 1894 1890 1943 lectionibus
1927 1895 2316 1944 Kenicottianis
2359 1895 2739 1958 veteribusque
2776 1895 2981 1944 versio-

489 1982 646 2032 nibus
685 1981 859 2030 denuo
898 1981 1248 2046 comparavit:
1290 1980 1483 2030 additis
1522 1981 1679 2030 etiam
1707 1981 1753 2029 si
1780 1978 1992 2030 occasio
2019 1981 2246 2042 daretur,
2285 1982 2638 2030 recentiorum
2675 1981 2983 2030 criticorum

492 2067 951 2117 emendationibus
991 2071 1044 2116 et
1080 2068 1409 2117 correcturis.
1470 2067 1792 2116 Universum
1829 2072 2144 2132 apparatum
2181 2068 2421 2116 criticum
2459 2067 2556 2117 abs
2599 2081 2658 2116 se
2695 2067 2982 2116 collectum

492 2154 731 2203 exhibuit
768 2169 927 2219 opere
962 2153 1405 2218 praeclarissimo,
1454 2153 1597 2218 quod
1636 2154 1930 2218 inscripsit:
1985 2154 2212 2214 „Variae
2247 2153 2507 2203 lectiones
2543 2153 2752 2203 Veteris
2790 2153 2982 2203 Testa-

490 2243 669 2302 menti,
722 2257 786 2289 ex
822 2241 1082 2290 immensa
1116 2240 1243 2289 Mss.
1284 2240 1654 2304 editorumque
1703 2239 1946 2288 codicum
1993 2241 2241 2305 congerie
2288 2240 2515 2289 haustae
2553 2244 2606 2289 et
2641 2240 2711 2289 ad
2748 2240 2981 2289 Samari-

492 2334 675 2377 tanum
699 2332 901 2376 textum
928 2327 997 2376 ad
1020 2328 1407 2377 vetustissimas
1434 2328 1724 2387 versiones,
1763 2326 1832 2374 ad
1865 2329 2225 2376 accuratiores
2251 2342 2438 2376 sacrae
2463 2328 2680 2376 criticae
2711 2327 2887 2376 fontes
2913 2341 2986 2376 ac

492 2415 642 2479 leges
682 2415 1045 2463 examinatae“
1076 2415 1123 2462 4.
1150 2412 1268 2462 Vol.
1306 2415 1363 2462 in
1388 2415 1436 2462 4.
1462 2413 1706 2462 Parmae.
1748 2414 2002 2462 1784—8.
2048 2412 2422 2463 Voluminibus
2447 2413 2561 2463 istis
2599 2413 2988 2478 supperaddita

494 2505 641 2550 sunt:
684 2500 933 2561 „Scholia
959 2500 1157 2550 Critica
1180 2501 1235 2549 in
1259 2501 1323 2550 V.
1350 2500 1411 2549 Τ.
1437 2500 1646 2561 Libros,
1675 2515 1770 2550 seu
1795 2500 2168 2565 supplementa
2193 2500 2262 2549 ad
2286 2501 2464 2549 varias
2492 2499 2544 2549 S.
2571 2500 2771 2550 Textus
2797 2499 2986 2549 lectio-

493 2591 638 2638 nes.“
673 2588 848 2636 Parm.
879 2587 1027 2636 1798.
1073 2586 1159 2634 Ex
1184 2602 1347 2653 opere
1373 2586 1439 2635 de
1464 2587 1728 2636 Rossiano
1757 2587 2048 2636 clarissime
2073 2569 2238 2648 patet,
2267 2601 2426 2652 quam
2451 2587 2532 2636 vir
2555 2588 2769 2653 egregie
2793 2586 2986 2636 doctus

494 2675 795 2723 adhibuerit
832 2668 1087 2741 ἀκρίβειαν.
1135 2674 1278 2724 Illud
1302 2675 1390 2723 vel
1413 2674 1601 2723 leviter
1626 2679 1681 2723 et
1706 2674 1878 2737 ocu10,
1915 2678 1975 2723 ut
2000 2674 2176 2723 dicere
2203 2674 2390 2737 solent,
2429 2674 2653 2739 fugitivo
2679 2675 2987 2739 inspectum

494 2761 675 2811 docet:
713 2762 769 2809 in
806 2760 1078 2810 codicibus
1115 2762 1178 2809 V.
1206 2762 1284 2823 T„
1325 2776 1643 2825 quamquam
1683 2764 1742 2808 ut
1765 2760 2050 2826 plurimum
2076 2776 2196 2809 cum
2221 2765 2371 2809 textu
2395 2760 2746 2810 masorethico
2786 2776 2984 2810 conve-

498 2848 791 2909 nientibuS,
851 2848 1093 2897 multas
1150 2848 1431 2912 reperiri
1483 2847 1812 2896 lectiones
1871 2848 1948 2895 ab
2007 2862 2078 2897 eo
2135 2846 2437 2897 diversas
2493 2851 2556 2895 et
2608 2848 2986 2897 versionum

495 2935 916 2997 antiquarum
954 2949 1092 2982 cum
1128 2935 1210 2982 iis
1249 2948 1575 2983 consensu
1613 2934 2062 2983 confirmatas.
2123 2934 2256 2983 Esto
2300 2934 2428 2983 satis
2466 2938 2715 2983 accurate
2754 2932 2986 2983 Codices

492 3022 858 3071 recensuerint
906 3019 1097 3069 Sacros
1137 3020 1343 3082 eruditi,
1392 3020 1758 3085 lectionesque
1809 3036 1873 3069 ex
1919 3022 1986 3070 iis
2021 3019 2240 3070 haustas
2278 3018 2348 3069 ad
2395 3034 2617 3069 examen
2661 3022 2984 3081 revocarint,

498 3122 656 3172 quam
714 3107 943 3172 plurima
1002 3106 1304 3155 adhucdum
1356 3112 1583 3168 restare,
1640 3121 1778 3170 quae
1834 3107 2136 3156 criticorum
2188 3107 2246 3155 in
2300 3106 2402 3155 hoc
2449 3122 2645 3171 genere
2695 3112 2988 3156 exerceant

498 3194 768 3257 ingenium
807 3199 859 3242 et
895 3192 1235 3257 diligentiam.
1307 3194 1391 3242 Ex
1436 3194 1641 3258 ingenti
1692 3194 1848 3257 copia
1895 3194 2161 3242 variarum
2209 3193 2496 3243 lectionum
2535 3208 2568 3242 a
2604 3194 2888 3243 Kenicotto
2929 3197 2988 3242 et

496 3280 560 3328 de
596 3280 754 3329 Rossi
792 3279 1149 3341 collectarum,
1189 3278 1391 3329 selectu
1426 3280 1668 3329 instituto
1711 3279 1889 3328 Biblia
1923 3279 2178 3329 hebraica
2207 3308 2266 3315 —
2296 3279 2421 3328 olim
2459 3294 2492 3328 a
2530 3278 2651 3327 Chr.
2689 3279 2984 3329 Reineccio

497 3366 639 3415 edita
667 3395 731 3401 —
755 3366 1043 3430 vulgarunt
1066 3365 1117 3415 J.
1141 3365 1201 3415 C.
1225 3365 1632 3426 Doederlein
1658 3369 1712 3414 et
1734 3366 1785 3414 J.
1807 3366 1877 3413 H.
1902 3366 2203 3415 Meisner.
2230 3365 2378 3430 Lips.
2403 3367 2552 3414 1793.
2572 3366 2620 3413 4.
2639 3370 2678 3413 t.
2697 3365 2986 3415 Vax-iorum

497 3452 837 3514 eruditorum,
876 3453 966 3517 qui
1012 3453 1068 3500 in
1116 3454 1307 3501 exteris
1355 3453 1461 3501 oris
1508 3453 1691 3501 vixere
1742 3452 2083 3501 aestimantes
2121 3452 2350 3513 labores,
2401 3452 2645 3502 oblivisci
2680 3467 2790 3501 non
2827 3451 2988 3501 decet

498 3539 924 3601 domesticorum,
973 3539 1214 3602 quamvis
1252 3554 1471 3587 numero
1509 3539 1836 3603 pauciorum.
1909 3538 2104 3587 Dicere
2143 3542 2352 3603 oportet
2387 3539 2575 3603 paucis
2615 3538 2680 3587 de
2717 3538 2989 3588 consimili

501 3640 689 3691 opera,
746 3640 905 3689 quam
953 3624 1002 3673 J.
1042 3624 1214 3675 Jahn
1268 3624 1591 3673 clarissimus
1648 3624 1773 3673 olim
1819 3625 1874 3673 in
1923 3624 2179 3673 cathedra
2227 3630 2412 3675 nostra
2464 3624 2874 3689 praedecessor,
2926 3626 2990 3673 in

497 3728 690 3761 novam
715 3711 1013 3761 Bibliorum
1037 3712 1101 3761 V.
1128 3712 1188 3760 Τ.
1216 3712 1632 3776 recognitionem
1658 3711 2024 3776 appar-andam
2051 3711 2275 3760 contulit
2305 3728 2346 3761 s.
2373 3716 2439 3760 t.:
2475 3711 2688 3772 „Biblia
2709 3711 2990 3761 Hebraica

497 3799 717 3863 digessit
753 3803 806 3848 et
840 3799 1116 3863 graviores
1152 3798 1469 3847 Lectionum
1505 3799 1794 3848 varietates
1831 3797 2054 3847 adiecit“
2094 3798 2146 3847 J.
2172 3798 2332 3848 Jahn.
2369 3800 2418 3847 4.
2455 3798 2562 3848 vol.
2599 3799 2792 3848 Vienn.
2830 3800 2988 3848 1806.

499 3885 769 3935 Sumtibus
822 3885 1097 3935 Canoniae
1145 3884 1796 3950 Claustroneoburgensis.
1872 3884 2104 3950 Operam
2152 3885 2468 3934 adiuverunt
2511 3885 2689 3947 Mock‚
2740 3884 2988 3949 Schwoy,

496 3973 669 4036 Teger
694 3976 748 4021 et
772 3971 1107 4021 Ackermann
1134 3971 1393 4021 Canonici
1416 3972 1826 4021 Lateranenses.
1855 3973 1916 4021 V.
1943 3972 2076 4037 prol.
2103 3988 2153 4036 p.
2182 3974 2262 4021 27.
2303 3972 2476 4021 Multa
2505 3976 2643 4033 sunt,
2681 3987 2819 4037 quae
2845 3972 2992 4023 hanc

498 4058 807 4121 editionem,
857 4060 1066 4123 penitus
1112 4060 1221 4108 iam
1271 4058 1617 4120 divenditam,
1671 4059 2059 4108 commendant.
2121 4059 2392 4124 Typorum
2439 4061 2673 4124 species,
2723 4058 2990 4110 lectiones

498 4146 765 4195 variantes
816 4161 935 4194 cum
984 4146 1093 4195 suis
1140 4146 1380 4207 testibus,
1429 4144 1649 4194 notulae
1687 4146 1768 4193 uti
1804 4145 1994 4195 editori
2030 4145 2371 4210 dignissimae
2408 4147 2486 4195 ita
2521 4144 2796 4211 discipulis
2835 4162 2989 4196 exer-

498 4232 833 4282 citatioribus
880 4233 1069 4281 eximie
1117 4230 1301 4295 utiles3
1352 4236 1530 4281 tamen
1569 4232 1739 4281 editor
1773 4234 1889 4298 ipse
1926 4236 2171 4282 annotat:
2227 4248 2308 4285 se.
2332 4232 2550 4282 insolita
2597 4247 2787 4282 ausum
2835 4248 2989 4297 esse;

499 4335 603 4383 quo
637 4318 770 4368 illud
807 4319 1099 4381 referimus,
1140 4318 1282 4383 quod
1320 4318 1556 4367 ordinem
1596 4318 1647 4368 S.
1675 4319 1959 4369 Librorum
1994 4320 2300 4380 immutarit,
2337 4319 2504 4369 libros
2533 4318 2990 4384 Paralipomenon

498 4405 757 4455 dissectos
795 4406 849 4455 ll.
887 4406 1108 4467 Josuae,
1162 4405 1424 4455 Samuelis
1464 4410 1517 4454 et
1551 4407 1758 4471 Regum
1795 4405 2155 4471 particulatim
2190 4407 2474 4469 insereret-3
2531 4411 2788 4456 accentus
2826 4406 2991 4456 modo

497 4492 707 4563 Reges
744 4494 969 4545 maiores
1008 4491 1305 4564 adpellatos
1342 4492 1609 4558 retineret,
1648 4490 2072 4546 Masoretharum
2101 4496 2256 4543 notas
2286 4494 2500 4562 penitus
2525 4492 2835 4562 negligeret.
2885 4493 2991 4547 His
