3309 5300
1498 302 1535 328 N

1188 397 1449 450 Disqnisitio
1476 398 1529 439 de
1556 409 1690 439 sensu
1718 400 1760 438 S.
1795 402 1839 439 S.
2632 384 2762 450 263

264 570 636 656 acatholici,
689 595 835 637 eum
878 574 1171 637 reiiciunt
1220 572 1735 660 exploduntque,
1781 572 2027 637 nullum
2075 572 2271 637 alium
2317 582 2579 659 praeter
2621 572 2760 636 lite-

262 684 457 749 ralem
489 706 769 750 sensum
802 696 1253 771 agnoscentes.
1315 685 1660 766 Quidditas
1695 709 1922 750 sensus
1954 685 2302 772 spiritualis
2333 686 2586 750 interim
2623 708 2758 749 cer-

262 798 500 860 tissime
549 807 705 862 tuta
748 798 1027 864 habetur
1074 798 1277 863 Sacro
1318 799 1620 886 EloquiO.
1686 799 1749 863 S.
1796 798 2075 863 Paulus¹
2120 801 2542 886 pronunciat:
2591 799 2759 864 Lex

261 910 721 995 spiritualis
792 922 937 995 est,
1009 912 1049 975 i.
1118 935 1173 975 e.
1236 922 1307 976 ut
1368 912 1429 976 d.
1491 910 1932 997 Hieronymus
1998 913 2490 998 interpretatur,
2557 910 2759 976 habet

258 1021 784 1107 ,inteHigentiam
830 1025 1315 1111 spiritualem‘2.
1391 1024 1579 1088 Idem
1633 1024 2032 1110 Apostolus3
2078 1024 2158 1088 de
2213 1025 2494 1089 historiis
2544 1025 2756 1088 Isaaci

259 1147 318 1200 et
346 1136 659 1201 Ismaelis
693 1140 984 1224 scripsit:
1030 1161 1221 1225 ,quae
1255 1146 1405 1203 sunt
1434 1160 1554 1226 per
1582 1137 2069 1221 allegoriam
2117 1136 2339 1220 dicta‘3
2371 1137 2483 1201 ubi
2514 1159 2755 1201 nomen

258 1248 732 1333 allegoriae,
780 1260 851 1313 ut
896 1260 1167 1314 annotat
1211 1249 1275 1315 S.
1326 1249 1850 1335 ChrysostomuS,
1899 1250 1960 1314 d.
2007 1248 2250 1313 Paulus
2291 1288 2376 1295 -
2419 1258 2489 1313 ut
2537 1248 2754 1313 dicere

258 1362 543 1427 solemus
580 1402 668 1411 —
703 1366 1194 1445 καταχρηστικῶς4
1234 1364 1591 1449 usurpavit.
1624 1362 1981 1425 Enimvero
2017 1361 2393 1445 intelligitur
2422 1360 2754 1427 laudatam

246 1475 599 1539 'historiam
660 1476 876 1539 Isaaci
934 1484 999 1538 et
1060 1475 1385 1557 Ismaelis,
1446 1497 1864 1561 nequaquam
1927 1474 2314 1539 rhetoricam
2377 1475 2754 1560 allegoriam

257 1610 393 1653 esse
414 1592 459 1652 ⁵.
527 1587 947 1675 Quicumque
994 1612 1190 1673 porro
1237 1589 1411 1652 dicta
1442 1598 1506 1652 et
1537 1588 1716 1652 facta
1758 1589 1838 1651 N.
1886 1586 1961 1651 T.
2009 1590 2276 1673 propius
2322 1590 2599 1673 inspicit,
2646 1588 2753 1652 ille

260 1700 675 1765 observabit:
725 1702 901 1786 quod
948 1701 1244 1765 Christus
1291 1712 1355 1765 et
1395 1702 1692 1787 Apostoli
1734 1700 1954 1785 plures
1984 1701 2066 1765 V.
2099 1700 2175 1764 T.
2207 1700 2405 1784 locos,
2439 1710 2751 1787 tanquam

256 1815 331 1878 N.
363 1813 439 1877 Τ.
473 1814 727 1899 figuras
762 1814 1225 1898 adduxerint⁶3
1270 1813 1504 1900 quibus
1534 1814 1864 1877 auditores
1897 1837 2048 1877 suos
2081 1815 2265 1898 quasi
2304 1837 2500 1878 manu
2549 1813 2752 1879 duxe-

256 1936 418 2009 runt,
466 1936 545 1990 ut
577 1929 645 1990 in
677 1927 801 1991 illis
834 1928 1023 1991 altius
1056 1927 1211 2012 quid
1248 1936 1313 1990 et
1344 1926 1675 2013 spirituale
1708 1927 1908 1990 latere
1954 1925 2407 2010 intelligerent.
2470 1927 2751 2014 Impium

260 2049 471 2103 autem
548 2050 725 2104 esset
791 2039 1044 2123 dicere3
1113 2038 1439 2103 Christum
1476 2049 1621 2107 ,aut
1686 2038 2041 2124 Apostolos
2110 2038 2278 2102 male
2350 2038 2747 2104 intellexisse

259 2128 526 2217 Sacram
562 2151 965 2237 Scripturam
996 2152 1079 2216 V.
1112 2151 1187 2215 T.
1233 2151 1445 2237 quue
1481 2174 1558 2215 eo
1591 2153 1800 2235 magis
1847 2150 2319 2215 admittendum
2369 2153 2520 2215 erit:
2570 2151 2746 2238 quod

259 2264 461 2329 allatis
513 2289 549 2329 e
596 2265 681 2329 V.
725 2264 800 2329 F.
850 2266 1185 2328 sententiis
1230 2287 1361 2328 non
1407 2287 1553 2328 raro
1602 2264 1875 2327 addant:
1925 2274 1996 2327 ut
2041 2264 2545 2349 impleretur3
2592 2274 2748 2328 tunc

256 2378 666 2463 imp'letum
725 2387 878 2461 est3
939 2387 1022 2441 ut
1078 2377 1395 2442 dictum
1459 2377 1750 2441 fuerat
1810 2400 1850 2440 a
1904 2377 2360 2462 Prophetis.
2438 2376 2506 2441 Si
2551 2379 2748 2463 igitur

256 2492 317 2553 in
364 2490 490 2554 alio
539 2490 608 2553 id
654 2490 1003 2583 impletum·
1039 2490 1189 2573 fuit,
1252 2488 1427 2576 quod
1490 2490 1802 2576 scriptum
1860 2499 1976 2554 aut
2031 2488 2273 2554 dictum
2324 2490 2404 2553 de
2454 2490 2744 2555 secundo

258 2614 425 2688 erat:
486 2606 633 2690 quis
685 2602 965 2688 dubitet,
1027 2626 1112 2668 an
1168 2603 1409 2668 dictum
1466 2625 1727 2690 quoque
1783 2603 1978 2668 fuerit
2033 2614 2145 2669 aut
2189 2606 2502 2690 scriptum
2551 2605 2745 2668 etiam

258 2717 335 2781 de
366 2717 475 2782 illo
514 2717 662 2781 alio.
726 2717 1194 2782 Verumtamen
1226 2741 1361 2781 non
1398 2719 1583 2780 iuxta
1613 2739 1877 2780 sensum
1907 2716 2222 2781 literalem
2269 2717 2536 2802 dicitur3
2587 2739 2743 2802 ergo

257 2831 620 2896 secundum
668 2830 1065 2917 spiritualem
1088 2834 1131 2895 ⁷.
1206 2829 1473 2894 Debere
1520 2832 1715 2894 statui
1777 2853 2041 2894 sensum
2090 2829 2153 2894 S.
2203 2829 2269 2902 S.
2325 2830 2745 2916 spiritualem,

259 2943 620 3008 ostenditur
672 2944 981 3008 tandem:
1045 2945 1523 3007 auctoritate
1584 2943 2019 3008 Ecclesiae.
2098 2942 2441 3022 Quaenam
2489 2943 2570 3007 de
2616 2943 2742 3008 hac

255 3079 323 3121 re
372 3056 723 3121 Ecclesiae
786 3056 1149 3120 Universae
1210 3057 1531 3119 sententia
1588 3056 1813 3138 fuerit,
1876 3057 2174 3120 novimus
2235 3079 2321 3120 ex
2364 3055 2740 3141 plenissimo

258 3167 319 3233 S.
353 3170 630 3234 Patrum
678 3179 744 3233 et
774 3168 1179 3255 Scriptorum
1228 3191 1570 3250 consensu,
1620 3170 1731 3252 qui
1777 3191 2003 3231 omnes
2049 3168 2173 3232 hoc
2218 3170 2430 3253 ipsum
2478 3169 2739 3252 docent,

256 3292 569 3369 tanquam
614 3283 1022 3346 verissimum
1070 3283 1332 3345 axioma
1351 3285 1393 3346 8.

315 3411 423 3415 -——
491 3409 606 3416 μ-

465 3463 503 3526 ¹)
544 3461 695 3510 Rom.
744 3463 791 3522 7,
845 3462 924 3510 14.
1000 3459 1040 3524 ²)
1078 3460 1141 3508 In
1191 3461 1344 3524 epist.
1391 3459 1461 3508 ad
1510 3458 1629 3508 Gal.
1667 3459 1717 3521 4,
1769 3461 1852 3508 24.
1889 3458 2008 3521 VII,
2055 3460 2176 3508 471.
2249 3459 2288 3524 3)
2331 3457 2504 3508 Galat.
2556 3460 2605 3520 4,
2659 3461 2743 3508 24.

257 3549 296 3611 ⁴)
334 3549 437 3597 Per
476 3548 724 3598 duritiem
759 3564 811 3596 u.
851 3547 900 3597 d.
976 3549 1017 3612 ⁵)
1060 3548 1311 3609 „Praeter
1346 3563 1517 3610 usum,
1555 3549 1731 3613 inquit
1771 3565 1812 3596 s.
1850 3547 2090 3596 Joannes
2129 3545 2554 3610 chrysostomus,
2593 3548 2648 3595 in
2686 3547 2738 3596 h.

256 3634 289 3684 l.
328 3651 514 3684 comm.
553 3635 619 3697 X,
660 3636 794 3697 710„
844 3633 1065 3699 figuram
1104 3635 1236 3684 dixit
1280 3634 1605 3699 allegoriam.
1668 3634 1788 3683 Hoc
1835 3639 2011 3683 autem
2049 3633 2161 3683 vult
2205 3632 2524 3698 significare.
2586 3633 2740 3683 Haec

257 3721 493 3772 Historia
547 3738 656 3771 non
701 3721 803 3771 hoc
856 3721 1029 3770 solum
1078 3721 1337 3782 declarat,
1395 3721 1539 3787 quod
1586 3721 1884 3786 praedicat,
1939 3737 2124 3770 verum
2171 3725 2224 3770 et
2268 3720 2378 3770 alia
2423 3721 2734 3786 quaedam.“

258 3809 297 3872 6)
321 3809 385 3857 Ε.
412 3825 457 3858 c.
483 3809 671 3858 Matth.
699 3809 781 3870 10,
810 3810 890 3858 15.
926 3808 1122 3857 Joann.
1151 3809 1234 3869 18,
1260 3809 1343 3857 36.
1380 3807 1530 3856 Rom.
1560 3810 1640 3870 10,
1667 3809 1716 3856 8.
1745 3813 1798 3856 et
1822 3821 1984 3872 saepe
2010 3807 2155 3857 alibi.
2207 3807 2246 3871 ⁷)
2274 3806 2354 3856 Of.
2379 3807 2515 3856 Luc.
2543 3810 2626 3870 24,
2654 3809 2739 3857 44.

257 3897 447 3946 Joann.
495 3899 545 3958 3,
598 3899 679 3946 14.
730 3896 811 3958 19,
860 3897 945 3944 36.
999 3895 1165 3944 Hebr.
1206 3897 1253 3956 7,
1290 3896 1373 3943 21.
1427 3893 1489 3966 ,8)
1528 3895 1684 3944 Unde
1739 3909 1838 3943 nec
1891 3895 2315 3944 adversariorum
2364 3895 2734 3956 recentiorum,

258 3985 345 4048 qui
381 3984 651 4033 eliminato
688 3999 850 4032 sensu
898 3981 1177 4047 spirituali,
1226 3981 1397 4030 solum
1440 3981 1702 4031 literalem
1746 3987 1974 4043 sumunt,
2030 3983 2147 4046 quis
2186 3982 2335 4030 dubii
2385 3981 2588 4046 aliquid
2636 3981 2739 4030 hac

261 4071 321 4119 (le
344 4087 401 4120 re
426 4071 604 4121 habet.
651 4070 767 4119 Imo
802 4074 987 4119 notum
1025 4071 1215 4134 cuique
1254 4074 1350 4131 est,
1386 4069 1440 4117 id
1476 4070 1613 4118 verti
1649 4070 1776 4118 vitio
1806 4067 1856 4117 S.
1882 4068 2130 4118 Patribus
2170 4073 2224 4117 et
2260 4067 2615 4133 Scriptoribus
2653 4068 2738 4129 E„

260 4157 397 4221 quod
432 4169 647 4207 sensum
684 4158 963 4222 mysticum
998 4158 1055 4204 in
1092 4156 1144 4206 S.
1184 4156 1457 4220 Scriptura
1492 4157 1650 4205 anxie
1689 4157 2064 4220 quaesiverint.
2122 4155 2457 4219 Superfluum
2493 4155 2634 4204 foret
2671 4169 2738 4202 ex

259 4243 493 4308 plurimis
528 4243 739 4293 illorum
774 4245 1089 4294 testimoniis
1130 4243 1309 4308 aliqua
1344 4242 1583 4305 laudare,
1627 4259 1748 4292 cum
1785 4242 1871 4292 vel
1909 4257 1974 4291 ea
2009 4243 2162 4304 ratio,
2211 4257 2370 4306 quam
2405 4241 2577 4290 secuti
2614 4244 2741 4289 sunt

260 4331 313 4378 in
346 4332 755 4396 interpretandis
782 4331 835 4381 S.
862 4331 933 4392 8.,
970 4331 1073 4380 hoc
1108 4333 1285 4395 ipsum
1316 4331 1529 4380 abunde
1557 4330 1849 4380 confirmet.
1890 4330 2114 4380 Sanctos
2139 4330 2326 4378 Patres
2366 4332 2418 4376 et
2443 4328 2739 4391 Scriptores

262 4417 319 4466 E.
350 4418 405 4465 in
433 4418 690 4467 sumendo
716 4434 879 4468 sensu
913 4417 1177 4484 spirituali
1204 4418 1257 4467 S.
1286 4418 1356 4480 8.,
1383 4419 1551 4467 secuti
1589 4421 1714 4468 sunt
1749 4418 1986 4466 universi
2024 4418 2194 4465 omnis
2233 4416 2426 4464 aetatis
2463 4412 2740 4464 orthodoxi

262 4504 533 4554 Ecclesiae
562 4504 873 4555 Catholicae
895 4506 1227 4568 interpretes.
1264 4505 1417 4554 Haec
1441 4504 1728 4566 sufficiant,
1755 4503 1912 4569 plura
1938 4505 2120 4553 aventi
2145 4504 2372 4552 dabunt:
2409 4501 2462 4550 S.
2488 4500 2738 4562 Thomas,

261 4590 414 4644 Prim.
462 4609 513 4662 p.
552 4609 602 4663 q.
651 4594 697 4646 1.
736 4597 830 4646 art.
872 4594 951 4646 10.
989 4592 1040 4658 Ι,
1082 4593 1163 4644 36.
1202 4607 1243 4646 s,
1300 4591 1599 4657 Salmeron,
1652 4591 1860 4658 Proleg.
1901 4590 2017 4641 VII.
2065 4607 2116 4660 p.
2156 4591 2238 4641 68.
2275 4605 2318 4642 s.
2373 4591 2436 4642 N.
2479 4589 2736 4656 Sei-arius,
