3309 5300
1222 432 1361 486 Leges
1387 431 1583 498 Criticae·
1602 437 1774 477 Sacrae.
2619 423 2736 486 14].

458 610 678 660 Dudum
728 616 945 661 cautum
996 617 1077 661 est
1130 611 1407 661 solertiore
1460 611 1657 660 iudicio
1699 638 1761 646 —
1800 610 1976 672 Birch,
2014 611 2115 671 Qu.
2153 612 2252 660 Ev.
2290 610 2423 676 prol.
2461 628 2513 676 p.
2552 612 2634 660 63.
2676 639 2740 647 —-

276 699 623 762 „lectionis
680 697 991 748 alicuius
1044 699 1555 765 praestantiam
1609 713 1742 746 non
1798 713 1876 745 ex
1925 698 2207 746 testium
2259 713 2565 760 numere,
2621 697 2743 761 sed

272 785 661 838 auctoritate
694 787 1101 835 aestimare.“
1157 786 1331 850 Atque
1356 784 1481 833 hinc
1506 782 1821 849 intelligitur
1844 784 1980 832 ratio
2007 783 2148 832 illius
2175 783 2418 848 regulae3
2452 783 2741 832 multitu-

271 875 465 924 dinem
500 873 803 935 testium,
840 871 1587 937 nonsemperiudicium
1624 871 1832 920 bonae
1870 869 2186 920 lectionis
2223 885 2384 920 esse.
2436 871 2740 920 Videndum

269 963 415 1028 prius,
458 964 515 1008 ut
550 975 664 1008 uno
702 958 943 1024 exemplo
981 976 1091 1009 rem
1128 959 1574 1008 demonstremus:
1614 972 1686 1006 an
1723 974 1862 1007 none
1901 958 2083 1006 decem
2120 957 2410 1020 codicibus,
2451 957 2543 1022 qui
2577 973 2739 1007 unam

270 1047 581 1110 eandemque
632 1045 917 1096 lectionem
964 1045 1194 1107 tradunt,
1244 1061 1437 1094 novem
1475 1061 1541 1093 ex
1576 1060 1684 1094 uno
1723 1044 1976 1109 descripti
2010 1043 2241 1093 fuerint?
2289 1044 2479 1108 quodsi
2517 1045 2739 1108 factum,

268 1141 379 1186 tunc
423 1132 554 1182 fides
593 1135 847 1195 omnium,
898 1148 1006 1183 non
1052 1133 1307 1181 maiorem
1348 1133 1455 1180 vim
1504 1131 1724 1181 habebit
1761 1147 1920 1196 quam
1956 1132 2245 1181 auctoritas
2281 1131 2456 1180 unius.
2519 1131 2738 1181 Summa

267 1224 431 1286 itaque
466 1224 549 1268 est
585 1219 753 1270 haec:
815 1219 999 1269 nulla
1044 1221 1109 1268 in
1156 1217 1399 1269 Codice
1436 1217 1635 1268 Sacro
1686 1218 1897 1268 locum
1944 1217 2188 1268 habere
2236 1222 2469 1283 potest
2516 1217 2739 1268 lectio

269 1307 553 1373 quamvis
605 1307 806 1368 bona,
860 1309 1002 1357 sine
1050 1307 1232 1356 bonis
1286 1306 1604 1368 testibus;
1656 1309 1710 1354 et
1744 1305 1980 1354 vicissim
2031 1305 2160 1354 boni
2209 1305 2276 1354 de
2325 1308 2502 1354 cetero
2556 1310 2738 1368 testes,

268 1396 367 1444 sine
401 1393 543 1442 bono
581 1409 765 1456 sensu,
814 1409 922 1442 non
969 1391 1285 1458 praevalent
1334 1396 1519 1442 contra
1566 1390 1850 1440 lectionem
1885 1392 2103 1440 Textus.
2164 1391 2574 1456 Antiquissimas
2611 1408 2736 1441 vero

267 1480 607 1530 Versiones
646 1482 704 1528 in
740 1480 843 1529 hoc
878 1480 1091 1544 negotio
1132 1493 1249 1528 esse
1274 1477 1607 1528 adhibendas
1642 1479 1734 1527 vix
1765 1483 1860 1540 est,
1899 1478 2044 1543 quod
2079 1493 2412 1541 moneamus,
2450 1478 2546 1528 sed
2583 1480 2742 1528 etiam

268 1567 622 1631 antiquissima
668 1568 973 1616 versionum
1022 1566 1337 1627 auctoritas,
1388 1580 1497 1614 non
1545 1565 1682 1614 adeo
1732 1565 1888 1614 nimis
1942 1564 2218 1614 evehenda
2271 1569 2377 1627 est,
2433 1569 2494 1614 ut
2545 1565 2741 1614 Textui

268 1654 537 1718 originario
584 1654 939 1718 praeferatur.
998 1653 1213 1701 Etenim
1263 1651 1475 1701 facilius
1523 1667 1734 1716 semper
1783 1667 1928 1701 error
1973 1653 2030 1700 in
2075 1653 2426 1714 versionibuS,
2478 1667 2639 1717 quam
2686 1654 2744 1701 in

270 1742 426 1790 Textu
461 1741 756 1805 originario
795 1739 1131 1805 quaerendus
1170 1742 1265 1788 est.
1326 1739 1461 1788 Nam
1500 1740 1555 1787 in
1591 1738 1695 1788 hoc
1729 1754 1870 1787 unus
1908 1739 2121 1788 errandi
2155 1739 2343 1788 modus
2378 1739 2494 1801 fuit,
2539 1739 2744 1788 librarii

268 1843 440 1892 nempe
474 1827 837 1892 negligentia3
875 1828 931 1876 in
960 1827 1027 1876 iis
1054 1842 1181 1876 vero
1218 1825 1306 1876 vel
1341 1827 1617 1890 interpreS‚
1657 1825 1744 1876 vel
1780 1825 2072 1891 descriptor
2106 1827 2282 1891 potuit
2315 1825 2442 1888 labi,
2480 1825 2568 1876 vel
2603 1831 2742 1877 uter—

269 1930 360 1981 que
393 1913 566 1964 simul.

456 2001 637 2066 Atque
674 2000 809 2050 haec
846 2000 1080 2050 sufficiat
1124 2001 1393 2049 monuisse
1430 2000 1496 2049 de
1532 2001 1740 2049 ratione
1783 1999 1976 2065 legum,
2015 2001 2084 2050 ad
2121 1993 2254 2066 (filas
2302 2002 2470 2050 omnis
2506 2001 2741 2051 varietas

270 2089 493 2138 lectionis
543 2089 604 2136 in
640 2089 704 2137 V.
755 2093 807 2137 et
854 2089 918 2138 N.
958 2089 1019 2137 Τ.
1071 2087 1353 2136 diiudicari
1406 2091 1581 2152 potest
1636 2092 1798 2158 atque
1845 2087 2021 2148 debet,
2075 2087 2231 2152 plura
2284 2089 2464 2137 aventi
2513 2087 2740 2138 dabunt:

272 2177 326 2226 G.
360 2175 477 2224 Chr.
514 2174 767 2235 Teller,
824 2175 889 2224 de
944 2175 1140 2224 iudicio
1194 2189 1356 2239 super
1408 2175 1571 2224 variis
1625 2173 1947 2224 lectionibus
1998 2173 2210 2223 Codicis
2248 2175 2500 2224 ·Hebraei
2554 2175 2740 2225 Divini

270 2267 396 2312 recte
428 2262 680 2311 faciendo
718 2263 853 2327 disp.
890 2263 1036 2327 Lips.
1080 2263 1229 2311 1757.
1291 2262 1498 2323 Bohn‚
1549 2262 1744 2327 disput.
1783 2262 1849 2311 de
1886 2261 2212 2311 restituendo
2251 2262 2434 2311 codice
2469 2262 2739 2313 Hebraeo.

270 2351 376 2399 Jen.
424 2351 578 2398 1770.
654 2349 779 2398 Chr.
816 2349 878 2397 B.
915 2348 1296 2409 Michaelis,
1350 2353 1501 2397 tract.
1552 2364 1623 2397 cr.
1676 2349 1740 2397 de
1785 2350 1948 2397 variis
2001 2347 2321 2398 lectionibus
2371 2349 2434 2398 N.
2472 2349 2534 2398 T.
2585 2353 2742 2399 caute

272 2436 567 2501 colligendis
606 2441 662 2485 et
698 2435 1053 2486 diiudicandis
1089 2435 1216 2484 Hal.
1256 2436 1406 2484 1749.
1470 2434 1565 2484 Ch.
1603 2435 1676 2484 M.
1712 2435 1976 2497 Pfaffii‚
2027 2435 2152 2486 diss.
2191 2436 2257 2485 de
2294 2436 2540 2502 genuinis
2575 2436 2640 2485 N.
2679 2437 2741 2486 T.

272 2525 571 2574 lectionibus
626 2539 730 2588 ope
778 2539 1045 2572 canonum
1082 2539 1130 2588 q.
1170 2538 1242 2572 cr.
1278 2521 1367 2572 fel.
1404 2522 1739 2587 indagandis.
1786 2521 2006 2572 Amstel.
2048 2525 2198 2573 1709.
2259 2523 2310 2572 J.
2347 2523 2411 2572 A.
2449 2523 2739 2588 Bengel,

273 2612 449 2677 Appar.
488 2626 563 2660 cr.
604 2611 687 2660 ed.
725 2610 891 2673 Burk,
941 2627 993 2675 p.
1033 2612 1113 2660 13.
1154 2627 1194 2660 s.
1242 2611 1307 2659 ei.
1358 2614 1508 2660 tract.
1560 2609 1625 2660 de
1675 2611 1980 2660 sinceritate
2028 2611 2092 2660 N.
2130 2611 2191 2659 T.
2231 2625 2305 2675 gr.
2343 2610 2560 2660 tuenda.
2615 2610 2741 2661 Hal.

276 2700 410 2748 1750.
446 2715 556 2762 rep.
593 2699 651 2747 in
675 2696 814 2763 App.
839 2714 891 2762 p.
920 2700 1035 2747 762.
1062 2713 1103 2746 s.
1140 2698 1357 2759 Rossi,
1395 2698 1520 2747 Var.
1557 2697 1680 2746 lect.
1719 2698 1761 2746 I.
1797 2697 1929 2762 prol.
1969 2700 2017 2746 2.
2056 2697 2122 2746 de
2159 2698 2478 2747 auctoritate
2515 2698 2743 2747 fontium

275 2787 628 2849 variarumque
665 2784 953 2834 lectionum
989 2800 1224 2834 canones
1262 2786 1446 2833 critici.
1483 2801 1535 2849 p.
1573 2786 1655 2834 49.
1695 2802 1737 2834 s.
1782 2790 1836 2834 et
1870 2801 1919 2833 v.
1958 2786 2049 2834 IV.
2087 2785 2211 2834 diss.
2250 2784 2487 2850 praelim.
2528 2785 2740 2835 Gries-

272 2872 446 2934 bach,
482 2873 549 2922 N.
586 2873 649 2921 T.
689 2872 772 2921 ed.
808 2871 958 2937 Lips.
999 2873 1149 2921 1825.
1188 2889 1239 2937 p.
1281 2874 1326 2921 7.
1364 2886 1406 2921 8.
1462 2872 1741 2933 Reinke,
1779 2871 1814 2921 l.
1853 2888 1898 2921 c.
1938 2888 1988 2937 p.
2027 2872 2110 2921 53.
2147 2888 2191 2921 s.

462 2960 821 3008 Coniecturae
881 2964 1061 3008 autem
1123 2960 1485 3019 „criticae“
1549 2958 1976 3024 qualemcunque
2045 2959 2283 3009 habeant
2351 2961 2742 3024 probabilitatis

272 3048 501 3112 speciem,
551 3062 843 3111 numquam
890 3048 947 3095 in
995 3047 1221 3095 Textum
1270 3045 1323 3095 S.
1373 3046 1425 3095 S.
1472 3047 1814 3111 recipiendae
1864 3052 2013 3110 sunt,
2077 3062 2199 3095 cum
2252 3062 2542 3111 numquam
2597 3052 2740 3097 certo

272 3135 409 3183 nobis
432 3148 749 3199 persuasum
772 3146 891 3183 esse
917 3138 1094 3198 queat,
1118 3137 1294 3182 utrum
1319 3134 1627 3182 coniectura
1648 3149 1832 3182 veram
1858 3133 2108 3183 exhibeat
2132 3133 2432 3196 lectionem,
2459 3148 2528 3183 an
2554 3138 2744 3183 secus?

273 3221 471 3270 Summa
496 3226 640 3271 certe
666 3222 867 3271 Textus
892 3220 944 3270 S.
972 3222 1198 3271 oriretur
1223 3221 1483 3283 confusiO,
1520 3220 1870 3285 lectionisque
1894 3220 2240 3285 incertitudo3
2280 3222 2327 3271 si
2352 3222 2519 3271 cuivis
2555 3221 2742 3271 liceret

271 3309 457 3373 ingenii
502 3310 587 3358 sui
632 3309 851 3357 inventa
897 3309 955 3357 in
1000 3308 1227 3357 Textum
1274 3308 1494 3357 inferre:
1556 3309 1848 3373 graviter
1899 3309 2128 3373 itaque
2183 3313 2464 3370 peccant
2517 3310 2743 3357 critici

273 3396 483 3445 nostri
545 3396 731 3457 aevi,
794 3396 907 3460 qui
965 3395 1365 3459 ubicunque
1426 3395 1571 3444 fere
1638 3400 1930 3461 propter
1989 3411 2110 3445 sua
2168 3394 2637 3461 praeiudicia*
2673 3398 2742 3445 in

273 3482 522 3531 Divinis
545 3483 819 3547 Paginis
856 3482 1236 3544 offendunt,
1276 3482 1353 3531 ad
1382 3482 1904 3532 emendationem
1935 3499 2008 3532 cx
2037 3484 2304 3549 ingenio
2343 3484 2742 3547 depromtam

274 3569 667 3634 confugiunt.

275 3830 326 3908 ξ.
370 3832 470 3895 63.
516 3826 1021 3892 Adminicula
1081 3851 1217 3913 pro
1265 3829 1684 3893 Lectionis
1731 3830 2142 3895 Varietate
2206 3827 2739 3895 diiudicanda.

469 4020 631 4070 Grato
671 4023 846 4070 animo
886 4036 1015 4086 erga
1049 4022 1302 4070 Divinam
1338 4022 1734 4071 Providentiam
1783 4024 2147 4087 agnoscimus:
2196 4022 2298 4072 hac
2346 4027 2530 4073 nostra
2566 4028 2742 4073 aetate

276 4106 583 4157 sufficientia
619 4108 945 4158 adminicula
980 4114 1034 4158 et
1069 4110 1309 4159 subsidia
1335 4108 1474 4173 dari3
1514 4109 1709 4174 quibus
1748 4109 2016 4171 adhibitis,
2053 4109 2281 4159 feliciter
2316 4111 2372 4159 in
2411 4109 2741 4159 emendando

275 4194 433 4243 Textu
466 4195 755 4260 Utriusque
778 4195 1033 4245 Foederis
1070 4198 1273 4245 versari
1307 4197 1589 4261 possimus.
1630 4196 1680 4245 A
1702 4197 1864 4245 variis
1901 4196 2026 4245 viris
2054 4198 2192 4245 enim
2229 4214 2350 4246 cum
2386 4212 2516 4247 cura
2542 4203 2595 4246 et
2624 4212 2740 4245 eru-

277 4279 461 4330 ditione
494 4281 633 4331 hanc
668 4287 874 4347 partem
911 4298 952 4332 s.
991 4282 1389 4347 disciplinarum
1438 4288 1678 4332 ornatam
1725 4283 1890 4331 fuisse
1933 4299 1998 4332 ex
2033 4285 2116 4346 iis,
2155 4299 2292 4349 quae
2339 4300 2437 4348 per
2482 4286 2743 4349 integram

277 4366 462 4416 hancce
500 4369 788 4417 sectionem
824 4369 927 4418 iam
966 4371 1313 4431 narravimus,
1351 4369 1490 4419 ultro
1529 4374 1752 4419 constat.

473 4456 543 4504 Et
579 4455 794 4520 quidem
839 4456 1017 4521 quoad
1053 4457 1323 4506 Textum
1362 4456 1626 4507 Sacrum
1663 4458 1928 4507 Veteris
1964 4458 2394 4520 Testamenti,
2433 4457 2605 4523 qualis
2643 4458 2745 4508 fuit

280 4546 392 4590 ante
410 4545 769 4592 recensionem
788 4542 1191 4593 masorethicam
1212 4544 1480 4607 auxilium,
1502 4545 1706 4605 attinet,
1729 4545 2153 4594 subministrant:
2180 4560 2228 4593 a.
2247 4546 2291 4593 P
2305 4561 2333 4593 e
2343 4562 2379 4593 n
2389 4550 2410 4593 t
2421 4560 2454 4593 a
2463 4549 2486 4593 t
2496 4562 2525 4594 e
2536 4562 2571 4595 u
2584 4562 2613 4594 c
2625 4545 2660 4593 h
2670 4562 2708 4594 u
2717 4560 2742 4593 s

280 4626 595 4679 Hebraeo·
610 4629 1088 4695 Samaritanus3
1142 4631 1191 4680 b.
1232 4630 1525 4680 Collatio
1563 4631 1856 4680 locorum
1891 4630 2393 4696 parallelorum3
2450 4649 2494 4682 c.
2546 4634 2744 4697 scripta
