3309 5300
603 426 729 495 206
1310 442 1543 487 Commeat.
1574 443 1627 487 de
1656 449 1700 488 S.
1725 444 1882 499 Script.
1911 456 2003 499 cap.
2033 460 2121 490 sec.
2151 447 2278 491 treet.
2306 442 2363 490 11.

604 618 863 682 serioris
908 618 1055 682 aevi
1102 622 1580 685 correctionum
1626 632 1694 685 et
1736 621 2333 705 interpolationum3
2397 622 2758 708 multasque
2803 624 3062 689 servavit

603 730 967 817 Archetypi
997 730 1313 796 lectiones
1344 734 1784 818 primigeniae.
1821 734 1970 798 Non
2004 734 2374 817 defuerunt,
2411 737 2520 821 qui
2549 735 2838 819 ,Italae‘
2866 736 3061 822 plures

606 843 805 908 fuisse
854 852 1154 909 auctores
1202 844 1662 922 defenderent,
1735 846 2135 933 singulisque
2182 847 2470 931 singulos
2514 848 2654 913 fere
2699 848 2892 913 libros
2936 872 3060 913 esse

606 954 1075 1020 adscribendos
1133 955 1472 1040 docerent,
1550 958 1920 1024 dubitamus
1981 970 2268 1025 attamen
2331 984 2416 1025 an
2477 964 2631 1027 satis
2693 962 2934 1027 idoneis
2989 962 3058 1025 de

608 1069 838 1133 causiS.
917 1067 1379 1147 Querebantur
1438 1070 1758 1157 Theologi
1821 1074 2028 1137 omnis
2105 1075 2336 1137 aetatis
2360 1077 2406 1136 ¹:
2483 1074 2794 1139 Veterem
2854 1074 3060 1137 Italam

604 1181 869 1245 latinam
919 1180 984 1245 S.
1017 1181 1376 1247 Bibliorum
1421 1183 1694 1270 Antiqui
1743 1185 2114 1271 cumprimis
2161 1185 2569 1250 Testamenti
2598 1186 3056 1251 translationem

606 1296 1109 1380 superveniente
1166 1318 1339 1360 nova
1394 1295 1706 1381 paulatim
1752 1297 2187 1380 intercidisse;
2261 1300 2351 1362 ita
2411 1308 2512 1381 ut,
2579 1300 2705 1361 nisi
2749 1298 2908 1363 forte
2950 1300 3057 1381 for7

606 1417 766 1471 tuna
810 1408 1192 1471 emerserint
1234 1410 1389 1472 novi
1436 1409 1718 1493 codiceS,
1764 1410 2012 1475 nullum
2059 1410 2288 1475 saltem
2335 1412 2416 1476 V.
2451 1411 2526 1475 T.
2577 1411 2910 1497 exemplar
2937 1413 3052 1475 eius

606 1522 933 1605 integrum
979 1542 1323 1606 superesse
1370 1521 1687 1587 videatur.

664 1828 725 1905 ξ.
774 1828 876 1892 90.
945 1824 1671 1915 ΙιαιιάειηϊιιΥ-νίϊί
1732 1826 2089 1909 eruditi,
2161 1828 2300 1913 qui
2363 1826 2886 1911 colligendis
2941 1829 3009 1890 in

802 1961 1050 2001 unum
1098 1938 1609 2022 fragmentis
1662 1938 1985 2022 ‚Italae‘
2033 1962 2371 2025 operam
2415 1950 2907 2027 posuerunt.

824 2128 1079 2179 Versionis
1135 2130 1712 2197 ante-Hieronymianae
1763 2148 1895 2180 nunc
1945 2130 2146 2181 nonnisi
2193 2130 2491 2198 sraqmenta
2548 2132 2801 2197 quaedam
2857 2130 3056 2195 dispersa

608 2218 842 2278 existunt,
881 2234 1089 2280 quorum
1112 2216 1167 2266 in
1192 2234 1343 2266 unam
1369 2218 1702 2269 collectionem
1729 2216 2038 2268 eruditorum
2071 2222 2204 2267 curis
2237 2218 2528 2282 iterati-sque
2563 2219 2822 2269 laboribus
2843 2216 3060 2269 debemus.

613 2303 766 2353 Tota
802 2303 943 2352 nobis
968 2302 1087 2366 sere
1111 2310 1365 2367 superest:
1400 2303 1453 2353 in
1477 2306 1638 2354 variis
1661 2303 1864 2368 scriptis
1897 2302 1950 2355 S.
1978 2303 2031 2354 S.
2059 2304 2120 2353 P.
2145 2304 2210 2354 P.
2249 2310 2295 2355 et
2320 2303 2374 2355 S.
2405 2304 2467 2355 Ε.
2482 2324 2502 2366 ‚·
2535 2304 2762 2369 antiquis
2785 2306 2943 2355 latinis
2965 2319 3062 2351 mss.

607 2388 925 2452 missalibus,·
953 2390 1251 2453 psalteriis3
1286 2390 1554 2440 breviariis
1584 2391 1801 2455 aliisque
1833 2390 1978 2441 libris
2005 2391 2162 2441 cultui
2195 2390 2368 2441 divino
2392 2390 2671 2454 destinatis,
2710 2392 3064 2441 Psalmorum

606 2476 815 2540 interp
826 2475 1076 2526 relatio.
1132 2476 1279 2526 Vetus
1310 2476 1680 2527 Testamentum
1714 2494 1897 2543 maqna
1931 2476 2187 2527 industria
2211 2477 2565 2529 consarcinare
2587 2477 2782 2527 studuit
2806 2478 2882 2527 Fl.
2907 2476 2955 2525 N
2961 2494 2985 2525 ο
2998 2475 3067 2525 bi-

606 2562 734 2613 lius
767 2564 821 2613 in
855 2580 951 2613 sua
986 2562 1057 2612 ad
1094 2561 1233 2613 Sioeti
1267 2564 1365 2613 τῶν
1392 2563 1557 2614 LXX.
1598 2563 1765 2613 latina
1789 2564 2017 2623 editione,
2057 2581 2166 2613 cum
2190 2567 2244 2613 in
2280 2582 2374 2613 sua
2398 2564 2494 2613 hac
2527 2564 2940 2629 interpretatione,
2973 2568 3065 2611 tum

606 2653 660 2700 in
685 2654 890 2702 attextis
913 2669 953 2702 s.
980 2650 1046 2702 Ρ.
1074 2650 1135 2701 Ρ.
1162 2657 1208 2702 et
1232 2650 1285 2702 S.
1316 2650 1376 2700 Ε.
1403 2650 1707 2701 Latinorum
1733 2650 2039 2703 testimoniis.
2079 2650 2132 2703 V.
2149 2669 2210 2716 p.
2237 2655 2350 2702 165.
2381 2655 2498 2702 177.
2542 2650 2655 2712 Qua
2679 2652 2735 2702 in
2758 2669 2814 2702 re
2833 2650 3070 2716 praeclare

608 2737 920 2788 Flaminium
974 2737 1234 2788 Nobilium
1282 2737 1346 2788 de
1398 2739 1493 2788 illa
1544 2738 1732 2788 Latina
1787 2738 2023 2790 Versione
2069 2739 2383 2805 indayanda‚
2441 2756 2542 2804 qua
2591 2739 2822 2790 Ecclesia
2865 2745 2968 2788 ante
3007 2736 3069 2786 D.

619 2824 855 2890 Gregorii
887 2825 961 2874 M.
999 2831 1223 2890 tempora
1264 2825 1511 2891 privatim
1550 2827 1851 2890 publiceque
1897 2825 1968 2874 ad
1992 2823 2130 2890 fidei
2161 2825 2444 2876 doctrinam
2490 2843 2752 2890 moresque
2789 2823 3073 2890 formandos

608 2929 703 2961 usa
738 2918 824 2972 est,
862 2911 1102 2962 meruisse
1139 2910 1271 2961 nulli
1305 2911 1609 2962 dubitamus.
1667 2913 1790 2962 Post
1827 2911 1910 2962 Fl.
1947 2911 2222 2975 Nobilium,
2261 2912 2311 2964 J.
2351 2911 2684 2963 Martiana
2698 2931 2802 2964 eus
2837 2911 2888 2963 O.
2923 2909 2972 2961 S.
3010 2910 3070 2959 B.

609 2999 959 3048 celeberrimae
998 2997 1413 3064 Oonyreqationis
1462 2997 1516 3048 S.
1555 2997 1748 3064 Mauri,
1801 3015 1828 3050 e
1875 2997 2130 3048 codicibus
2175 3017 2292 3049 mss.
2331 2999 2667 3050 G'ermanensi
2713 3005 2761 3050 et
2809 2995 3073 3050 Gon-beiensi

610 3085 943 3152 Evangelium
968 3083 1023 3137 S.
1050 3085 1301 3135 Matthaei
1324 3091 1368 3136 et
1392 3085 1678 3150 Epi-stolam
1705 3085 2016 3136 Catholicam
2047 3085 2115 3135 D.
2141 3085 2324 3135 Jacobi
2347 3087 2586 3152 vulgavit.
2625 3085 2676 3136 S.
2705 3087 2753 3136 h.
2778 3092 2812 3140 t.
2842 3085 3075 3150 „Vulqato

612 3175 821 3238 antiqua
870 3171 1062 3222 Latina
1109 3177 1155 3222 et
1204 3172 1341 3221 Itala
1394 3174 1557 3222 versio
1612 3173 1862 3238 evanyelii
1915 3171 2188 3223 secundum
2237 3171 2578 3235 Matthaeum,
2635 3189 2661 3222 e
2703 3175 2903 3224 vetustis
2945 3178 3076 3220 eruta

609 3261 952 3320 monumentis,
989 3259 1251 3308 illustrata
1279 3259 1650 3324 proleyomenis
1675 3275 1736 3308 ac
1757 3261 1903 3322 notis,
1940 3275 2168 3324 nuncque
2192 3261 2418 3324 primum
2444 3257 2599 3310 edila.
2648 3259 2866 3310 Accessit
2887 3257 3075 3322 epistola

614 3343 869 3396 Oanonica
906 3344 959 3395 S.
996 3345 1177 3395 Jacobi
1212 3345 1453 3409 Apostoli,
1502 3348 1651 3396 iuxta
1699 3345 1962 3412 Vulqatam
1999 3352 2210 3396 veterem
2245 3363 2334 3396 seu
2368 3347 2558 3396 Italam
2592 3345 2914 3396 versionem.“
2963 3345 3073 3394 Par.

610 3435 765 3482 1695.
828 3430 977 3480 Adde
1032 3431 1284 3483 eiusdem.-
1342 3431 1656 3497 Remarques
1707 3451 1796 3482 sur
1847 3433 1902 3482 la
1953 3432 2155 3482 version
2207 3433 2418 3497 italique
2464 3432 2528 3483 de
2573 3433 2608 3483 l'
2628 3431 2880 3498 Evanqile
2922 3429 2983 3481 de
3025 3431 3069 3479 S.

611 3517 875 3579 Matthieu,
914 3519 1060 3582 qu’on
1095 3519 1129 3568 ὰ
1164 3518 1425 3570 decouvert
1462 3519 1593 3569 dans
1628 3519 1702 3570 les
1728 3518 1842 3583 sort
1878 3519 2081 3569 anciens
2115 3521 2429 3568 manuscrits.
2467 3519 2595 3569 Par.
2633 3521 2786 3568 1695.
2845 3517 2983 3578 Quod
3017 3513 3075 3565 ad

610 3613 875 3670 utrumque
903 3604 1267 3656 Testamentum
1294 3606 1486 3669 attinet,
1512 3605 1694 3657 abhinc
1717 3605 1960 3671 deteyend
1964 3607 2006 3654 is
2030 3611 2075 3656 et
2100 3605 2384 3655 excitandis
2409 3605 2572 3656 Italae
2591 3604 2794 3670 priscae
2818 3603 3073 3662 ruderibus,

613 3699 657 3742 et
694 3692 897 3758 quidem
946 3695 1170 3742 maxima
1216 3695 1433 3742 nominis
1477 3695 1867 3756 meritorumque
1912 3691 2066 3742 laude
2112 3698 2320 3741 ornatus
2367 3693 2622 3742 incubuit:
2668 3691 2732 3741 P.
2769 3690 3074 3748 Sabatier,

612 3795 675 3828 ex
712 3778 887 3830 eadem
933 3779 1122 3845 inclyta
1158 3778 1601 3831 Benedictinorum
1638 3779 1872 3844 familia.
1932 3779 2034 3828 Iste
2075 3781 2157 3828 vir
2193 3777 2506 3828 doctissimus
2554 3777 2834 3842 improbum
2879 3778 3074 3826 laborem

612 3866 850 3915 Italam
899 3883 972 3917 ex
1017 3866 1321 3931 reliquiis
1373 3865 1769 3917 restituendi
1816 3864 2062 3928 suscepit;
2114 3871 2417 3928 strenuoque
2464 3867 2602 3927 nisu,
2653 3870 2893 3928 quantum
2937 3861 3072 3920 licuit,

612 3951 845 4004 absolvit.
914 3952 1121 4002 Primus
1168 3969 1194 4004 e
1233 3953 1383 4018 prelo
1435 3951 1650 4002 sudante
1703 3957 1864 4002 tomus
1919 3950 2116 4001 exierat
2169 3949 2343 4000 Remis
2389 3951 2535 4000 1743.
2592 3951 2640 4000 h.
2686 3950 2720 4000 i.
2781 3948 3075 4011 „Bibliorum

614 4038 888 4090 Sacrorum
926 4037 1141 4089 Latinae
1188 4039 1447 4090 Versiones
1486 4039 1740 4103 antiquae,
1779 4055 1867 4089 seu
1913 4037 2058 4088 Vetus
2093 4037 2278 4087 Italica
2325 4043 2371 4086 et
2417 4043 2626 4099 ceterae,
2673 4053 2987 4101 quaecunque
3025 4033 3070 4082 in

614 4124 881 4176 Codicibus
918 4123 1075 4178 MSS.
1112 4131 1157 4176 et
1194 4126 1515 4190 antiquorum
1552 4125 1726 4176 Libris
1772 4123 1991 4190 reperiri
2029 4125 2317 4190 poterant.“
2384 4122 2609 4174 Continet
2654 4123 2718 4172 L.
2755 4123 2816 4177 L,
2866 4123 2923 4173 V.
2959 4121 3011 4174 F.
3043 4137 3070 4168 a

826 4375 863 4437 ¹)
900 4371 1034 4421 Inde
1082 4385 1115 4420 a
1160 4370 1423 4419 Flaminio
1474 4369 1704 4431 Nobilio,
1753 4369 1920 4434 praef.
1972 4369 2039 4418 ad
2089 4369 2171 4418 ed.
2209 4368 2374 4418 LXX.
2415 4367 2546 4418 Sixt.
2589 4368 2794 4430 „Huius
2850 4363 3070 4417 editionis

610 4459 743 4508 nihil
793 4475 934 4508 nunc
981 4458 1047 4506 de
1094 4472 1233 4506 novo
1270 4457 1611 4506 Testamento
1650 4457 1892 4518 dicimus,
1943 4457 2206 4520 integrum
2260 4471 2452 4520 corpus
2502 4455 2644 4520 quod
2693 4456 2937 4516 sciamus,
2982 4465 3070 4501 non

612 4551 798 4594 exstat.
871 4543 1057 4595 Partes
1110 4543 1307 4594 multae
1358 4559 1423 4592 ex
1468 4543 1737 4609 plerisque
1791 4543 1941 4591 libris
1997 4557 2117 4591 cum
2171 4541 2317 4606 apud
2371 4545 2576 4591 ceteros
2631 4542 2818 4590 Patres
2873 4540 3070 4589 Latinos

612 4631 893 4693 habentur,
931 4637 1042 4681 tum
1080 4631 1223 4696 apud
1262 4630 1314 4678 S.
1352 4631 1740 4694 Hieronymum
1777 4631 1830 4678 in
1871 4629 2264 4678 commentariis
2301 4631 2356 4676 et
2391 4627 2510 4676 aliis
2549 4627 2746 4676 libris.“
