3309 5300
1268 385 1420 428 Versio
1449 380 1549 430 τῶν
1574 387 1699 428 Lxx.
2617 366 2742 432 169

276 550 559 618 secundis
587 561 833 638 postea,
862 552 1034 617 curis
1080 553 1218 616 eius
1263 553 1470 637 magis
1504 561 1868 618 correctam
1905 553 2257 618 editionem
2303 553 2630 638 faceret13
2679 563 2745 618 et

274 667 423 731 haec
465 687 673 750 penes
716 664 1030 749 Judaeos,
1078 666 1451 751 cumprimis
1491 688 1631 749 -eOS,
1681 667 1790 753 qui
1835 668 2152 732 sermonis
2196 665 2490 730 Hebraei
2531 668 2744 751 ignari

276 787 464 860 erant,
536 801 795 842 summa
858 777 1010 843 olim
1073 780 1458 843 auctoritate
1502 777 1768 843 valebat
1788 781 1832 845 ².
1907 779 2016 842 Ex
2076 779 2188 844 illa
2245 802 2442 866 porro
2501 779 2744 865 duplici

274 889 538 977 Aquilae
598 891 901 955 versione
960 891 1342 974 secunda,
1404 892 1557 976 quia
1614 892 1816 955 nimia
1875 894 2291 958 accuratione
2354 893 2745 957 concinnata

276 1012 417 1086 erat,
448 1002 534 1066 ab
570 1001 860 1088 Origene
891 1004 955 1068 in
989 1002 1310 1090 Hexaplis
1342 1003 1800 1090 apponebatur
1817 1008 1861 1070 3.
1920 1004 1989 1070 Si
2023 1027 2058 1070 c
2088 1004 2354 1090 reliquis
2387 1007 2524 1069 eius
2570 1006 2742 1090 frag-

272 1119 491 1182 mentis
510 1119 537 1160 4
580 1116 891 1181 iudicium
938 1117 1284 1181 ferendum
1330 1119 1485 1182 sit⁵:
1533 1119 1762 1183 merito
1807 1119 2214 1204 vituperatur
2256 1117 2516 1203 Aquila,
2566 1118 2744 1204 quod

276 1231 710 1316 superstitiose
777 1228 954 1293 idem
1011 1229 1408 1295 vocabulum
1452 1240 1752 1317 repetere
1813 1229 2132 1314 maluerit,
2196 1252 2392 1317 quam
2447 1229 2744 1296 lectionis

272 1343 709 1430 perspicuitati
741 1352 807 1406 et
836 1342 1131 1407 facilitati
1178 1343 1517 1408 consulere
1534 1347 1577 1408 ⁶.
1641 1343 1956 1423 Quamvis
2002 1353 2221 1408 autem
2268 1366 2380 1408 ore
2424 1342 2742 1408 barbarus

273 1457 362 1537 sit,
406 1463 471 1517 et
496 1477 695 1519 sensu
727 1453 1076 1540 obscurus3
1124 1455 1327 1521 multa
1349 1466 1577 1520 tamen
1608 1457 1984 1543 suppeditat
2028 1457 2113 1521 ad
2144 1455 2741 1520 Textus·Hebraici

271 1567 626 1651 lectionem,
676 1567 883 1653 qualis
928 1578 1085 1633 tunc
1131 1577 1293 1652 erat,
1342 1569 1866 1633 constituendam
1913 1578 1978 1633 et
2021 1568 2472 1634 illustrandam
2490 1571 2532 1634 ⁷.

465 1679 578 1744 Ad
622 1681 956 1745 secundi
1000 1682 1243 1747 saeculi
1294 1683 1511 1765 finem,
1570 1681 1680 1747 vel
1741 1681 1858 1748 sub
1917 1684 2250 1768 sequentis
2308 1683 2556 1747 initium
2619 1683 2746 1748 alia

273 1815 503 1878 graeca
553 1795 769 1858 versio
832 1793 1162 1878 publicam
1221 1795 1437 1860 lucem
1501 1797 1864 1881 conspexit,
1924 1796 2126 1881 priori
2185 1796 2398 1859 minus
2456 1794 2744 1879 literaliS,

273 1905 383 1970 sed
410 1905 611 1970 multo
646 1905 1025 1991 elegantior,
1058 1917 1324 1972 auctore
1358 1907 1834 1994 Symmacho,
1882 1907 2312 1994 Symmachus
2334 1911 2358 1952 8
2403 1931 2443 1971 a
2472 1908 2744 1972 Judaeis

272 2017 351 2082 ad
382 2027 624 2082 sectam
654 2018 1109 2084 Ebionitarum
1141 2020 1473 2104 deficiens,
1520 2031 1593 2085 ut
1631 2019 2047 2107 popularium
2094 2043 2358 2085 suorum
2378 2042 2384 2047 ·
2405 2022 2743 2107 opiniones

270 2130 689 2215 subverteret,
756 2156 997 2198 novam
1058 2133 1319 2198 Veteris
1386 2134 1807 2198 Instrumenti
1867 2132 2355 2198 translationem
2419 2133 2745 2198 Graecam

474 2486 509 2551 ¹)
552 2485 811 2551 „Aquilae
870 2486 1109 2536 secunda
1166 2487 1354 2548 editio,
1416 2502 1575 2552 quam
1634 2488 1875 2539 Hebraei
1933 2485 2037 2536 κατ’
2099 2481 2342 2554 ἀκρίβειαν
2404 2489 2745 2552 nominant“3

272 2579 488 2624 testatur
521 2573 882 2638 Hieronymus
918 2575 973 2623 in
1010 2573 1207 2624 Ezech.
1246 2577 1295 2636 3,
1336 2575 1419 2624 15.
1455 2592 1506 2640 p.
1534 2577 1617 2624 32.
1681 2575 1721 2638 2)
1762 2574 1842 2624 cf.
1879 2573 2130 2636 Rodium,
2171 2574 2237 2624 de
2273 2575 2413 2624 Bibl.
2452 2580 2576 2624 text.
2615 2577 2746 2640 orig.

271 2662 365 2723 111,
404 2665 448 2712 1.
496 2678 547 2726 p.
586 2663 705 2711 235.
744 2678 785 2711 s.
845 2662 908 2711 R.
947 2660 1150 2727 Anger,
1203 2662 1269 2711 de
1304 2661 1465 2711 Akila
1513 2679 1590 2728 gr.
1626 2662 1691 2711 V.
1729 2663 1802 2712 Τ.
1839 2664 2053 2727 interpr.
2101 2663 2249 2727 Lips.
2291 2663 2443 2712 1845.
2491 2679 2542 2727 p.
2585 2665 2664 2713 10.
2703 2679 2746 2712 s.

274 2750 312 2813 ³)
348 2748 513 2797 Divus
547 2748 921 2813 Hieronymus,
960 2750 1111 2798 cuius
1138 2753 1313 2798 aetate
1339 2749 1512 2799 versio
1538 2748 1632 2797 illa
1656 2748 1831 2798 adhuc
1867 2750 2078 2815 integra
2113 2754 2405 2813 supererat,
2447 2765 2528 2815 ep.
2557 2752 2638 2798 36.
2678 2749 2748 2798 ad

272 2837 479 2885 Damas.
504 2850 555 2883 n.
584 2836 667 2885 15.
692 2852 744 2901 p.
772 2836 888 2885 167.
914 2836 1121 2885 scribit:
1163 2835 1389 2900 „Aquila
1413 2837 1505 2901 qui
1528 2852 1638 2885 non
1663 2837 2061 2898 contentiosius,
2088 2840 2150 2885 ut
2173 2836 2388 2900 quidam
2414 2840 2620 2901 putant,
2652 2836 2748 2885 sed

272 2922 553 2973 studiosius
589 2922 813 2971 verbum
846 2922 1274 2988 interpretatur-‘¹‘
1324 2922 1473 2972 Idem
1497 2924 1711 2987 saepius
1745 2924 1860 2971 eius
1900 2922 2264 2973 defensionem
2301 2923 2528 2988 suscipit
2562 2928 2750 2973 contra

274 3011 582 3075 opinionem,
622 3009 765 3074 quod
801 3009 921 3058 loca
954 3010 1019 3058 V.
1058 3009 1119 3058 Τ.
1158 3024 1297 3074 quae
1333 3009 1569 3059 futurum
1606 3009 1800 3059 Christi
1837 3008 2127 3058 adventum
2162 3009 2638 3074 praenunciabant,
2679 3009 2746 3059 de

275 3096 527 3146 industria
573 3098 631 3144 in
680 3096 1028 3145 translatione
1078 3110 1178 3146 sua
1222 3098 1278 3144 in
1328 3095 1490 3145 alium
1538 3112 1755 3145 sensum
1804 3096 2097 3146 detorserit.
2161 3095 2242 3144 Cf.
2283 3111 2364 3161 ep.
2403 3096 2472 3146 ad
2506 3095 2746 3145 Marcell.

274 3186 347 3245 32,
376 3186 421 3231 1.
448 3200 498 3246 p.
529 3184 644 3232 152.
684 3198 870 3231 comm.
898 3184 954 3231 in
977 3182 1185 3233 Habac.
1213 3185 1261 3244 3,
1291 3184 1372 3233 13.
1408 3182 1500 3244 VI,
1528 3184 1645 3231 656.
1684 3183 1862 3243 Quare
1896 3183 2256 3246 putaverimus
2295 3197 2338 3231 s.
2363 3181 2746 3246 Hieronymum

273 3269 407 3330 alibi,
446 3269 515 3318 ad
551 3270 699 3325 Pam..
738 3284 821 3334 ep.
860 3270 944 3331 57,
986 3272 1065 3318 11.
1104 3285 1157 3334 p.
1198 3271 1317 3319 316.
1354 3269 1411 3317 in
1446 3269 1573 3318 Isai.
1609 3270 1694 3331 49,
1732 3269 1782 3317 5.
1819 3284 1872 3333 p.
1909 3270 2056 3332 564.;
2105 3270 2200 3317 ubi
2234 3268 2480 3332 Aquilam
2523 3271 2600 3319 rei
2637 3268 2747 3319 chr.

274 3355 544 3405 adversum
570 3370 792 3420 carpere
816 3355 1043 3417 videtur,
1083 3371 1112 3404 e
1138 3355 1346 3421 vulgari
1371 3355 1611 3417 aliorum,
1638 3356 1732 3420 qui
1754 3360 2172 3420 praecesserant,
2198 3356 2450 3405 Veterum
2483 3357 2749 3405 sententia

273 3442 499 3491 locutum
534 3442 718 3491 fuisse.
791 3442 832 3507 ⁴)
870 3441 1219 3507 Deperditam
1266 3442 1431 3492 fuisse
1477 3441 1734 3491 dolemus.
1787 3441 2016 3503 Geddes‚
2055 3441 2120 3492 de
2156 3441 2297 3507 vulg.
2338 3440 2391 3491 S.
2430 3442 2486 3492 S.
2525 3442 2674 3491 Vers.
2712 3442 2747 3491 l.

276 3528 544 3593 Bamberg.
575 3530 727 3578 1787.
764 3545 815 3594 p.
842 3530 925 3577 29.
964 3529 1079 3577 eius
1114 3529 1385 3577 interitum
1420 3529 1786 3577 constitutioni
1821 3528 2114 3578 Justiniani
2149 3527 2280 3592 Imp.
2311 3527 2470 3577 Auth.
2507 3527 2626 3577 coll.
2651 3530 2746 3579 IX.

275 3621 306 3664 t.
342 3616 419 3663 29.
468 3631 591 3664 nov.
632 3616 748 3664 146.
799 3614 1071 3664 adscribit.
1146 3615 1185 3679 ⁵)
1224 3613 1306 3663 cf.
1343 3614 1402 3663 P.
1440 3615 1758 3679 Wesseling,
1800 3614 1866 3664 de
1901 3613 2132 3679 Aquilae
2167 3616 2222 3663 in
2261 3616 2474 3679 scriptis
2509 3615 2746 3666 Philonis

274 3702 589 3767 fragmentis.
628 3701 816 3751 Ultrai.
844 3702 995 3751 1748.
1058 3700 1099 3765 ὅ)
1139 3700 1295 3750 Certe
1333 3700 1617 3766 Sinopites,
1657 3717 1762 3766 quo
1801 3718 1954 3751 nemo
1992 3717 2230 3766 unquam
2253 3704 2422 3767 magis
2447 3701 2650 3751 minuta
2680 3702 2749 3751 ad

275 3789 471 3838 literam
496 3787 824 3837 adhaesione
850 3787 1155 3838 hebraicam
1178 3790 1459 3837 veritatem
1482 3788 1678 3850 retulit,
1711 3787 1812 3838 hac
1841 3788 2022 3839 servili
2045 3789 2498 3853 interpretationis
2523 3790 2746 3851 ratione,

274 3875 609 3940 impolitoque
648 3874 916 3924 scribendi
951 3890 1147 3939 genere
1176 3874 1459 3939 plurimum
1496 3874 1730 3924 offendit.
1793 3875 1833 3940 ⁷)
1873 3874 1954 3924 cf.
1981 3875 2180 3937 Dathii,
2220 3875 2414 3939 disput.
2440 3876 2496 3923 in
2519 3874 2748 3939 Aquilae

274 3962 517 4028 reliquias
554 3963 649 4011 int.
686 3961 919 4025 Hoseae,
956 3962 1014 4029 in
1050 3977 1232 4026 opusc.
1269 3978 1321 4026 p.
1359 3962 1408 4010 4.
1444 3976 1485 4011 s.
1542 3960 1601 4010 C.
1638 3961 1728 4009 Fr.
1765 3961 1982 4023 Bahrdt,
2024 3961 2102 4010 ed.
2141 3960 2369 4025 Hexapl.
2409 3960 2553 4026 Orig.
2597 3961 2746 4026 Lips.

277 4050 415 4099 1769.
464 4049 509 4110 1,
550 4050 665 4099 107.
704 4064 747 4098 s.
784 4065 837 4097 n.
899 4047 957 4097 C.
994 4047 1333 4110 Vercellone,
1390 4052 1708 4097 avvertenze
1759 4048 1976 4118 critiche
2031 4048 2170 4096 sulla
2205 4050 2448 4097 versione
2496 4047 2629 4097 satta
2679 4048 2749 4097 da

274 4134 475 4200 Aquila.
512 4135 666 4184 Rom.
697 4136 845 4185 1847.
883 4139 1046 4199 repet.
1082 4136 1137 4183 in
1174 4135 1399 4185 Dissert.
1432 4134 1597 4184 Acad.
1635 4152 1686 4199 p.
1717 4136 1831 4184 143.
1858 4152 1899 4185 s.
1937 4135 2186 4200 Denique
2223 4136 2509 4185 observare
2545 4134 2747 4199 placet:

276 4227 664 4271 controversum
700 4236 835 4283 csse,
872 4221 1000 4286 quid
1023 4221 1248 4285 Aquilae
1286 4237 1405 4270 cum
1442 4220 1653 4270 Onkelo
1690 4221 1912 4271 rationis
1947 4221 2248 4270 intercedat
2283 4220 2428 4285 apud
2463 4222 2747 4285 scriptores

274 4307 522 4369 Judaeos,
560 4322 631 4356 an
657 4306 900 4356 Onkelus
935 4306 1077 4356 idem
1112 4308 1182 4357 sit
1219 4308 1309 4373 qui
1334 4306 1564 4372 Aquila?
1600 4307 1782 4356 Unum
1817 4306 2152 4371 eundemque
2187 4306 2590 4371 intelligendum
2629 4322 2746 4355 esse

276 4398 507 4443 statuunt
542 4394 633 4443 alii
662 4422 724 4430 -
750 4410 797 4443 e.
825 4410 869 4443 c.
896 4396 1089 4459 Anger,
1126 4394 1163 4442 l.
1193 4410 1237 4443 c.
1277 4412 1328 4459 p.
1358 4396 1437 4445 11.
1464 4422 1530 4429 -
1557 4399 1756 4459 negant
1792 4393 1899 4454 alii.
1935 4393 2000 4442 E.
2027 4410 2076 4459 g.
2103 4394 2471 4455 Montfaucon‚
2509 4392 2747 4458 praelim.

274 4480 332 4542 V,
356 4483 404 4529 6.
429 4498 480 4545 p.
505 4482 590 4530 51.
652 4480 696 4545 ⁸)
721 4479 777 4529 Si
800 4481 1054 4540 Eusebi0,
1092 4481 1160 4529 H.
1186 4481 1250 4529 E.
1276 4482 1366 4541 VI,
1397 4482 1476 4530 17.
1502 4497 1553 4545 p.
1580 4482 1700 4530 218.
1738 4495 1970 4545 quocum
2004 4480 2209 4529 faciunt
2243 4482 2464 4529 notitiae
2493 4478 2746 4544 Syrorum

278 4567 409 4633 apud
442 4567 850 4629 Assemannum,
886 4567 1025 4617 Bibl.
1065 4566 1268 4617 Orient.
1304 4568 1375 4631 II,
1413 4568 1529 4616 278.
1566 4568 1664 4630 ΠΙ,
1705 4570 1751 4630 1,
1792 4569 1890 4630 17.,
1929 4567 2227 4617 credimus.-
