3309 5300
1205 441 1268 483 De
1294 440 1525 491 Inter-pret.
1556 442 1601 481 S.
1629 440 1673 481 S.
1705 440 1945 483 Catholica.
1987 445 1991 449 “
2691 420 2813 494 33],

320 620 675 680 Alexander
704 623 783 680 de
812 621 1027 679 Hales
1073 622 1340 692 ‚doctor
1368 620 1921 695 irrefragabilis‘
1967 623 2178 679 Minor.
2210 620 2438 691 Franc„
2472 621 2574 699 qui
2613 621 2816 697 postil-

320 725 443 783 lam
475 728 543 783 in
572 730 698 784 tota
730 726 784 783 S.
820 726 1014 783 Biblia
1045 726 1403 801 compilavit.
1435 725 1491 783 S.
1523 725 1880 783 Antonius
1910 727 2210 783 Paduan.
2259 733 2500 801 propter
2539 710 2816 783 eximiam

320 829 375 889 S.
408 830 467 889 S.
502 831 808 889 scientiam
838 830 1117 905 Gregorio
1146 831 1259 888 IX.
1295 832 1358 889 P.
1406 849 1587 901 ,arca
1627 829 2096 888 Testamenti‘
2142 831 2346 888 dictus.
2395 831 2520 888 Deo
2565 831 2816 888 homini-

319 938 557 1013 busque
602 936 870 994 amabilis
914 936 970 994 S.
1008 936 1515 994 Bonaventura
1561 935 1822 1006 ,doctor
1866 936 2323 1011 seraphicus‘,
2370 934 2561 1010 Episc.
2595 935 2814 994 Alban.

318 1039 503 1114 longe
562 1041 799 1119 lateque
844 1042 1298 1111 celeberrimus,
1363 1041 1424 1097 in
1479 1041 1784 1099 scribendo
1837 1040 2196 1115 profunduS,
2263 1039 2408 1097 utile
2470 1058 2603 1097 cum
2658 1040 2818 1098 dulci

318 1149 566 1217 miscet;
630 1146 823 1204 fervet
866 1146 929 1203 in
972 1146 1237 1204 sensibus
1293 1145 1553 1222 mysticis
1606 1144 1972 1218 indagandis,
2034 1144 2267 1202 literam
2320 1148 2520 1202 tamen
2579 1144 2828 1202 minime·

318 1250 611 1325 negligit:
658 1251 829 1328 ,quod
868 1269 975 1325 per
1004 1247 1313 1307 Sacrarum
1346 1248 1784 1324 Scripturarum
1830 1248 2038 1306 silvam
2085 1248 2216 1325 quis
2261 1267 2464 1306 secure
2509 1248 2816 1307 incidendo

318 1358 383 1413 et
428 1354 780 1429 exponendo
824 1353 1061 1413 incedat
1104 1373 1248 1428 opus
1294 1357 1399 1424 est,
1461 1357 1529 1410 ut
1582 1354 1744 1428 prius
1792 1352 2021 1411 noverit
2063 1352 2245 1427 ipsius
2291 1352 2347 1409 S.
2398 1353 2453 1411 S.
2500 1353 2811 1411 veritatem

318 1478 429 1533 per
476 1460 663 1517 verba
707 1458 1006 1534 explicita‘
1050 1456 1433 1533 praecipiens,
1497 1456 1827 1514 Aimericus
1871 1456 2342 1514 Placentinus
2374 1457 2438 1514 Ο.
2473 1456 2570 1513 Fr.
2606 1458 2810 1516 Praed.

318 1563 383 1620 in
416 1563 480 1621 S.
515 1564 571 1620 S.
605 1563 1049 1634 versatissimus,
1092 1562 1287 1620 domui
1319 1562 1672 1620 Bononiensi
1703 1561 2220 1619 Dominicanorum
2256 1561 2537 1636 pretiosos
2569 1560 2811 1619 Codices

318 1670 375 1726 S.
414 1666 749 1725 Bibliorum
780 1667 1109 1749 acquisivit.
1159 1667 1364 1740 Hugo
1394 1666 1562 1724 Card.
1598 1666 1833 1723 Carens,
1869 1685 1912 1721 s.
1949 1684 1982 1721 a
2013 1685 2055 1722 s.
2091 1664 2260 1724 Caro
2293 1664 2431 1723 Ord.
2475 1666 2572 1722 Fr.
2603 1665 2808 1724 Praed.

318 1775 564 1847 praeter
609 1772 1027 1830 commentaria
1070 1772 1132 1827 in
1162 1772 1233 1829 U.
1266 1772 1330 1827 Τ.
1380 1774 1639 1841 exarata,
1688 1768 1925 1844 collegit
1969 1769 2145 1827 etiam
2177 1801 2260 1809 —
2292 1772 2354 1826 et
2395 1788 2504 1844 per
2547 1769 2706 1840 alios,
2752 1769 2817 1827 in

320 1876 543 1953 quibus
588 1876 925 1933 nominatur
968 1875 1328 1934 Conradus
1374 1874 1972 1945 Halberstadius‚·
1999 1877 2061 1931 et
2097 1877 2235 1931 ante
2265 1893 2398 1931 eum
2441 1876 2698 1932 Joannes
2745 1875 2816 1932 de

317 1981 421 2038 De
437 1980 779 2055 rlington.
812 2014 895 2021 -
919 1981 975 2037 8.
1003 1980 1324 2038 Bibliorum
1356 1977 1585 2036 Conco
1602 1979 1979 2049 rdantiam,
2014 1978 2115 2057 qui
2139 1978 2292 2036 liber
2314 1981 2517 2037 tantae
2540 1978 2816 2036 utilitatis

318 2085 459 2157 fuit,
499 2091 570 2142 ut
609 2105 739 2143 eum
780 2084 993 2143 imitati
1024 2086 1061 2142 J
1063 2084 1232 2142 udaei
1266 2084 1513 2141 similem
1545 2084 1734 2141 literis
1764 2084 2034 2141 hebraeis
2065 2084 2442 2141 confecerint.
2489 2084 2582 2142 De
2611 2082 2816 2141 Corre-

320 2190 526 2247 ctoriis
560 2188 799 2247 Biblicis
829 2209 885 2247 v.
922 2208 977 2266 q.
1010 2210 1068 2247 n.
1104 2210 1154 2245 a.
1190 2189 1229 2247 l.
1261 2189 1314 2245 d.
1358 2188 1414 2245 8.
1448 2190 1514 2245 P.
1564 2187 2038 2245 Innocentius
2084 2190 2196 2245 ΙΙΙ.
2232 2192 2291 2245 et
2322 2189 2392 2245 V.
2438 2187 2501 2244 in
2549 2178 2816 2246 Ecclesia

320 2294 714 2369 gubernanda
759 2293 992 2364 assidui,
1038 2293 1260 2352 Divina
1303 2292 1615 2350 Volumina
1673 2290 2056 2348 nihilominus
2101 2291 2359 2349 feliciter
2405 2292 2814 2350 enuclearunt.

322 2398 733 2456 Guilelmus
785 2400 917 2455 Par.
978 2400 1085 2473 Ep.
1134 2401 1407 2468 Arvern.,
1476 2399 1732 2456 Petrus
1788 2396 2063 2471 Archiep.
2131 2398 2471 2469 Senonens.,
2535 2397 2815 2455 Nicolaus

320 2502 715 2561 Bocasinus
762 2504 895 2560 Ord.
929 2503 1156 2585 Praed.,
1203 2507 1265 2560 et
1292 2502 1684 2577 Philippus
1719 2502 1869 2559 Abb.
1900 2502 2088 2558 bonae
2133 2500 2256 2575 spei
2299 2503 2363 2560 Ο.
2397 2502 2814 2575 Praemonstr.,

322 2608 381 2666 S.
435 2607 768 2666 Literarum
813 2608 1018 2666 studiis
1062 2610 1232 2665 erant
1276 2606 1672 2665 addictissimi.
1716 2606 1770 2664 S.
1814 2607 2110 2665 Thomas
2145 2606 2468 2684 Aquinas
2515 2604 2580 2665 Ο.
2631 2608 2687 2666 8.
2736 2608 2811 2666 D.

322 2712 926 2770 scholasticorum
971 2713 1124 2770 sine
1171 2711 1329 2769 ulla
1386 2711 1891 2769 controversia
1948 2711 2312 2786 princeps,
2374 2711 2533 2769 felici
2578 2712 2816 2786 ingenio

323 2817 545 2874 multos
592 2817 648 2874 8.
694 2817 1033 2891 Scripturas
1080 2815 1261 2874 libros
1306 2815 1678 2873 lucidissimis
1736 2816 2166 2874 commentariis
2221 2815 2562 2876 illustravit.
2632 2815 2813 2874 Grae-

323 2940 543 2992 corum,
592 2941 840 3000 quorum
872 2920 1045 2978 multi
1086 2925 1231 2978 tunc
1262 2921 1325 2977 in
1356 2920 1535 2978 Italia
1566 2921 1859 2994 degebant
1903 2921 2237 2979 eruditione
2282 2941 2438 2992 usus,
2485 2921 2815 2980 versionem

321 3026 617 3085 literalem
663 3027 718 3083 S.
766 3030 1017 3104 quatuor
1058 3026 1518 3100 Evangeliorum
1565 3026 1696 3082 fieri
1743 3025 2005 3097 curavit3
2053 3045 2228 3103 quam
2274 3025 2336 3083 in
2383 3026 2814 3084 commentariis

322 3131 447 3188 suis
492 3130 783 3188 adhibuit.
831 3131 909 3188 Et
955 3131 1221 3207 quamvis
1267 3131 1379 3187 nisi
1424 3133 1672 3189 venuste
1717 3129 1773 3187 S.
1819 3131 1882 3187 P.
1933 3133 1993 3187 et
2039 3131 2096 3188 S.
2143 3127 2210 3187 E.
2261 3131 2324 3187 in
2369 3131 2426 3188 8.
2477 3131 2812 3206 Scripturas

320 3235 633 3310 praeclara
678 3234 849 3304 dicta,
897 3235 1163 3292 centonis
1210 3234 1475 3292 adinstar
1521 3237 1816 3293 necteret:
1882 3238 1970 3291 est
2030 3238 2227 3292 tamen
2271 3234 2338 3306 is,
2386 3236 2487 3313 qui
2535 3238 2622 3292 sui
2671 3239 2815 3293 tem-

322 3340 481 3418 poris
527 3339 734 3398 Divini
780 3338 1003 3398 Codicis
1064 3340 1500 3398 enarratoribus
1560 3343 1959 3415 anteponatur
2011 3341 2083 3398 ob
2139 3340 2364 3414 copiam
2411 3340 2710 3398 doctrinae
2756 3344 2818 3398 et

326 3463 573 3502 acumen
622 3444 843 3502 iudicii.
904 3441 1276 3520 Quapropter
1321 3445 1561 3522 iniquae
1606 3463 1887 3502 censurae
1932 3445 1994 3502 in
2041 3445 2096 3502 S.
2147 3445 2428 3502 Thomam
2474 3445 2814 3521 postulandi

322 3553 466 3606 sunt
496 3549 701 3619 critici,
750 3549 851 3626 qui
894 3568 957 3606 re
999 3568 1116 3606 non
1148 3551 1299 3607 bene
1345 3551 1696 3620 examinata,
1744 3549 1984 3607 Doctori
2017 3549 2301 3624 Angelico
2348 3550 2815 3626 ,interpretis‘

323 3653 464 3711 boni
510 3653 766 3728 elogium
812 3653 1067 3711 adimere
1111 3659 1384 3729 pergunt.
1443 3655 1576 3712 Non
1621 3653 1959 3712 inficiamur
2003 3656 2059 3714 8.
2106 3656 2387 3712 Thomam
2436 3654 2699 3733 aliosque
2730 3688 2816 3698 --

322 3758 662 3834 cumprimis
723 3758 1047 3816 conditores
1109 3762 1449 3816 catenarum
1478 3792 1565 3800 —
1595 3759 1820 3816 codices
1879 3760 2310 3834 manuscriptos
2352 3759 2578 3816 Textus
2624 3760 2813 3834 Origi-

322 3863 475 3920 narii
504 3863 572 3921 U.
606 3864 669 3921 F.
706 3863 977 3942 manibus
1008 3881 1382 3941 nequaquam
1428 3863 1730 3934 evolvisse,
1777 3864 1991 3938 partim
2037 3866 2192 3942 quod
2237 3864 2501 3939 linguam
2546 3884 2814 3940 graecam

322 3967 695 4040 ignorarent,
762 3967 976 4043 partim
1039 3968 1178 4045 quia
1232 3967 1469 4027 Codices
1507 4002 1594 4010 —
1634 3987 1764 4026 oum
1826 3989 1958 4028 care
2022 3970 2298 4028 venirent
2357 3973 2418 4027 et
2473 3971 2630 4030 obvii
2664 3989 2813 4042 ¹non

320 4071 516 4128 forent
536 4104 619 4112 —
644 4072 714 4128 ad
747 4091 986 4129 manum
1016 4077 1251 4148 paratos
1283 4092 1405 4130 non
1433 4075 1753 4131 haberent:
1801 4075 1859 4133 id
1892 4078 2092 4132 tamen
2122 4095 2166 4133 s.
2195 4075 2452 4132 Thomae
2482 4075 2542 4132 in
2577 4074 2812 4133 laudem

324 4175 493 4246 cedit,
526 4177 679 4253 quod
703 4177 981 4234 Veterum
1011 4178 1167 4235 locos
1192 4178 1243 4234 d.
1268 4178 1535 4236 Doctor
1558 4180 1666 4234 An
1677 4177 1942 4252 gelicus
1973 4178 2221 4253 impiger
2251 4178 2590 4251 excusserit,
2623 4179 2813 4236 deter-

322 4280 481 4352 serit,
510 4299 829 4358 eorumque
859 4283 1060 4356 plures
1091 4282 1253 4360 loqui
1283 4281 1470 4339 latine
1494 4281 1732 4352 fecerit3
1766 4283 2038 4360 quodque
2062 4283 2115 4338 ei
2140 4283 2436 4357 egregium
2463 4281 2652 4340 visum
2677 4282 2811 4354 fuit,

323 4405 398 4443 ex
422 4386 693 4443 omnibus
717 4385 905 4444 veluti
938 4387 1143 4444 sedula
1174 4386 1297 4461 apis
1328 4385 1651 4460 collegerit.
1699 4386 1946 4460 Propter
1975 4387 2246 4444 eximiam
2282 4386 2552 4445 dictionis
2585 4393 2645 4444 et
2676 4387 2810 4444 dili·
2874 4409 2881 4416 ·

228 4509 231 4512 ·
321 4490 556 4564 gentiae
600 4491 1020 4564 praestantiam
1058 4491 1433 4549 celebrantur
1464 4510 1638 4566 opera
1670 4490 1730 4547 H
1741 4510 1773 4548 e
1785 4509 1864 4550 rv
1874 4492 1980 4549 aei
2026 4492 2079 4548 D
2096 4491 2162 4550 ol
2175 4512 2206 4549 e
2217 4513 2256 4549 n
2269 4513 2294 4548 s
2305 4491 2325 4549 i
2336 4512 2362 4549 s
2394 4525 2478 4534 —-
2509 4491 2586 4550 al.
2621 4491 2679 4547 N
2681 4496 2806 4550 ata-

322 4593 395 4653 lis
428 4626 535 4664 —,
571 4594 853 4668 Aegidii
900 4597 1079 4652 Rom.
1121 4596 1452 4670 Augustin„
1486 4596 1761 4670 discipuli
1793 4597 2050 4654 Thomae
2083 4599 2192 4674 Aq.
2229 4597 2472 4675 eiusque
2505 4597 2812 4654 doctrinae
