3309 5300
1234 448 1416 496 veteres
1442 441 1541 496 τῶν
1573 447 1699 493 LXX.
2609 427 2729 494 161

238 617 580 701 cognitum
604 617 1070 683 transtulerunt
1093 640 1477 682 sermonem.
1509 616 2058 682 Alexandrino
2075 640 2104 680 s
2136 625 2351 682 autem
2383 616 2426 682 J
2436 617 2733 682 udaeos

236 731 487 814 passim
520 731 661 794 eius
691 731 1242 816 interpretationis
1274 740 1575 794 auctores
1606 730 1829 813 fuisse,
1877 732 2256 815 neutiquam
2301 753 2460 794 vero
2506 729 2734 794 Palae-

238 844 481 926 stinos;
518 842 837 907 dialectus
869 865 1111 927 graeca
1141 843 1379 930 probat
1408 841 1974 926 Alexandrina,
2009 865 2176 928 quae
2209 845 2276 906 in
2310 842 2436 906 hac
2467 841 2734 906 transla-

239 956 419 1018 tione
465 957 650 1040 viget
673 959 711 1019 ¹.
788 955 976 1019 Idem
1038 957 1331 1039 sequitur
1373 954 1560 1019 inde:
1611 954 1789 1041 quod
1833 953 2198 1041 Aegyptias
2242 977 2348 1019 res
2392 954 2735 1040 Aegyptiis

238 1067 617 1132 nominibus
648 1068 1020 1152 insigniunt,
1056 1076 1253 1153 atque
1284 1067 1329 1132 J
1330 1067 1694 1132 udaeorum
1724 1066 2319 1131 Alexandrinorum
2349 1068 2735 1151 pronuncia-

236 1179 489 1244 tionem
518 1181 591 1244 in
623 1183 798 1244 omni
828 1203 996 1266 pene
1027 1181 1289 1244 nomine
1321 1181 1587 1266 proprio
1618 1179 1950 1244 Hebraico
1976 1179 2279 1244 Versioni
2311 1179 2462 1242 huic
2492 1180 2734 1243 inserto

236 1294 656 1358 servaverint
674 1295 717 1357 ².
753 1371 757 1375 .

235 1589 299 1667 ξ.
332 1589 433 1654 74.
484 1584 946 1670 Quaeritur,
989 1588 1205 1650 cuius
1248 1587 1594 1652 ambitus
1639 1596 1713 1651 et
1754 1586 2053 1650 indolis
2085 1587 2329 1651 fuerit
2363 1595 2491 1648 τῶν
2524 1586 2736 1651 LXX.

974 1700 1499 1785 interpretum
1544 1698 2013 1764 translatio?

456 1887 756 1968 Quorum
799 1887 1151 1953 Librorum
1196 1888 1419 1952 fuerit:
1490 1912 1574 1952 an
1618 1889 1829 1953 solum
1875 1895 1986 1972 ,τοῦ
2032 1893 2253 1972 νόμουίς
2321 1889 2427 1954 vel
2481 1891 2736 1954 univer-

240 2025 468 2066 sorum
516 2000 583 2066 S.
634 2000 699 2066 S.
746 2001 829 2065 V.
878 1999 953 2065 T.
1001 2001 1403 2066 Librorum?
1451 2001 1693 2088 optime
1743 2001 2013 2067 solvitur
2055 2004 2425 2067 testimonio
2476 2003 2542 2066 S.
2585 2003 2739 2066 Hie-

238 2116 521 2200 ronymi,
594 2115 750 2199 qui3
791 2112 1009 2194 tradit,
1057 2113 1232 2200 quod
1278 2124 1366 2196 ,et
1393 2112 1690 2179 Aristeus
1733 2124 1796 2178 et
1837 2117 2044 2180 omnis
2077 2115 2300 2179 schola
2331 2114 2739 2180 Judaeorum

241 2229 596 2314 quinque
658 2216 957 2291 tantum
1019 2226 1268 2291 libros
1314 2227 1564 2312 Moysi
1614 2250 1653 2290 a
1701 2227 2131 2314 Septuaginta
2175 2227 2521 2293 translatos
2568 2233 2739 2292 ass'e-

237 2343 471 2404 rant‘4.
517 2339 731 2404 Divus
756 2340 1195 2424 Hieronymus
1219 2339 1557 2425 theologos
1589 2341 1970 2404 recentioris
1997 2342 2225 2404 aetatis
2253 2342 2344 2404 ita
2366 2339 2564 2405 habet
2591 2365 2740 2405 con-

242 2455 627 2536 sentientes,
659 2462 732 2516 ut
764 2454 1061 2517 certatim
1092 2452 1459 2517 iudicarent
1487 2453 1850 2518 Ptolemaei
1879 2462 2206 2539 tempore:
2250 2453 2454 2517 solam
2484 2454 2742 2538 Legem

240 2567 284 2629 i.
321 2587 381 2630 e.
416 2565 939 2630 Pentateuchum
970 2565 1169 2630 fuisse
1204 2565 1604 2648 translatum,
1637 2566 1956 2652 neglectis
1987 2568 2304 2654 tantisper
2335 2590 2414 2631 ac
2446 2568 2742 2653 sepositis

242 2679 515 2765 reliquis
578 2678 931 2744 Librorum
993 2678 1059 2744 S.
1127 2680 1490 2763 ordinibuS,
1561 2680 1906 2766 Prophetis
1975 2689 2170 2766 atque
2236 2679 2740 2765 Hagiographis.

242 2792 507 2856 Horum
568 2794 1017 2878 interpretatio
1064 2794 1331 2879 privatis
1381 2794 1549 2857 curis
1595 2792 1844 2877 relicta,
1893 2802 1959 2857 et
2001 2802 2295 2879 tempore
2341 2793 2742 2879 procedente

246 2907 393 2969 sine
433 2904 631 2969 dubio
667 2906 907 2969 sensim
943 2906 1037 2969 ita
1079 2907 1371 2985 instituta
1416 2915 1539 2989 est3
1586 2915 1656 2969 ut
1695 2907 1739 2969 ii
1769 2906 1971 2989 Libri,
2021 2929 2296 2992 quorum
2336 2929 2490 2970 usus
2537 2907 2742 2990 magis

244 3020 659 3107 necessarius
684 3028 841 3102 erat,
874 3020 1051 3104 prius
1076 3028 1503 3102 verterentur,
1528 3020 1570 3082 ii
1603 3029 1842 3101 autem,
1878 3021 1988 3105 qui
2013 3021 2222 3083 minus
2257 3019 2737 3102 adhiberentur,

248 3133 477 3195 serius.
534 3131 702 3195 Rem
732 3133 825 3195 ita
854 3155 922 3195 se
954 3131 1221 3215 habere,
1254 3132 1466 3218 ipsum
1500 3131 1829 3196 diversum
1862 3154 2068 3216 genus
2100 3132 2360 3217 linguae
2394 3133 2636 3217 pariter
2667 3154 2744 3194 ac

249 3243 577 3327 dictioniS,
612 3254 677 3309 et
704 3246 888 3309 varia
917 3246 1236 3309 versionis
1268 3244 1521 3309 indoles
1554 3268 1633 3309 ac
1665 3244 1898 3310 modus
1933 3244 2272 3309 evidenter
2303 3246 2532 3329 arguit.
2577 3243 2744 3308 Con-

245 3359 517 3422 trariam
551 3360 941 3421 sententiam
970 3359 1523 3445 propugnantium
1555 3368 1940 3444 argumenta
1973 3381 2008 3421 e
2036 3357 2428 3444 quibusdam
2457 3358 2744 3421 testimo-

243 3472 377 3534 niis
407 3473 632 3558 petita,
684 3470 823 3536 sola
852 3474 1169 3536 versionis
1200 3470 1553 3536 Librorum
1585 3471 1986 3557 singulorum
2031 3470 2374 3536 collatione
2417 3479 2743 3535 corruunt.

244 3583 745 3648 Pentateuchus
775 3584 1050 3649 multum
1085 3585 1303 3649 differt
1334 3585 1415 3650 ab
1447 3585 1982 3671 interpretatione
2022 3583 2065 3649 J
2069 3583 2195 3667 obi,
2240 3583 2675 3648 Ecclesiastes
2708 3606 2748 3645 a

246 3696 293 3761 J
297 3700 548 3762 eremia
569 3700 613 3762 ⁵.
677 3696 976 3783 CodiceS,
1012 3721 1047 3763 e
1084 3697 1318 3784 quibus
1357 3697 1571 3763 LXX.
1619 3699 1988 3763 versionem
2036 3720 2220 3761 suam
2263 3696 2746 3777 transtulerunt,

466 3938 503 4002 ¹)
544 3936 776 4003 Copiose
823 3936 926 3987 hoc
980 3942 1351 4003 argumentum
1404 3938 1742 4002 prosequitur
1788 3935 2146 3998 Thierschius,
2198 3934 2231 3983 1.
2271 3950 2315 3983 c.
2362 3952 2412 3999 p.
2453 3936 2743 3998 65—110.;

249 4026 477 4091 eiusque
524 4026 581 4074 in
616 4026 695 4074 rei
730 4023 890 4075 fidem
938 4024 1162 4089 allegatz
1211 4019 1373 4074 voces
1423 4023 1680 4089 singulas,
1733 4038 1872 4089 quae
1921 4026 2114 4071 natura
2162 4036 2261 4071 sua
2307 4022 2541 4086 produnt
2574 4021 2746 4085 Aegy-

247 4112 489 4177 ptiacam
537 4112 811 4177 originem,
865 4110 1295 4177 orthographiam
1344 4114 1455 4162 sive
1502 4112 1718 4162 modum
1767 4109 2050 4172 scribendi,
2097 4109 2355 4159 idiomata
2403 4108 2747 4173 grammatica

250 4204 417 4263 atque
454 4200 771 4263 syntactica.
821 4200 1184 4262 Demonstrat,
1224 4199 1487 4265 quomodo
1525 4201 1595 4267 τῷ
1624 4196 1729 4248 κατ’
1767 4192 2130 4264 Ἀλεξάνδρειαν
2166 4198 2349 4263 τοπικῷ
2384 4195 2658 4263 χαρακτῆρι
2691 4196 2747 4241 in

248 4285 609 4336 translatione
647 4287 731 4335 usi
766 4284 979 4336 fuerint.
1042 4285 1083 4351 2)
1124 4284 1203 4335 Cf.
1240 4286 1623 4349 Thierschium,
1663 4286 1697 4335 l.
1737 4301 1782 4335 c.
1818 4303 1870 4351 p.
1910 4287 1993 4334 27.
2032 4301 2073 4334 ε.
2137 4284 2178 4349 ³)
2219 4282 2418 4332 Comm.
2457 4284 2509 4329 in
2547 4280 2743 4329 Ezech.

251 4378 303 4437 5,
351 4377 437 4425 13.
471 4374 538 4437 V,
576 4376 661 4424 54.
733 4374 774 4439 ⁴)
812 4372 961 4423 Idem
1006 4372 1301 4439 iisdemque
1336 4374 1515 4423 verbis
1552 4374 1724 4437 inquit
1759 4372 1830 4421 ad
1864 4372 2024 4421 Mich.
2063 4374 2110 4434 2,
2150 4373 2197 4422 9.
2235 4361 2341 4433 VI:
2365 4371 2484 4419 456.
2560 4368 2599 4433 5)
2641 4367 2750 4427 Sed

252 4462 425 4513 multa
449 4466 575 4511 sunt
603 4462 776 4522 nimis,
817 4475 955 4525 quae
982 4460 1047 4509 de
1083 4459 1165 4509 his
1198 4461 1366 4510 critici
1394 4460 1684 4525 disputant,
1722 4475 1820 4510 nos
1847 4461 1974 4526 quin
2010 4459 2090 4509 his
2130 4460 2476 4517 detineamur,
2515 4456 2746 4505 breviter

252 4549 515 4611 dicemus,
555 4548 701 4614 quod
736 4548 874 4597 scitu
900 4547 1117 4611 dignum
1147 4547 1429 4596 videbitur.
1467 4546 1530 4595 V.
1556 4546 1617 4597 P.
1644 4545 1712 4597 de
1736 4546 1999 4612 Lagarde,
2027 4544 2442 4608 Anmerkungen
2477 4559 2520 4591 z.
2549 4540 2744 4607 griech.

252 4636 568 4687 Uebersetz.
610 4635 705 4685 der
738 4635 1085 4686 Proverbien.
1122 4634 1306 4699 Leipz.
1346 4635 1499 4683 1863.
1536 4651 1589 4700 p.
1632 4636 1681 4683 2.
1719 4651 1760 4685 s.

361 4729 573 4777 nanim,
605 4729 721 4770 nist.
747 4728 1041 4769 Revelationis
1064 4727 1255 4768 divinae.
1286 4726 1365 4767 111.
2372 4716 2433 4765 11
