3309 5300
884 1402 1397 1500 SEOTIO
1454 1402 2119 1500 SECUNDA.

312 1650 419 1725 DE
466 1647 1244 1725 INTERPRETATIONE
1302 1646 1623 1723 SAGRAE
1669 1646 2189 1723 SCRIPTURAE
2235 1646 2711 1723 GATHOLICA

1111 1802 1418 1880 BREVIS
1462 1803 1910 1880 NARRATIO.

273 2101 328 2177 ξ.
378 2100 523 2164 140.
575 2094 789 2174 Quae
837 2096 936 2157 sit
979 2093 1317 2175 utilitas,
1368 2094 1542 2177 quis
1600 2115 1895 2177 scopus
1955 2094 2188 2157 istius
2233 2094 2756 2158 Narrationis,

475 2291 796 2349 Doctrinae
840 2291 914 2349 de
956 2291 1134 2348 Sacra
1179 2290 1487 2365 Scriptura
1532 2290 1778 2366 eiusque
1821 2290 2317 2364 interpretatione
2355 2290 2532 2347 finem
2578 2290 2760 2365 impo-

274 2398 459 2468 situri,
506 2397 777 2474 sequenti
816 2397 1165 2453 tractatione
1192 2396 1453 2453 breviter
1485 2395 1881 2453 narrabimus:
1925 2414 2075 2472 quae
2103 2412 2226 2467 per
2265 2395 2760 2453 novemdecim

276 2500 569 2561 saecula
620 2501 693 2558 in
738 2500 1073 2558 Ecclesia
1104 2499 1481 2558 Catholica
1510 2500 1766 2557 Divini
1799 2497 2080 2556 Codicis
2122 2499 2352 2557 fuerit·
2382 2498 2762 2573 expositio.

278 2606 482 2664 Solent
514 2608 747 2675 nautae,
780 2622 912 2662 cum
945 2608 1165 2662 terram
1198 2624 1230 2662 e
1259 2623 1487 2662 summa
1528 2603 1667 2662 navi
1709 2603 2078 2678 prospiciunt
2116 2604 2415 2674 exultare;
2463 2621 2594 2661 cum
2625 2622 2766 2662 vero

278 2711 475 2786 portui
508 2709 999 2787 appropinquant,
1032 2708 1301 2766 certatim
1332 2727 1460 2766 sese
1483 2709 1555 2766 ad
1578 2708 1985 2782 remigandum
2010 2708 2256 2778 hortari,
2289 2712 2631 2785 ceterosque
2660 2709 2765 2785 qui

278 2813 450 2872 simul
481 2813 771 2888 navigant
794 2831 829 2870 a
850 2818 1014 2886 tergo
1046 2812 1401 2890 relinquere,
1434 2817 1494 2870 et
1515 2813 1741 2887 priores
1770 2815 2005 2887 portum
2035 2815 2238 2870 tenere
2270 2817 2447 2890 atque
2478 2813 2766 2870 anchoras

278 2919 469 2977 iacere
510 2918 893 2975 contendunt.
938 2919 1033 2975 Ita
1063 2922 1123 2976 et
1153 2937 1273 2988 nos,
1314 2917 1417 2995 qui
1448 2920 1577 2992 post
1608 2913 1844 2990 longain
1878 2918 1938 2974 et
1969 2916 2272 2974 difficilem
2312 2917 2766 2991 navigationem,
2862 2901 2870 2906 '¹

277 3026 348 3079 ut
376 3023 601 3079 Poeta
632 3019 790 3078 canit
831 3014 944 3097 ,ὀξὺ
976 3017 1133 3093 μάλα
1161 3017 1419 3098 προϊδὼν,
1455 3017 1706 3096 μεγάλου
1736 3017 1838 3076 ὑπὸ
1867 3019 2082 3093 κὺμμος
2114 3019 2336 3097 ἀρθείςί,
2381 3022 2549 3100 quasi
2592 3021 2769 3079 litora

278 3127 389 3183 iam
414 3126 798 3201 prospicimus
822 3130 1000 3202 atque
1019 3125 1223 3184 labore
1248 3125 1529 3183 diuturno
1552 3125 1689 3182 fessi
1714 3125 1786 3182 ad
1809 3129 2045 3200 portum
2069 3145 2449 3200 properamus
2469 3129 2766 3208 optatpm;

279 3229 707 3287 succideremus
732 3228 901 3300 libro,
920 3229 1071 3306 quod
1090 3248 1403 3304 possemuS,
1422 3229 1535 3286 nisi
1555 3229 2017 3286 meminissemus
2039 3230 2181 3307 quid
2205 3231 2264 3286 in
2288 3229 2543 3288 sectione
2562 3233 2770 3287 octava

276 3335 384 3388 τῶν
415 3329 974 3408 Προλεγομένων
1004 3333 1077 3389 ad
1108 3333 1185 3389 H.
1216 3333 1288 3389 R.
1321 3333 1395 3389 D.
1430 3333 1499 3389 V.
1535 3333 1597 3390 T.
1627 3333 2090 3407 promiserimus:
2136 3333 2506 3404 ,Notitiam
2539 3335 2768 3390 Inter·

278 3458 318 3513 p
330 3456 402 3495 re
414 3443 492 3494 tu
504 3439 580 3493 m‘
604 3455 710 3493 nos
727 3436 981 3494 daturos.
1008 3437 1085 3493 Et
1099 3437 1244 3493 haec
1262 3437 1497 3513 quidem
1514 3438 1848 3495 Literarum
1867 3437 2228 3496 Biblicarum
2245 3457 2397 3512 pam,
2418 3456 2453 3494 a
2466 3437 2766 3515 plerisque

281 3542 502 3599 minore
532 3542 597 3598 in
626 3540 814 3616 pretio
845 3542 1119 3612 habetur,
1150 3540 1397 3618 ideoque
1426 3541 1652 3599 intacta
1679 3541 2060 3619 relinquitur.
2102 3542 2333 3599 Invasit
2363 3543 2580 3619 quippe
2609 3543 2769 3599 haud

282 3664 597 3720 paucorum
622 3645 852 3702 animos
875 3665 946 3702 ea
969 3643 1183 3720 opinio,
1210 3645 1431 3702 frustra
1453 3645 1671 3704 laboris
1695 3645 1919 3723 aliquid
1943 3645 2085 3703 huic
2109 3645 2450 3721 disciplinae
2475 3645 2766 3720 impendi;

282 3770 475 3829 neque
507 3749 666 3806 enim
697 3753 803 3806 aut
830 3749 1152 3807 Ecclesiam
1202 3753 1263 3806 et
1306 3748 1708 3824 Theologiam‚
1757 3753 1863 3806 aut
1903 3749 2291 3808 eruditionem
2336 3769 2402 3808 eo
2448 3750 2769 3828 quidquam

284 3854 505 3925 iuvari,
566 3854 814 3930 proinde
858 3854 987 3912 sine
1035 3855 1245 3913 damno
1290 3874 1352 3911 se
1398 3873 1469 3912 ea
1498 3854 1713 3912 notitia
1758 3871 1958 3910 carere
2002 3872 2186 3927 posse.
2251 3851 2416 3915 Quae
2464 3875 2605 3913 sane
2651 3874 2770 3912 non

282 3959 523 4018 ferenda
553 3958 852 4016 excusatio
884 3962 987 4030 est,
1021 3963 1081 4018 et
1103 3959 1159 4018 S.
1183 3960 1519 4017 Literarum
1549 3957 1746 4016 studia
1775 3958 2048 4032 professis
2071 3957 2250 4033 plane
2268 3958 2530 4033 indigna.
2566 3959 2771 4016 Enim-

284 4057 421 4121 vero
451 4063 762 4122 indubium
793 4067 899 4135 est,
930 4084 963 4122 e
993 4083 1058 4122 re
1087 4063 1385 4122 Ecclesiae
1415 4063 1637 4138 pariter
1669 4081 1738 4120 ac
1765 4061 2002 4120 illorum
2035 4082 2165 4134 usu,
2201 4063 2302 4140 qui
2335 4062 2548 4120 Literis
2581 4063 2772 4120 Sacris

286 4186 515 4242 operam
568 4172 794 4225 navant
846 4168 1143 4237 futurum3
1196 4167 1244 4224 si
1287 4167 1494 4224 maiori
1541 4167 1848 4241 diligentia
1899 4166 2273 4225 Historiae
2323 4169 2405 4225 In
2420 4171 2775 4241 terpreta-

287 4271 509 4328 tionis
555 4271 983 4330 Catholicae
1028 4271 1084 4329 S.
1120 4273 1175 4330 S.
1210 4272 1575 4330 excolantur.
1630 4270 1803 4328 Certe
1833 4271 1936 4328 vix
1968 4270 2290 4348 quidquam
2321 4271 2560 4344 cognitu
2594 4271 2776 4345 magis

290 4373 433 4432 utile
464 4372 790 4432 existimari
820 4380 1033 4450 potest,
1066 4395 1243 4453 quam
1276 4375 1451 4434 scire:
1501 4394 1650 4454 quae
1697 4374 1922 4432 fuerint
1963 4374 2375 4450 explicationis
2421 4374 2773 4433 Divinorum

234 4507 237 4510 ·
291 4477 669 4536 Voluminum
698 4479 1074 4553 incunabula,
1120 4498 1475 4556 progressus,
1517 4479 1886 4538 incrementa
1916 4483 1976 4537 et
2007 4480 2397 4550 decrementa,
2443 4479 2568 4537 fata
2597 4483 2775 4556 atque

290 4583 778 4644 restaurationes?
812 4585 1052 4668 quinam
1076 4605 1151 4646 ex
1173 4585 1457 4646 immensa
1485 4584 1880 4666 interpretum
1911 4583 2293 4644 multitudine
2317 4601 2458 4662 prae
2482 4584 2689 4646 ceteris
2713 4584 2772 4644 in
