3309 5300
1176 1281 1599 1376 CAPUT
1673 1280 2378 1377 SECUNDUM

1634 1471 1702 1504 DE
1732 1469 1900 1506 VARIIS

716 1611 775 1688 S.
823 1612 1341 1688 SCRIPTURAE
1388 1610 2036 1687 CONDITIONIBUS
2081 1611 2827 1688 ACCIDENTALIBUS.

1260 1849 1861 1926 TRAOTATUS
1932 1849 2269 1926 PRIOR.

523 2023 955 2088 DIVERSAE
1012 2025 1332 2090 TEXTUS
1391 2025 1887 2090 DIVINARUM
1940 1993 2454 2090 LITERARUM'
2507 2027 3032 2091 ORIGINARH

1466 2163 2069 2229 VICISSITUDINES.

1406 2443 1461 2519 ξ.
1509 2441 1611 2506 33.
1661 2439 2124 2522 Ingressio.

726 2629 961 2681 Plurima
995 2647 1119 2682 sane
1166 2633 1405 2697 mysteria
1441 2629 1749 2696 Reliyionis,
1789 2628 2184 2694 fundamentum
2232 2631 2416 2683 habent
2455 2633 2510 2682 in
2557 2631 2745 2684 Veteris
2779 2631 3032 2697 Novique

522 2716 829 2767 Testamenti
852 2716 1026 2768 Libris
1039 2737 1059 2780 ,-
1096 2720 1182 2782 qui
1219 2718 1419 2783 quidem
1456 2718 1881 2783 comprehendunt
1917 2716 2072 2767 cond
2085 2717 2161 2767 iti
2197 2724 2242 2768 et
2278 2718 2545 2769 redemti
2580 2736 2626 2767 m
2638 2737 2715 2769 un
2727 2718 2792 2767 di
2829 2719 3035 2768 histo-

510 2807 669 2866 rias,
719 2804 931 2869 ideoque
985 2804 1137 2855 valde
1184 2813 1425 2871 superant
1474 2806 1807 2869 cuiuscunque
1851 2805 2048 2870 yeneris
2095 2804 2254 2854 libros
2297 2805 2558 2869 profanos.
2633 2804 2684 2855 S.
2731 2804 3024 2870 ⁴Scriptura

509 2896 735 2941 censente
789 2890 907 2940 divo
944 2890 1221 2958 Auqustino
1258 2898 1362 2943 est.-
1413 2908 1605 2957 „quae
1652 2894 1974 2941 canonica
2019 2891 2400 2941 nominatur
2441 2892 3030 2943 eminentissimae

506 2978 968 3040 auctoritatis,
1021 2980 1123 3028 cui
1162 2978 1371 3041 fidem
1427 2979 1731 3029 habemus
1777 2976 1854 3027 de
1902 2978 2002 3026 his
2049 2978 2261 3039 rebus,
2319 2996 2476 3042 quas
2522 2981 2831 3043 ignorare
2881 2996 3020 3027 non

508 3064 800 3127 expedit,
848 3080 956 3115 nec
998 3082 1117 3130 per
1164 3068 1601 3130 nosmetipsos
1636 3082 1818 3115 nosse
1855 3063 2074 3114 idonei
2108 3069 2358 3115 sumus.“
2405 3065 2486 3116 De
2525 3064 2630 3115 Oiv.
2667 3064 2775 3115 Dei
2809 3066 2917 3125 XI,
2962 3068 3018 3115 3.

501 3168 558 3214 p.
580 3152 708 3200 434.
745 3150 1089 3201 Nihilominus
1114 3151 1437 3202 Revelatione
1461 3154 1565 3201 iam
1590 3158 1658 3201 tot
1684 3151 1942 3201 miraculis
1977 3152 2315 3214 comprobata,
2352 3157 2422 3201 tot
2450 3158 2729 3218 ‘martyrum
2752 3152 3016 3218 sanquine

504 3236 758 3298 roborata,
796 3244 1046 3303 totumque
1081 3238 1182 3289 late
1214 3238 1379 3289 orbem
1414 3244 1622 3299 tenente,
1662 3237 1870 3303 quidam
1906 3238 1995 3288 hoc
2031 3244 2250 3301 tempore
2279 3241 2600 3303 reperiuntur
2633 3238 2781 3289 etiam
2828 3238 2918 3289 Oh
2934 3238 3022 3288 ri-

504 3324 707 3374 stiani
718 3362 732 3387 ‚
782 3324 871 3389 qui
894 3324 1027 3389 fidei
1060 3331 1260 3375 nostrae
1300 3324 1646 3389 fundamenta
1691 3324 1892 3375 diruere
1926 3330 2198 3388 tentarunt,
2236 3342 2346 3375 cum
2391 3324 2444 3375 S.
2488 3325 2754 3375 Librorum
2792 3325 3020 3390 inteyri-

504 3416 653 3460 tatem
694 3410 747 3461 in
784 3410 996 3461 dubium
1035 3418 1225 3475 vocant,
1263 3429 1527 3477 eorumque
1563 3412 1908 3462 auctoritatem
1946 3418 2164 3463 evertere
2199 3418 2460 3466 conantur.
2523 3413 2713 3463 Habito
2749 3412 3018 3464 eiusmodi

506 3496 813 3548 libidinosae
850 3498 1079 3559 licentiae
1114 3498 1210 3549 lzac
1244 3506 1418 3548 nostra
1454 3505 1617 3549 aetate
1652 3501 1784 3549 inter
1815 3498 2036 3549 eruditos
2061 3499 2362 3549 acatholicos
2397 3505 2500 3549 tam
2525 3501 2747 3563 infauste
2771 3500 3018 3565 vulgaris

512 3590 765 3649 respectu:
802 3601 988 3648 operae
1012 3586 1240 3649 pretium
1278 3587 1373 3636 erit
1409 3585 1641 3636 diversas
1671 3585 1857 3636 Teaetus
1889 3586 1954 3635 D.
1985 3584 2277 3636 Literarum
2314 3586 2370 3637 U.
2413 3586 2472 3635 F.
2510 3586 2777 3651 oriyinarii
2811 3588 3021 3635 vicissi-

512 3668 726 3739 tudines,
767 3678 1006 3735 quantum
1032 3673 1187 3737 eaeiyit
1213 3674 1430 3722 instituti
1453 3672 1617 3722 nostri
1644 3671 1793 3735 ratio,
1832 3671 2148 3722 dilucidare:
2182 3678 2236 3722 ut
2271 3672 2366 3723 rite
2401 3679 2586 3723 constet
2614 3690 2700 3723 eas
2724 3672 3023 3739 integritati

508 3754 562 3806 S.
605 3756 658 3807 S.
709 3756 765 3809 U.
809 3757 863 3809 T.
903 3759 1031 3809 nihil
1067 3758 1328 3825 deroqare,
1366 3776 1635 3822 earumque
1672 3760 2019 3808 auctoritatem
2055 3761 2273 3809 omnium
2312 3760 2514 3809 minime
2551 3759 2882 3823 labefactare.

580 4037 638 4113 ξ.
687 4037 790 4101 34.
856 4033 1298 4098 Historiae
1346 4033 1670 4097 Textus
1718 4033 2069 4099 Codicis
2119 4032 2184 4098 S.
2234 4034 2580 4099 Veteris
2627 4034 2940 4101 Testa-

1246 4148 1507 4211 menti
1552 4148 2244 4232 antiquissimae.

712 4337 985 4388 Historiae
1034 4339 1234 4389 Textus
1292 4338 1505 4389 Codicis
1561 4337 1712 4388 Sacri
1759 4339 1970 4389 Veteris
2018 4340 2374 4401 Testamenti,
2431 4339 2836 4406 qualescunque
2895 4344 3015 4392 sint

506 4424 889 4487 contexendas,
926 4427 1153 4475 maxime
1177 4427 1233 4475 in
1260 4432 1515 4491 quantum
1541 4426 1609 4475 ad
1636 4427 1940 4491 antiquiora
1963 4430 2208 4491 tempora
2233 4430 2458 4491 spectat,
2490 4432 2708 4493 propter
2731 4427 3016 4478 defectum

502 4515 741 4559 veterum
776 4512 1235 4575 monimentorum,
1276 4526 1341 4561 ao
1380 4512 1535 4561 fidem
1570 4528 1734 4577 saepe
1772 4512 1928 4561 valde
1964 4512 2256 4562 sublestam
2280 4505 2621 4563 traditionum
2647 4514 3014 4578 iudaicarum,

508 4598 713 4663 magnis
750 4599 1014 4665 premitur‘
1044 4597 1463 4649 difficultatibus.
1490 4628 1557 4635 —
1591 4600 1655 4649 V.
1683 4599 1805 4649 Chr.
1833 4598 2190 4665 Schoetgenii‚
2230 4599 2294 4649 de
2331 4598 2436 4649 fide
2473 4600 2537 4649 R.
2575 4601 2742 4651 Mosis
2777 4601 3017 4653 Maimo-
