3309 5300
1169 394 1306 445 Leges
1334 394 1491 445 explic.
1524 397 1568 436 S.
1600 392 1864 446 scripturae.
2631 384 2756 449 287

801 676 859 752 ξ.
912 676 1059 740 127.
1123 674 1562 753 Παραλλαγὴ
1612 682 1689 737 et
1729 676 2216 754 παρονομασία.

476 882 550 931 Ut
587 882 641 930 S.
680 880 985 945 Scripturas
1024 884 1381 932 studiosorum
1420 898 1701 946 parcamus
1739 882 1926 944 labori,
1972 882 2103 943 libet
2140 882 2404 947 quaedam
2444 884 2508 933 de
2545 884 2756 948 paral-

260 966 425 1031 lage
463 967 818 1033 ellyptica
854 973 906 1017 et
942 970 1456 1033 paronomasia,
1496 984 1633 1034 quae
1672 968 1876 1034 figurae
1913 969 2199 1017 admodum
2237 969 2660 1034 frequentantur,
2699 973 2756 1020 in

260 1054 314 1103 S.
353 1056 537 1104 Libris
576 1056 808 1105 Poeticis
863 1056 1076 1105 referre.
1136 1057 1217 1105 Ne
1255 1055 1613 1121 parallelismo
1650 1055 1992 1121 pleonasmus
2028 1056 2305 1118 molestus,
2360 1062 2412 1105 et
2458 1057 2758 1123 tautologia

259 1142 443 1191 inanis
496 1144 725 1205 oriatur3
775 1142 869 1191 sed
916 1145 1093 1207 potius
1143 1159 1261 1192 cum
1308 1143 1567 1191 varietate
1614 1158 1854 1191 consona
1901 1142 2057 1191 simul
2103 1143 2338 1192 brevitas
2387 1144 2755 1209 concinnaque

257 1234 521 1277 venustas
547 1229 736 1278 festive
762 1229 1027 1293 iungatur,
1068 1230 1217 1279 Sacri
1241 1230 1442 1277 Poetae
1468 1228 1784 1293 parallagen
1810 1228 2115 1293 ellypticam
2145 1229 2528 1293 adhibuerunt3
2569 1246 2676 1295 qua
2698 1232 2755 1280 in

256 1330 373 1363 uno
400 1316 637 1365 membro
665 1315 920 1380 parallelo
946 1332 1071 1377 una,
1111 1318 1164 1364 in
1190 1315 1425 1365 secundo
1453 1316 1623 1365 altera
1646 1332 1731 1364 res
1759 1316 2091 1379 exprimitur:
2132 1321 2184 1365 et
2207 1322 2388 1365 tamen
2413 1318 2469 1364 in
2493 1318 2754 1367 ambobus

254 1407 491 1467 utraque
540 1401 891 1467 intelligenda
941 1408 1034 1453 est.
1096 1402 1247 1452 Haec
1297 1408 1473 1451 autem
1525 1401 1804 1465 dispositio
1854 1401 1912 1450 fit
1960 1401 2160 1466 duplici
2196 1404 2418 1451 ratione.
2478 1403 2754 1452 Interdum

257 1504 304 1535 α.
363 1490 629 1553 quaedam
679 1505 837 1538 voces
874 1490 1029 1554 primi
1076 1490 1297 1539 membri
1344 1505 1561 1554 prorsus
1612 1488 1858 1549 eaedem,
1909 1505 2082 1560 neque
2131 1488 2239 1538 ullo
2290 1490 2446 1538 modo
2497 1495 2750 1553 mutatae,

256 1576 669 1625 subaudiendae
708 1581 831 1625 sunt
865 1578 922 1624 in
959 1576 1125 1625 altero
1166 1592 1379 1641 quoque
1418 1577 1682 1625 membro:
1733 1576 1809 1624 ita
1855 1580 1915 1623 ut
1950 1576 2247 1625 sententiae
2287 1576 2563 1625 cuiusdam
2601 1584 2751 1642 parte

254 1662 476 1727 duplice
514 1665 757 1712 seiuncta
794 1668 846 1711 et
883 1663 1068 1725 divisa,
1110 1663 1247 1713 duae
1282 1663 1686 1712 enunciationes
1723 1660 2069 1725 parallelatae
2108 1663 2426 1727 formentur3
2464 1665 2520 1712 in
2558 1665 2750 1728 quibus

252 1765 369 1798 non
414 1752 593 1800 minus
638 1752 827 1815 prioris
878 1752 1098 1799 membri
1146 1766 1304 1799 voces
1354 1754 1529 1798 certae
1578 1748 1647 1797 ad
1697 1749 1960 1811 posterius
2010 1750 2324 1810 membrum,
2383 1765 2540 1815 quam
2589 1750 2748 1799 huius

252 1838 429 1885 verba
478 1842 627 1885 certa
674 1836 743 1885 ad
793 1836 925 1885 illud
972 1838 1251 1901 pertinent.
1305 1837 1373 1884 E.
1412 1852 1460 1900 g.
1496 1835 1623 1884 Job.
1664 1836 1745 1896 13,
1786 1837 1866 1883 17.
1922 1835 2077 1884 Prov.
2119 1838 2200 1897 10,
2241 1838 2286 1884 1.
2348 1835 2448 1885 Vel
2484 1834 2527 1901 β.
2568 1836 2750 1901 aliqua

251 1924 427 1972 verba
466 1923 855 1989 quodammodo
894 1928 1055 1971 antea
1088 1927 1295 1971 mutata
1332 1938 1397 1971 ex
1432 1938 1538 1970 uno
1576 1922 1813 1970 membro
1853 1922 2111 1970 sumenda
2155 1928 2336 1984 erunt,
2379 1927 2433 1971 et
2478 1925 2534 1972 in
2581 1924 2747 1974 altero

254 2012 499 2060 membro
538 2008 987 2074 subintelligenda
1020 2010 1257 2058 veniunt.
1295 2010 1360 2057 E.
1400 2026 1448 2073 g.
1486 2009 1573 2057 Ps.
1614 2010 1661 2069 1,
1693 2009 1742 2056 6.
1791 2008 1915 2057 Isai.
1942 2011 2025 2070 32,
2053 2010 2100 2057 3.
2147 2010 2335 2074 Neque
2372 2014 2577 2059 tantum
2613 2010 2748 2061 haec

252 2096 565 2162 parallages
605 2097 887 2161 ellypticae
912 2098 1047 2145 ratio
1072 2098 1210 2145 inter
1232 2097 1390 2144 unius
1429 2094 1774 2159 eiusdemque
1806 2095 2078 2143 commatis
2104 2096 2342 2145 membra
2378 2095 2615 2161 singula3
2652 2097 2746 2147 sed

254 2186 423 2233 etiam
460 2185 599 2232 inter
632 2184 750 2248 ipsa
786 2182 998 2247 singula
1034 2187 1297 2231 commata
1332 2181 1664 2230 intercedere
1702 2185 1892 2245 potest.
1931 2181 1994 2230 E.
2022 2198 2070 2245 g.
2096 2182 2222 2231 Isai.
2250 2183 2297 2243 7,
2325 2184 2373 2231 8.
2401 2185 2448 2231 9.
2499 2182 2746 2247 Denique

252 2287 377 2319 cum
415 2288 467 2319 u.
505 2288 557 2319 v.
597 2288 646 2335 p.
685 2272 803 2320 281.
844 2270 1002 2319 dictio
1040 2270 1102 2317 V.
1139 2269 1200 2317 F.
1241 2269 1459 2317 dictioni
1494 2268 1559 2316 N.
1596 2266 1660 2316 F.
1699 2269 1853 2331 quasi
1887 2267 2233 2317 fundamento
2272 2270 2373 2332 sit3
2410 2286 2520 2319 non
2555 2272 2746 2319 mirum

252 2363 367 2407 est:
407 2357 553 2421 quod
590 2358 750 2405 etiam
786 2358 843 2405 in
876 2357 940 2405 N.
978 2356 1041 2405 F.
1080 2354 1354 2420 parallage
1393 2354 1645 2419 ellyptica
1682 2355 2000 2419 quandoque
2039 2357 2348 2420 reperiatur.
2395 2356 2516 2405 Vid.
2554 2358 2742 2406 Matth.

251 2447 339 2506 23,
379 2447 463 2493 29.
514 2446 598 2505 24,
638 2445 683 2492 3.
735 2444 933 2493 Joann.
984 2444 1064 2503 14,
1115 2444 1196 2491 10.
1244 2442 1395 2491 Rom.
1434 2444 1483 2502 4,
1525 2444 1634 2504 25.;
1687 2443 1758 2490 ib.
1801 2444 1880 2503 10,
1923 2444 2003 2490 10.
2066 2441 2147 2491 Cf.
2187 2442 2245 2491 C.
2284 2444 2346 2492 L.
2384 2443 2741 2505 Hendewerk,

250 2532 503 2581 Obadiae
539 2532 625 2579 Pr.
667 2530 823 2579 Orac.
859 2530 1097 2594 Regiom.
1129 2530 1278 2578 1836.
1317 2546 1368 2593 p.
1398 2530 1513 2578 132.
1541 2545 1580 2577 s.
1626 2530 1679 2579 J.
1710 2529 1758 2577 J.
1795 2527 2012 2578 Snouck
2047 2528 2370 2594 Hurgronje,
2411 2529 2476 2578 de
2515 2530 2741 2595 paralle-

252 2618 413 2669 lismo
450 2619 804 2669 membrorum
842 2619 898 2666 in
932 2616 1065 2667 Jesu
1104 2616 1299 2666 Christi
1333 2616 1485 2666 dictis
1525 2616 1878 2666 observando,
1916 2616 2057 2665 Trai.
2100 2618 2249 2665 1836.

466 2702 818 2774 Παρονομασία
854 2705 1115 2766 Ciceroni,
1151 2704 1306 2753 Rhet.
1338 2705 1429 2765 IV,
1458 2706 1539 2752 21.
1580 2704 1660 2753 ed.
1685 2704 1802 2768 Bip.
1832 2706 1877 2765 1,
1905 2706 1986 2752 96.
2039 2704 2448 2764 „Annominatio
2489 2710 2583 2768 est,
2621 2722 2742 2756 cum

254 2793 327 2842 ad
363 2794 503 2842 idem
540 2795 765 2843 verbum
802 2797 856 2841 et
892 2793 960 2840 ad
996 2792 1135 2841 idem
1183 2808 1379 2842 nomen
1430 2791 1702 2840 acceditur
1751 2791 2161 2840 commutatione
2209 2792 2368 2841 unius
2415 2791 2601 2842 literae
2649 2799 2742 2842 aut

251 2880 558 2944 literarum3
609 2885 703 2929 aut
739 2880 807 2928 ad
844 2895 928 2929 res
967 2879 1247 2928 dissimiles
1284 2879 1475 2928 similia
1510 2881 1677 2929 verba
1713 2878 2229 2927 accommodantur.“
2295 2879 2428 2928 Cum
2464 2881 2542 2928 ita
2578 2881 2738 2930 dictio

254 2970 669 3017 commutatione
704 2967 977 3016 literarum
1015 2971 1183 3016 mutat
1219 2966 1661 3032 significationem
1697 2967 1754 3014 in
1791 2965 2054 3014 diversam
2089 2967 2177 3014 vel
2218 2967 2530 3030 oppositam,
2572 2969 2738 3017 oratio

250 3055 507 3120 leporem,
558 3055 852 3120 emphasim
890 3059 983 3103 aut
1020 3055 1286 3119 energiam
1334 3055 1577 3118 acquirit.
1632 3054 1697 3102 E.
1735 3069 1783 3117 g.
1824 3051 1956 3101 Gen.
1994 3053 2076 3113 49,
2117 3054 2165 3101 8.
2222 3051 2380 3117 Soph.
2421 3056 2468 3114 2,
2506 3056 2556 3102 4.
2604 3055 2737 3104 Luc.

252 3144 347 3203 21,
389 3143 469 3189 11.
526 3140 646 3190 Act.
685 3143 743 3203 8,
781 3143 863 3190 30.
918 3140 1053 3189 Phil.
1092 3143 1175 3190 20.
1214 3140 1335 3190 coll.
1391 3141 1540 3188 Rom.
1580 3142 1671 3201 12,
1712 3140 1793 3187 15.
1861 3139 1926 3186 In
1979 3139 2197 3202 paribus
2251 3138 2506 3188 iisdemve
2560 3139 2738 3189 verbis

257 3227 471 3278 diversa
508 3229 826 3278 sonantibus
850 3230 1028 3293 posita
1051 3227 1221 3292 figura
1249 3227 1467 3277 Graecis
1499 3226 1782 3291 Dilogia
1807 3223 2118 3290 adpellatur.
2161 3221 2406 3292 Διλογίαις
2443 3227 2499 3275 in
2523 3227 2736 3275 nomine

254 3316 371 3376 „toti
408 3309 595 3383 νόμου“
636 3315 799 3380 plena
834 3320 915 3364 est
951 3314 1179 3380 epistola
1214 3315 1284 3364 ad
1319 3316 1602 3364 Romanos.
1644 3314 1726 3363 Cf.
1764 3315 1799 3362 i.
1838 3329 1883 3362 c.
1921 3315 1970 3361 2.
2009 3317 2062 3360 et
2098 3313 2145 3360 3.
2186 3310 2435 3362 Ceterum
2472 3314 2538 3362 de
2573 3314 2735 3362 Paro·

250 3403 498 3452 nomasia
535 3402 877 3467 finitimisque
916 3404 963 3451 ei
1000 3401 1180 3467 figuris
1219 3401 1389 3451 Paulo
1424 3401 1681 3466 Apostolo
1718 3399 2070 3466 frequentatis
2109 3399 2264 3449 docte
2301 3401 2536 3465 disputat
2569 3401 2618 3450 J.
2645 3400 2734 3450 Fr.

248 3489 601 3552 Bottcher,
639 3505 782 3554 spec.
819 3488 943 3539 diss.
980 3489 1058 3538 rh.
1098 3506 1246 3554 exeg.
1284 3489 1431 3554 Lips.
1473 3490 1623 3538 1833.
1662 3491 1710 3537 4.

546 3765 896 3848 Παρεργὸν
958 3765 1047 3830 de
1095 3761 1591 3828 Carminibus
1635 3761 1718 3828 V.
1765 3763 1841 3828 F.
1889 3767 2435 3845 alphabeticis.

460 3973 797 4037 „Carmina
833 3975 1294 4040 alphabetica“
1323 3979 1587 4023 vocantur
1610 3990 1704 4023 ea:
1745 3990 2008 4039 quorum
2049 3973 2299 4039 singuli
2336 3973 2438 4022 vel
2475 3987 2730 4035 versus,

246 4062 335 4112 vel
384 4062 720 4127 strophae
769 4061 931 4111 literis
980 4063 1162 4126 primis
1211 4063 1399 4110 seriem
1442 4060 1716 4127 alphabeti
1752 4065 2170 4125 repraesentant.
2230 4060 2314 4108 Ad
2349 4059 2404 4108 id
2439 4060 2732 4108 carminum

248 4165 414 4214 genus
452 4151 749 4214 pertinentt
787 4149 987 4198 Psalmi
1024 4150 1084 4197 Τ.
1126 4148 1189 4197 Ο.
1227 4151 1275 4197 9.
1317 4151 1395 4198 10.
1435 4149 1517 4198 25.
1557 4151 1640 4197 34.
1679 4151 1762 4198 37.
1803 4151 1917 4198 111.
1959 4150 2072 4197 112.
2114 4149 2228 4198 119.
2271 4148 2413 4210 145.;
2465 4147 2732 4195 Jeremiae

250 4237 464 4297 Threni,
508 4242 732 4300 excepto
770 4237 943 4300 capite
979 4236 1165 4285 ultimo
1190 4237 1253 4285 V.
1280 4235 1349 4283 H.
1386 4237 1448 4284 V.
1474 4235 1538 4284 T.
1574 4252 1627 4299 p.
1652 4236 1802 4297 446.;
1841 4251 1941 4283 nec
1977 4251 2085 4283 non
2120 4234 2530 4282 Proverbiorum
2565 4249 2608 4280 c.
2646 4234 2730 4281 31.

252 4322 329 4372 Ib.
364 4340 417 4388 p.
458 4325 574 4372 312.
649 4321 754 4371 Sed
794 4337 894 4388 age
930 4323 1207 4372 videamus
1255 4337 1394 4371 anne
1430 4338 1614 4370 verum
1653 4323 1758 4370 sit‘?
1803 4321 1857 4368 id
1906 4322 2198 4369 carminum
2247 4319 2314 4368 ad
2352 4318 2732 4368 elementorum

251 4410 487 4459 ordinem
526 4409 1012 4474 componendorum
1044 4425 1243 4474 genus:
1286 4408 1412 4470 „nil
1449 4424 1592 4458 esse
1630 4409 1763 4456 nisi
1792 4408 2088 4472 ineptum
2126 4406 2728 4469 seriorum‘poeta-

250 4513 389 4545 rum
440 4497 689 4558 lusum,
742 4498 856 4561 qui
906 4513 1048 4545 cum
1096 4497 1375 4561 priscae
1422 4509 1708 4561 poeseos
1758 4494 2174 4558 dignitatem
2222 4491 2401 4540 haud
2441 4496 2732 4555 possent

252 4585 613 4648 consequi,
660 4600 836 4633 novo
886 4583 1125 4648 aliquo
1175 4583 1524 4644 artifici0,
1571 4582 1946 4631 carminum
1993 4595 2266 4628 suorum
2311 4579 2728 4630 tenuitatem
