3309 5300
509 338 637 405 328
1195 347 1433 390 comment.
1462 346 1516 390 de
1544 350 1587 391 S.
1618 348 1828 400 scriptur.
1860 359 1955 400 cap.
1984 349 2090 391 tert.
2119 348 2228 389 sect.
2257 347 2312 389 11.

512 531 745 590 dubitat
784 566 849 574 —
890 534 956 591 in
985 533 1187 592 schola
1216 533 1491 592 Palatina
1522 532 1583 591 S.
1617 530 2059 608 scripturarum
2089 530 2296 588 studiis
2326 536 2622 589 vacarent.
2675 529 3016 605 Praecipua

512 637 759 695 subinde
805 639 1084 697 coenobia
1114 639 1179 696 Ο.
1213 637 1269 697 S.
1304 638 1368 695 B.
1400 637 1716 709 Fuldense,
1764 635 2163 710 Sangallense,
2197 635 2514 708 Augiense‚
2561 635 3016 709 Hirsaugiense,

510 742 964 815 Moguntinense
983 786 996 813 ,
1054 742 1427 813 Corbeiense,
1490 742 1862 813 Prumiense,
1927 739 2390 810 Mediolanense,
2457 739 3015 816 Sandionysianum,

510 845 855 917 Parisiense,
890 847 1250 918 Trevirense,
1277 848 1845 921 Weissenbergense,
1878 847 2182 915 Remense,
2215 844 2754 915 Autissiodorense3
2789 843 3017 921 quibus

513 950 839 1024 iungantur
898 951 1053 1026 apud
1100 950 1279 1009 Italos
1326 950 1683 1022 cassinense,
1748 949 2141 1019 Feri-ariense,
2195 948 2503 1006 Ticinense
2567 948 2799 1026 aliaque
2853 948 3018 1005 bene

514 1053 719 1125 multa,
768 1056 1079 1113 monachos
1112 1056 1394 1113 aluerunt
1424 1056 1739 1130 omnigena
1783 1055 2114 1112 eruditione
2158 1052 2382 1128 pariter
2412 1072 2480 1109 ac
2509 1053 2730 1127 pietate
2776 1050 3018 1127 conspi-

514 1176 681 1227 cuos3
716 1158 816 1235 qui
852 1158 906 1215 S.
936 1157 1163 1217 Literas
1197 1162 1364 1218 docte
1396 1165 1456 1217 et
1488 1163 1645 1217 caste
1677 1165 2060 1234 exponerent.
2089 1158 2286 1215 Etiam
2307 1156 2612 1228 Taurinos,
2643 1156 3014 1226 Cremonam,

512 1260 890 1333 Florentiam,
943 1263 1223 1335 Firmum,
1264 1265 1576 1336 Veronam,
1620 1264 1967 1335 Vicentiam,
1999 1264 2213 1321 Forum
2236 1262 2486 1331 Livium,
2518 1262 2759 1319 Romam
2790 1260 3014 1317 multos

514 1364 885 1439 convolasse3
931 1372 1000 1424 ut
1044 1367 1106 1424 in
1152 1368 1485 1426 eruditione
1532 1370 1587 1427 S.
1632 1368 1966 1425 Literarum
2010 1367 2463 1435 instruerentur,
2526 1365 2633 1423 vix
2679 1370 2782 1435 est,
2849 1365 3012 1443 quod

514 1489 866 1528 moneamus,
927 1472 1078 1530 Prae
1122 1473 1366 1550 reliquis
1414 1472 1698 1530 excelluit
1743 1471 2102 1543 coenobium,
2151 1470 2305 1548 quod
2352 1489 2469 1527 non
2513 1469 2718 1545 procul
2757 1472 2829 1527 ab
2861 1470 3014 1526 urbe

513 1573 717 1631 Ticino
778 1574 934 1631 inter
996 1579 1221 1633 montes
1266 1577 1612 1651 Apenninos
1669 1576 1740 1633 ad
1786 1574 1995 1645 locum,
2058 1575 2160 1651 qui
2223 1574 2511 1632 Bobium
2577 1573 3013 1649 adpellabatur‚

515 1677 747 1735 saeculo
793 1698 849 1753 p.
896 1677 958 1736 C.
1006 1679 1251 1755 septimo
1292 1680 1551 1738 condidit
1601 1679 2077 1737 Columbanus
2131 1684 2306 1753 gente
2355 1678 2673 1736 Hibernas,
2733 1677 3015 1736 Monachi

514 1781 908 1840 Bobienses
967 1782 1217 1857 vestigia
1260 1784 1417 1843 beati
1464 1784 1700 1841 statoris
1745 1784 1835 1840 sui
1883 1787 2000 1840 tam
2048 1783 2364 1858 diligenter
2423 1801 2709 1857 pressere,
2773 1785 2843 1838 ut
2901 1784 3017 1839 hoc

516 1887 935 1944 monasterium
982 1891 1043 1945 et
1086 1887 1308 1962 pietate
1359 1886 1764 1961 religiosorum
1819 1891 1878 1945 et
1924 1887 2271 1959 eruditione,
2326 1887 2491 1945 brevi
2540 1886 2708 1944 fieret
2751 1885 3017 1945 celeber-

516 1991 748 2049 rimum.
820 1991 890 2048 Ei
952 1993 1273 2063 coenobi0,‘
1312 1992 1375 2050 in
1441 1993 1593 2070 quod
1658 1991 1868 2049 literae
1931 1992 2117 2050 omnis
2180 1991 2412 2065 generis
2473 2010 2580 2065 per
2635 1994 3018 2065 tempestates

517 2096 693 2154 medii
742 2096 871 2153 aevi
920 2116 996 2153 ex
1041 2095 1219 2153 Italia
1274 2098 1601 2175 ceterisque
1645 2098 1920 2175 Europae
1980 2096 2176 2171 regnis
2238 2096 2390 2153 male
2453 2096 2704 2153 iactatae
2749 2114 2808 2151 se
2854 2113 3017 2151 rece-

515 2202 751 2274 perunt,
798 2199 1033 2257 saeculo
1077 2220 1126 2259 a.
1158 2201 1219 2258 C.
1253 2222 1311 2259 n.
1348 2202 1612 2259 decimo
1642 2202 1905 2277 praefuit
1936 2201 2338 2261 Gerbertus
2371 2198 2598 2271 Gallus,
2643 2203 2844 2275 postea
2873 2220 2918 2255 ε.
2955 2219 3016 2255 n.

518 2301 789 2361 Silvestri
835 2306 917 2363 H.
966 2304 1022 2361 S.
1071 2305 1155 2376 P„
1203 2306 1296 2364 vir
1341 2306 1601 2363 omnium
1648 2307 2031 2364 scientiarum
2078 2305 2254 2379 longe
2298 2305 2700 2381 peritissimus.
2750 2303 2911 2361 Huic
2952 2304 3019 2360 in

516 2406 678 2464 cultu
709 2408 1015 2466 literarum
1046 2410 1203 2466 nihil
1227 2410 1547 2488 quidquam
1572 2411 1743 2468 cessit
1766 2411 2198 2481 Cantuarensis,
2225 2410 2649 2487 Beccensisque
2673 2407 3017 2465 monasterii

519 2512 750 2583 schola3
798 2517 858 2570 et
903 2513 1230 2588 Collegium
1277 2515 1678 2574 Glocestrense
1723 2516 1786 2573 in
1832 2514 2086 2591 Angliaz,
2134 2536 2165 2573 e
2211 2515 2424 2592 quibus
2468 2514 2712 2588 perinde
2757 2517 2939 2590 atque
2985 2532 3020 2571 e

521 2616 733 2675 scholis
757 2617 1001 2691 Galliae,
1033 2619 1399 2692 Germaniae,
1432 2620 1664 2693 Italiae,
1692 2621 1861 2679 multi
1891 2624 2257 2696 praestantes
2289 2619 2348 2678 S.
2385 2618 2724 2695 Scripturae
2754 2618 3016 2676 doctores

518 2724 885 2798 prodierunt.
963 2727 1132 2782 Inter
1190 2725 1449 2784 familiae
1509 2727 1928 2785 Benedictinae
1985 2726 2249 2784 alumnos
2310 2744 2652 2801 persuasum
2713 2728 2873 2781 erat:
2943 2724 3018 2779 ad

521 2829 858 2886 monasterii
891 2829 1193 2887 cuiusdam
1226 2831 1629 2888 celebritatem
1661 2851 1868 2907 parum
1900 2831 2095 2889 facere
2118 2835 2416 2888 sumtuosa
2438 2828 2722 2900 aedificia,
2755 2827 3018 2886 excelsos

520 2933 788 3007 parieteS,
822 2953 1172 2992 marmoreas
1204 2939 1422 3007 turres,
1469 2937 1725 3011 pretiosa
1767 2940 1947 3008 tecta,
1995 2956 2186 3011 agros,
2230 2934 2562 3006 latifundia,
2594 2933 2856 3004 divitias,
2903 2933 3016 2989 nisi

520 3038 949 3112 Religiosorum
995 3039 1181 3113 pietas
1228 3043 1289 3097 et
1328 3040 1580 3099 eruditio
1626 3042 1820 3099 sedem
1851 3041 1912 3098 in
1946 3041 2016 3098 iis
2049 3039 2487 3099 collocaverint.
2537 3039 2807 3102 Quantae
2840 3055 3017 3093 curae

522 3143 573 3200 d.
612 3143 999 3201 Benedicto
1031 3144 1245 3202 fuerit:
1293 3149 1360 3202 ut
1390 3145 1649 3203 familiae
1695 3165 1835 3203 suae
1881 3145 2106 3202 alumni
2151 3145 2222 3202 ad
2269 3144 2327 3201 S.
2370 3144 2704 3202 Literarum
2751 3140 3020 3199 studium

522 3252 584 3306 et
627 3268 669 3304 s.
714 3250 960 3309 Patrum
1020 3248 1332 3308 lectionem
1386 3269 1447 3308 se
1499 3251 1820 3322 referrent,
1885 3249 2248 3306 notissimum
2310 3249 2581 3307 habetur.
2657 3247 3021 3305 Itinerantes

525 3354 795 3411 monachi
828 3352 1050 3424 ,Sacros
1082 3353 1319 3413 Codices
1349 3356 1411 3412 in
1444 3354 1709 3430 pelliceis
1740 3354 1985 3412 sacculis
2015 3359 2247 3430 portare
2279 3352 2588 3411 solebant!
2633 3353 2713 3411 M.
2748 3350 3019 3409 Cassio-

524 3457 760 3515 dorius
806 3458 1123 3534 Agapeto
1168 3458 1334 3517 Rom.
1376 3461 1440 3516 P.
1490 3462 1697 3516 auctor
1749 3459 1993 3529 exstitit,
2042 3463 2109 3515 ut
2155 3457 2418 3532 publicas
2447 3458 2512 3514 in
2541 3457 2720 3517 Italia
2760 3457 3025 3532 aperiret

524 3561 882 3632 Academias,
930 3562 1186 3621 Orientis
1233 3563 1517 3638 exemplo,
1564 3563 1627 3620 in
1674 3563 1888 3640 quibus
1918 3562 1974 3619 S.
2010 3561 2346 3636 Scripturae
2391 3563 2788 3620 traderentur.
2853 3562 3022 3619 Idem

524 3684 695 3740 porro
740 3665 1150 3740 Cassiodorius,
1215 3668 1315 3726 ubi
1363 3668 1569 3725 Ordini
1617 3667 1674 3724 S.
1730 3668 1795 3724 Β.
1843 3687 2056 3725 nomen
2094 3668 2277 3738 daret,
2325 3666 2567 3739 codices,
2615 3667 2827 3744 quibus
2876 3687 3022 3743 opus

523 3789 648 3826 esse
681 3771 751 3827 ad
782 3771 1108 3846 planiorem
1142 3774 1199 3833 S.
1236 3773 1567 3831 Literarum
1598 3772 2058 3846 intelligentiam
2089 3774 2354 3843 noverat,
2399 3771 2733 3829 incredibili
2780 3790 3021 3846 prorsus

524 3873 883 3934 liberalitate
916 3877 1071 3934 emit.
1129 3878 1245 3940 Qui
1275 3878 1589 3936 serioribus
1620 3878 1872 3936 saeculis
1903 3877 2199 3948 vixerunt,
2245 3877 2505 3934 eiusdem
2538 3877 2773 3934 Ordinis
2821 3877 3019 3935 mode-

523 3982 744 4036 ratores
787 3980 850 4036 in
891 3999 1059 4039 usum
1100 3982 1476 4052 induxerant,
1523 3985 1593 4038 ut
1636 3983 1856 4040 sociata
1900 4001 2076 4057 opera
2115 3982 2320 4040 Libros
2350 3982 2600 4039 Divinos
2643 3986 3016 4040 excuterent.

521 4084 941 4158 Magistrorum
980 4089 1035 4146 S.
1068 4087 1123 4144 S.
1155 4086 1217 4142 in
1256 4105 1500 4143 numero
1530 4087 1735 4145 Ambr.
1767 4089 2165 4161 Autpertus
2211 4107 2254 4143 s.
2301 4087 2602 4144 Vincentii
2648 4087 2723 4143 ad
2769 4086 3020 4144 Vultur-

523 4209 663 4245 num
711 4191 775 4246 in
819 4191 1157 4249 Benevento
1206 4193 1424 4261 Abbas,
1482 4195 1660 4269 atque
1719 4191 2006 4264 Iglacus
2069 4191 2388 4248 monachus
2441 4190 2513 4246 ad
2563 4211 2606 4246 s.
2659 4191 2905 4248 Petrum
2953 4190 3018 4247 in

522 4292 739 4351 finibus
770 4294 1187 4365 Berniciorum,
1222 4295 1460 4354 minime
1492 4296 1754 4353 omnium
1785 4295 2065 4370 postremi
2097 4295 2280 4352 fuere.
2338 4295 2498 4352 Hinc
2532 4294 2738 4352 Patres
2769 4294 3019 4352 Concilii

526 4395 1159 4456 Cloveshoviensis
1226 4399 1291 4456 in
1351 4400 1571 4474 Anglia
1646 4404 1788 4458 747.
1859 4399 2143 4458 celebrati
2204 4401 2563 4459 decernunt:
2641 4399 3022 4469 ,Provideant

523 4501 799 4580 vigilanti
844 4504 1244 4583 perspectione
1275 4499 1567 4584 Episcopi,
1619 4509 1689 4562 ut
1716 4505 1839 4564 sint
1870 4505 2225 4564 monasteria
2256 4547 2269 4561 .
2308 4548 2322 4562 .
2358 4549 2372 4564 .
2407 4547 2420 4560 .
2457 4503 2771 4576 orantium,
2817 4503 3022 4580 legen·
