3309 5300
1075 378 1218 428 Super
1244 377 1421 430 ratione
1450 377 1613 418 'sextus
1640 378 1690 418 A.
1722 379 1764 418 F.
1799 377 1968 419 critica.
2646 365 2738 430 93

274 554 414 605 uidae
463 551 516 599 in
569 537 909 602 adstruendis
957 552 1379 617 Antiquitatibus
1427 552 1726 602 Hebraicis.
1782 552 2025 602 Dresdae
2077 555 2227 602 1750.
2279 570 2330 618 p.
2368 555 2417 602 4.
2465 570 2507 604 s.
2545 581 2612 590 -—
2657 554 2732 604 Ut

273 644 427 690 autem
468 639 609 688 iusto
658 638 845 689 ordine
882 639 1191 704 procedant,
1240 644 1417 688 certae
1469 638 1689 704 periodi,
1742 635 1858 704 per
1877 654 2010 704 quas
2050 637 2103 688 S.
2143 639 2196 689 S.
2234 639 2296 690 V.
2334 641 2396 689 Τ.
2433 641 2730 706 singulares

273 725 501 793 quasdam
528 725 927 776 vicissitudines
953 740 1116 792 passa
1141 731 1235 787 est,
1276 725 1682 775 constituendae
1709 729 1847 774 sunt.
1885 727 1985 775 His
2010 727 2189 791 itaque
2217 728 2432 776 attentis
2455 727 2728 776 Historiae

270 816 385 862 istae
436 811 710 860 commode
764 813 821 861 in
874 829 907 876 q
920 828 957 860 u
972 816 1085 861 atu
1101 827 1130 860 o
1146 829 1171 861 r
1224 829 1258 877 p
1276 827 1303 860 e
1320 813 1420 861 rio
1439 811 1472 860 d
1488 827 1518 860 o
1535 826 1559 860 s
1617 811 1864 862 distribui
1918 817 2191 877 poterunt3
2248 827 2471 877 quarum
2527 831 2558 878 p
2571 815 2684 862 rim
2699 827 2734 862 a

272 901 487 948 decurret
521 899 603 947 ab
644 899 899 963 origine
938 896 1285 947 Sacrorum
1321 899 1678 946 Librorum
1717 898 1798 947 ad
1835 902 2120 948 aetatem
2157 898 2420 964 origenis,
2460 899 2512 948 S.
2539 899 2730 949 Hiero-

269 987 392 1052 nymi
426 990 475 1034 et
508 985 791 1035 Talmudis
826 987 862 1036 i.
889 1002 934 1036 e.
974 1001 1115 1035 saec.
1142 987 1233 1035 VI.
1268 1002 1321 1050 p.
1355 983 1439 1049 C.3
1478 986 1716 1035 secunda
1753 985 1948 1035 abhinc
1984 1002 2155 1052 usque
2195 987 2265 1035 ad
2301 993 2510 1052 tempus
2547 986 2730 1037 finitae

268 1072 569 1124 recensionis
606 1071 1007 1135 masorethicae,
1056 1073 1167 1122 sive
1206 1087 1345 1122 saec.
1383 1072 1477 1121 XI.
1513 1089 1565 1138 p.
1606 1071 1696 1136 (λς
1745 1074 1904 1122 tertia
1945 1088 2117 1138 usque
2155 1073 2225 1122 ad
2262 1073 2492 1124 medium
2531 1073 2732 1124 saeculi

273 1159 472 1223 XVIII.3
507 1159 746 1224 denique
784 1160 967 1209 ultima
1001 1175 1171 1225 usque
1208 1160 1279 1208 ad
1315 1174 1448 1222 eam,
1487 1175 1594 1224 qua
1630 1176 1728 1210 nos
1763 1161 2006 1222 vivimus,
2046 1164 2291 1209 aetatem.

445 1245 741 1296 Accuratas
766 1247 889 1296 libri
914 1249 1279 1312 cuiuscunque
1306 1247 1516 1296 demum
1541 1247 1953 1309 vicissitudines,
1990 1251 2051 1296 ut
2084 1247 2152 1296 ab
2181 1248 2384 1312 origine
2408 1251 2730 1312 repetamus,

267 1349 461 1385 necesse
497 1337 593 1383 est.
658 1334 936 1399 Inquirere
972 1334 1228 1384 debemus
1266 1347 1533 1398 quaenam
1578 1333 1692 1382 fata
1740 1337 2023 1398 postquam
2060 1333 2307 1398 vulgatus
2358 1337 2440 1383 est
2490 1333 2730 1396 subierit,

269 1420 503 1487 quomodo
540 1425 595 1470 et
632 1421 772 1470 inter
808 1435 943 1486 quos
981 1425 1220 1470 servatus
1258 1422 1359 1470 sit?
1412 1419 1616 1480 Quodsi
1649 1419 1720 1468 ad
1742 1419 1946 1468 natalia
1968 1421 2252 1470 Librorum
2273 1420 2338 1469 V.
2366 1419 2429 1470 F.
2454 1434 2730 1470 sacrorum

272 1522 513 1558 recurrere
536 1512 799 1572 tempora,
836 1509 1063 1573 ipsaque
1090 1507 1143 1556 S.
1169 1508 1415 1556 Virorum
1446 1505 1860 1571 autographa
1899 1505 2175 1556 consulere
2211 1521 2518 1571 possemus3
2556 1506 2735 1557 nullas-

271 1597 316 1644 in
332 1595 391 1642 iis
407 1593 673 1643 scribendi
691 1598 787 1642 aut
803 1593 1017 1659 legendi
1034 1595 1320 1642 varietates
1342 1592 1724 1658 deprehensuri
1743 1607 2004 1642 essemus:
2033 1608 2214 1641 verum
2231 1597 2294 1641 ut
2311 1593 2539 1642 vidimus
2561 1609 2600 1642 s.
2615 1611 2666 1658 p.
2684 1595 2730 1642 2.

272 1697 405 1730 secus
438 1681 831 1744 sapientissime
856 1681 1030 1729 visum
1056 1685 1137 1730 est
1160 1680 1534 1730 Providentiae
1561 1679 1792 1728 divinae.
1832 1679 1965 1728 Cum
1991 1678 2324 1744 autographa
2346 1680 2728 1742 interciderint,

270 1773 371 1834 post
391 1771 466 1816 tot
488 1781 554 1816 ac
578 1771 733 1816 tanta
756 1782 1015 1816 annorum
1042 1765 1325 1816 intervalla
1350 1765 1481 1815 nihil
1512 1766 1674 1827 aliud,
1714 1781 1872 1831 quam
1909 1766 2176 1816 codices
2212 1767 2360 1828 istos,
2387 1768 2478 1831 qui
2505 1767 2729 1817 diversis

268 1855 450 1903 vicibus
486 1853 819 1918 diversisque
857 1855 1183 1919 temporibus
1223 1853 1476 1918 descripti
1512 1858 1567 1902 et
1600 1855 1779 1902 varias
1815 1857 2112 1918 temporum
2157 1854 2490 1903 calamitates
2528 1856 2732 1919 experti

270 1946 397 2004 sunt3
434 1940 616 2004 aliquo
653 1941 812 1989 modo
839 1955 871 1989 a
896 1956 953 1990 se
976 1941 1205 1989 invicem
1232 1939 1459 2002 differre,
1498 1941 1713 1989 omnino
1742 1939 2158 2004 exspectandum
2195 1945 2292 1989 est.
2354 1941 2648 2001 Quominus
2676 1940 2732 1989 id

269 2028 409 2088 fieret,
428 2031 745 2091 perpetuum
766 2026 1003 2075 divinum
1027 2025 1342 2076 miraculum
1366 2025 1621 2091 impedire
1643 2025 1931 2088 debuisset,
1957 2042 2024 2074 ne
2051 2026 2151 2074 sub
2175 2027 2468 2076 scribarum
2485 2028 2732 2076 manibus

266 2115 425 2163 variae
468 2114 525 2162 in
561 2112 875 2178 apographa
921 2115 1214 2177 irreperent
1256 2113 1604 2162 diversitates.
1668 2113 1946 2174 Quaenam
1981 2113 2182 2162 Textus
2219 2113 2456 2163 Hebraei
2494 2113 2729 2164 conditio

270 2202 407 2250 suerit
428 2201 587 2265 prim
602 2215 635 2250 a
659 2201 844 2265 perio
859 2199 961 2261 do,
990 2199 1307 2250 densissima
1330 2198 1559 2264 caligine
1584 2201 1796 2264 tegitur.
1833 2199 2119 2250 Probabile
2147 2199 2358 2264 quidem
2385 2203 2479 2262 est,
2507 2199 2734 2266 aliqua

273 2287 489 2336 menda
558 2287 959 2352 scripturae
1020 2287 1084 2335 in
1146 2285 1585 2352 apographos
1656 2286 1938 2336 codices
2001 2301 2034 2335 a
2086 2285 2386 2336 librariis
2449 2286 2734 2339 inducta

270 2389 419 2438 esse;
456 2378 607 2422 ante
658 2373 1061 2423 conclusum
1100 2373 1310 2422 adhuc
1348 2372 1690 2422 Canonem
1727 2373 1791 2422 V.
1829 2374 1920 2437 T.;
1959 2373 2056 2422 sed
2091 2375 2248 2423 eain
2285 2373 2541 2424 hodierno
2578 2378 2728 2423 textu

274 2461 609 2510 demonstrare
646 2459 965 2524 sphalmata,
1004 2475 1142 2525 quae
1180 2465 1285 2510 tam
1324 2464 1579 2510 remotam
1617 2462 1943 2525 attingerent
1979 2465 2224 2524 aetatem,
2270 2461 2409 2510 foret
2443 2461 2642 2510 nodum
2676 2463 2734 2511 in

269 2549 421 2611 scirpo
460 2561 733 2612 quaerere.
791 2546 875 2596 Ad
912 2547 1355 2612 cognoscendum,
1399 2553 1577 2596 utrum
1614 2552 1668 2596 et
1707 2561 1972 2612 quaenam
2007 2547 2100 2596 ubi
2136 2549 2193 2597 in
2232 2547 2484 2598 Codicem
2520 2563 2732 2598 sacrum

269 2633 355 2683 hac
372 2638 541 2694 aetate
560 2635 869 2700 irrepserint
890 2634 1115 2685 menda?
1134 2639 1344 2701 praeter
1362 2634 1485 2685 loca
1502 2633 1761 2700 parallela
1780 2635 1837 2685 in
1855 2636 1918 2685 L.
1939 2635 2001 2685 L.
2021 2635 2244 2701 Regum,
2268 2635 2732 2701 Paralipomenon,

270 2721 603 2783 Psalmorum,
660 2721 766 2770 duo
816 2726 1103 2787 supersunt
1148 2723 1497 2771 monimenta:
1548 2722 1794 2771 Versio
1844 2736 2116 2787 graeca.
2139 2721 2626 2772 Alexandrina
2671 2727 2736 2771 et

269 2810 491 2858 Textus
528 2806 987 2858 Samaritanus
1012 2808 1391 2871 pentateuchi,
1424 2824 1648 2873 quornm
1678 2823 1796 2857 cum
1823 2809 1996 2858 Textu
2022 2810 2308 2873 originario
2341 2807 2556 2859 collatio
2584 2807 2731 2858 lucu-

267 2895 422 2945 lenter
445 2895 616 2957 docet,
654 2896 760 2945 iam
784 2901 912 2945 tunc
938 2896 1201 2945 codices
1239 2894 1559 2945 hebraeos
1592 2896 1775 2958 fuisse,
1807 2896 1864 2943 in
1889 2897 2083 2960 quibus
2108 2896 2260 2945 varia
2285 2900 2466 2947 essent
2489 2895 2731 2945 librario·

268 2998 368 3031 rum
400 2983 586 3045 vitia,
623 2982 928 3047 multasque
965 2981 1291 3031 lectiones
1328 2983 1394 3032 ab
1433 2981 1693 3031 hodierna
1716 2982 1778 3031 T.
1807 2981 1870 3031 Ο.
1910 2980 2056 3031 haud
2090 2997 2278 3047 parum
2314 2982 2732 3032 differentes.

270 3068 393 3118 Sane
426 3070 529 3118 iam
566 3070 691 3119 olim
728 3068 782 3119 S.
820 3070 1195 3133 Hieronymus,
1244 3070 1301 3118 in
1339 3068 1745 3121 Commentariis
1783 3070 1894 3120 suis
1937 3069 2182 3131 ostendit,
2232 3070 2288 3118 in
2326 3084 2483 3133 quam
2521 3069 2734 3119 diversa

269 3156 447 3205 abeant
470 3156 649 3219 Lxx„
689 3172 823 3221 quos
849 3172 917 3205 ex
940 3155 1201 3221 Hexaplis
1229 3154 1473 3220 Origenis
1499 3155 1662 3205 latine
1697 3155 1969 3217 reddebat,
2005 3170 2038 3205 a
2061 3159 2212 3205 textu
2235 3155 2467 3205 hebraeo
2494 3155 2730 3205 Judaeo-

269 3257 369 3290 rum
400 3244 661 3307 temporis,
700 3258 807 3309 quo
844 3241 935 3291 ille
957 3242 1105 3291 vixit.
1156 3241 1365 3293 Collato
1393 3242 1567 3291 Textu
1594 3242 1896 3307 Originario
1923 3258 2044 3291 cum
2066 3244 2506 3309 interpretatione
2539 3257 2735 3307 graeca

267 3330 352 3377 τῶν
374 3330 533 3378 LXX.
560 3334 720 3396 atque
744 3328 1114 3379 Pentateucho
1151 3328 1503 3391 Samaritano,
1540 3330 1849 3380 innumerae
1875 3330 1986 3379 fere
2011 3330 2346 3395 reperiuntur
2371 3329 2732 3394 diversitates3

270 3416 369 3464 sive
402 3417 457 3465 in
492 3416 779 3465 lectionum
814 3418 1091 3478 varietate,
1141 3418 1255 3466 sive
1278 3418 1335 3464 in
1359 3416 1650 3465 levioribus
1689 3416 2080 3466 additionibus:
2117 3418 2229 3466 sive
2259 3418 2315 3466 in
2343 3418 2732 3467 omissionibus.

267 3502 465 3553 Minime
499 3508 677 3553 tamen
719 3503 909 3553 exinde
944 3504 1211 3567 sequitur:
1250 3504 1704 3553 recensionem
1751 3503 1958 3565 illam,
2011 3518 2175 3569 quae
2216 3504 2380 3553 LXX.
2421 3508 2482 3553 et
2518 3503 2664 3553 Sam
2679 3518 2733 3553 a·

268 3590 419 3639 ritae
464 3595 730 3655 praesto
780 3590 932 3653 fuit,
980 3606 1199 3640 omnes
1250 3604 1359 3639 eas
1398 3589 1828 3639 differentias
1879 3589 2285 3652 exhibuisse,
2335 3604 2469 3654 quas
2517 3591 2733 3639 criticae

276 3675 648 3741 disquisitiones
673 3680 855 3727 nostro
881 3680 1120 3741 tempore
1146 3679 1485 3725 annotarunt.
1532 3677 1665 3727 Post
1686 3677 1755 3725 D.
1781 3677 1846 3726 N.
1871 3678 1922 3726 J.
1952 3676 2010 3725 G.
2049 3674 2342 3726 Salvatoris
2368 3677 2734 3741 benignissimi

272 3768 509 3827 tempora,
537 3763 709 3828 qualis
735 3764 897 3813 fuerit
920 3764 1119 3813 Textus
1144 3764 1209 3813 V.
1236 3762 1296 3811 Τ.
1322 3764 1457 3813 ratio
1484 3764 1668 3812 critica
1691 3767 2121 3827 repraesentant:
2147 3764 2514 3829 interpretatio
2549 3761 2733 3811 Chal-

270 3849 467 3912 daica,
504 3848 803 3914 Syriaca,
842 3865 907 3899 ac
944 3849 1151 3899 demum
1188 3850 1445 3901 Latina.
1508 3848 1615 3899 Sed
1652 3855 1705 3898 et
1741 3854 1953 3900 constat
1987 3854 2141 3912 tunc,
2177 3850 2283 3899 imo
2319 3851 2427 3898 iam
2464 3849 2556 3898 diu
2591 3856 2732 3912 ante,

269 3936 489 3985 Judaeos
524 3935 743 3985 codices
788 3952 913 3987 mss.
952 3935 1258 3997 contulisse,
1294 3937 1563 3985 variantes
1603 3934 1860 3985 lectiones
1898 3952 1962 3985 ex
1997 3938 2060 3985 iis
2099 3936 2379 4001 collegisse
2416 3941 2467 3985 et
2503 3935 2591 3985 hic
2626 3936 2734 3985 illic

268 4022 376 4071 loca
400 4023 655 4088 quaedam
683 4023 1011 4073 emendasse.
1062 4022 1219 4083 Quod
1247 4038 1276 4071 e
1318 4024 1620 4073 testimonio
1660 4022 2001 4073 Talmudis
2038 4023 2642 4089 Hierosolymitani
2669 4051 2731 4060 —-

272 4111 352 4173 qui
394 4108 611 4159 habetur
662 4111 807 4159 circa.
854 4124 902 4160 a.
941 4112 1058 4159 230.
1107 4126 1159 4174 p.
1212 4108 1269 4158 C.
1309 4110 1710 4159 consarcinatus
1747 4138 1813 4147 —-
1852 4114 1906 4159 et
1951 4109 2350 4173 Babylonici
2381 4139 2448 4146 —
2487 4110 2629 4174 quod
2665 4110 2736 4159 ad

272 4195 507 4245 ducentos
543 4196 739 4246 abhinc
776 4210 947 4246 annos
983 4196 1019 4245 i.
1058 4212 1103 4245 e.
1141 4198 1259 4245 430.
1297 4213 1348 4262 p.
1388 4196 1446 4245 C.
1484 4196 1671 4245 referri
1725 4195 1878 4259 solet,
1917 4224 1983 4232 —
2021 4198 2378 4261 cognoscitur.
2423 4226 2477 4233 —
2517 4196 2735 4262 Allegat

271 4282 391 4330 illud
423 4282 567 4331 Beni.
603 4284 874 4345 Kenicott,
914 4283 1039 4333 diss.
1076 4299 1195 4348 gen.
1232 4284 1289 4332 in
1324 4284 1443 4333 Vet.
1481 4284 1625 4333 Test.
1665 4282 1812 4333 hebr.
1853 4283 2026 4333 Oxon.
2066 4286 2217 4334 1780.
2257 4287 2305 4345 ἓ.
2344 4285 2426 4333 34.
2464 4301 2516 4348 p.
2559 4285 2640 4333 15.
2671 4312 2742 4326 —.

270 4367 540 4417 Plurimum
587 4370 749 4419 studii
786 4370 840 4419 in
878 4370 1001 4419 crisi
1052 4384 1222 4434 aeque
1260 4384 1323 4418 ac
1358 4370 1798 4434 interpretatione
1835 4386 1876 4420 s.
1916 4371 2116 4419 Textus
2154 4369 2442 4421 collocavit
2484 4371 2733 4420 versione

273 4460 319 4503 et
352 4458 729 4506 commentariis
768 4458 879 4506 suis
918 4456 967 4505 d.
1004 4457 1457 4520 Hieronymus.
1514 4457 1561 4505 E
1607 4458 1801 4522 quibus
1839 4456 2032 4523 liquet:
2071 4458 2427 4507 lectionem
2465 4456 2733 4506 Codicis

271 4540 566 4605 hebrae-i,
614 4558 719 4608 quo
759 4541 811 4595 S.
848 4544 1055 4593 Doctor
1089 4558 1219 4593 usus
1258 4547 1339 4593 est
1373 4544 1430 4592 in
1466 4543 1737 4609 plerisque
1775 4560 1920 4593 cum
1966 4549 2162 4594 textu
2209 4544 2414 4594 hodie
2462 4545 2732 4594 usitato
