<?xml version="1.0" encoding="UTF-8"?>
<!DOCTYPE html PUBLIC "-//W3C//DTD XHTML 1.0 Transitional//EN"
    "http://www.w3.org/TR/xhtml1/DTD/xhtml1-transitional.dtd">
<html xmlns="http://www.w3.org/1999/xhtml" xml:lang="en" lang="en">
 <head>
  <title>
</title>
<meta http-equiv="Content-Type" content="text/html;charset=utf-8" />
  <meta name='ocr-system' content='tesseract 3.04.00' />
  <meta name='ocr-capabilities' content='ocr_page ocr_carea ocr_par ocr_line ocrx_word'/>
</head>
<body>
  <div class='ocr_page' id='page_1' title='image "./historiarevelat02dankgoog_0331.png"; bbox 0 0 3309 5300; ppageno 0'>
   <div class='ocr_carea' id='block_1_1' title="bbox 1127 435 2717 500">
    <p class='ocr_par' dir='ltr' id='par_1_1' title="bbox 1127 435 2717 500">
     <span class='ocr_line' id='line_1_1' title="bbox 1127 435 2717 500; baseline 0.008 -18"><span class='ocrx_word' id='word_1_1' title='bbox 1127 442 1264 493; x_wconf 77' lang='lat' dir='ltr'><strong>Leges</strong></span> <span class='ocrx_word' id='word_1_2' title='bbox 1291 443 1451 494; x_wconf 76' lang='lat' dir='ltr'><strong>explic.</strong></span> <span class='ocrx_word' id='word_1_3' title='bbox 1483 447 1527 484; x_wconf 83' lang='lat' dir='ltr'><strong>S.</strong></span> <span class='ocrx_word' id='word_1_4' title='bbox 1559 445 1822 495; x_wconf 71' lang='lat' dir='ltr'>scripturae.</span> <span class='ocrx_word' id='word_1_5' title='bbox 2590 435 2717 500; x_wconf 83' lang='lat'><strong>309</strong></span> 
     </span>
    </p>
   </div>
   <div class='ocr_carea' id='block_1_2' title="bbox 213 617 2719 1381">
    <p class='ocr_par' dir='ltr' id='par_1_2' title="bbox 213 617 2719 1381">
     <span class='ocr_line' id='line_1_2' title="bbox 219 617 2717 684; baseline 0.003 -18"><span class='ocrx_word' id='word_1_6' title='bbox 219 619 605 667; x_wconf 80' lang='lat' dir='ltr'><strong>universarum</strong></span> <span class='ocrx_word' id='word_1_7' title='bbox 643 633 740 682; x_wconf 85' lang='lat' dir='ltr'><strong>per</strong></span> <span class='ocrx_word' id='word_1_8' title='bbox 765 617 1064 668; x_wconf 81' lang='lat' dir='ltr'><strong>Romanum</strong></span> <span class='ocrx_word' id='word_1_9' title='bbox 1100 619 1386 683; x_wconf 79' lang='lat' dir='ltr'><strong>Imperium</strong></span> <span class='ocrx_word' id='word_1_10' title='bbox 1420 619 1784 684; x_wconf 75' lang='lat' dir='ltr'><strong>inclinatione,</strong></span> <span class='ocrx_word' id='word_1_11' title='bbox 1822 619 1974 671; x_wconf 80' lang='lat' dir='ltr'><strong>nulls.</strong></span> <span class='ocrx_word' id='word_1_12' title='bbox 2010 626 2123 672; x_wconf 81' lang='lat' dir='ltr'><strong>arte</strong></span> <span class='ocrx_word' id='word_1_13' title='bbox 2161 621 2385 672; x_wconf 73' lang='lat' dir='ltr'><strong>critices</strong></span> <span class='ocrx_word' id='word_1_14' title='bbox 2422 627 2551 672; x_wconf 86' lang='lat' dir='ltr'><strong>tunc</strong></span> <span class='ocrx_word' id='word_1_15' title='bbox 2588 628 2717 674; x_wconf 88' lang='lat' dir='ltr'><strong>tem-</strong></span> 
     </span>
     <span class='ocr_line' id='line_1_3' title="bbox 214 703 2719 776; baseline 0.004 -24"><span class='ocrx_word' id='word_1_16' title='bbox 214 705 374 768; x_wconf 83' lang='lat' dir='ltr'><strong>poris</strong></span> <span class='ocrx_word' id='word_1_17' title='bbox 423 707 644 768; x_wconf 80' lang='lat' dir='ltr'><strong>statuta,</strong></span> <span class='ocrx_word' id='word_1_18' title='bbox 694 703 950 769; x_wconf 87' lang='lat' dir='ltr'><strong>nulloque</strong></span> <span class='ocrx_word' id='word_1_19' title='bbox 998 710 1240 756; x_wconf 80' lang='lat' dir='ltr'><strong>exstante</strong></span> <span class='ocrx_word' id='word_1_20' title='bbox 1290 721 1319 756; x_wconf 92' lang='lat' dir='ltr'><strong>e</strong></span> <span class='ocrx_word' id='word_1_21' title='bbox 1330 723 1364 755; x_wconf 82' lang='lat' dir='ltr'>x</span> <span class='ocrx_word' id='word_1_22' title='bbox 1376 722 1404 756; x_wconf 88' lang='lat' dir='ltr'><strong>e</strong></span> <span class='ocrx_word' id='word_1_23' title='bbox 1417 723 1468 755; x_wconf 91' lang='lat' dir='ltr'><strong>m</strong></span> <span class='ocrx_word' id='word_1_24' title='bbox 1480 724 1514 772; x_wconf 92' lang='lat' dir='ltr'>p</span> <span class='ocrx_word' id='word_1_25' title='bbox 1527 707 1547 756; x_wconf 95' lang='lat' dir='ltr'>l</span> <span class='ocrx_word' id='word_1_26' title='bbox 1558 709 1656 757; x_wconf 77' lang='lat' dir='ltr'><strong>ari</strong></span> <span class='ocrx_word' id='word_1_27' title='bbox 1703 724 1738 773; x_wconf 90' lang='lat' dir='ltr'>p</span> <span class='ocrx_word' id='word_1_28' title='bbox 1749 723 1775 757; x_wconf 89' lang='grc' dir='ltr'>ι·</span> <span class='ocrx_word' id='word_1_29' title='bbox 1785 709 1850 756; x_wconf 91' lang='lat' dir='ltr'><strong>in</strong></span> <span class='ocrx_word' id='word_1_30' title='bbox 1862 709 1963 773; x_wconf 88' lang='lat' dir='ltr'><strong>cip</strong></span> <span class='ocrx_word' id='word_1_31' title='bbox 1976 725 2005 758; x_wconf 95' lang='lat' dir='ltr'><strong>e</strong></span> <span class='ocrx_word' id='word_1_32' title='bbox 2017 746 2029 772; x_wconf 91' lang='lat'>‚</span> <span class='ocrx_word' id='word_1_33' title='bbox 2078 708 2166 758; x_wconf 89' lang='lat' dir='ltr'><strong>vel</strong></span> <span class='ocrx_word' id='word_1_34' title='bbox 2214 710 2446 760; x_wconf 79' lang='lat' dir='ltr'><strong>editione</strong></span> <span class='ocrx_word' id='word_1_35' title='bbox 2500 716 2719 776; x_wconf 81' lang='lat' dir='ltr'><strong>recepta</strong></span> 
     </span>
     <span class='ocr_line' id='line_1_4' title="bbox 215 792 2719 860; baseline 0.004 -22"><span class='ocrx_word' id='word_1_36' title='bbox 215 805 252 838; x_wconf 79' lang='lat' dir='ltr'>a</span> <span class='ocrx_word' id='word_1_37' title='bbox 265 807 302 855; x_wconf 87' lang='lat' dir='ltr'>p</span> <span class='ocrx_word' id='word_1_38' title='bbox 317 807 352 856; x_wconf 81' lang='lat' dir='ltr'><strong>p</strong></span> <span class='ocrx_word' id='word_1_39' title='bbox 367 806 433 840; x_wconf 88' lang='lat' dir='ltr'><strong>ro</strong></span> <span class='ocrx_word' id='word_1_40' title='bbox 444 792 478 841; x_wconf 92' lang='lat' dir='ltr'><strong>b</strong></span> <span class='ocrx_word' id='word_1_41' title='bbox 492 795 559 840; x_wconf 82' lang='lat' dir='ltr'><strong>at</strong></span> <span class='ocrx_word' id='word_1_42' title='bbox 571 805 604 842; x_wconf 80' lang='lat' dir='ltr'><strong>a</strong></span> <span class='ocrx_word' id='word_1_43' title='bbox 616 807 650 856; x_wconf 92' lang='lat' dir='ltr'>q</span> <span class='ocrx_word' id='word_1_44' title='bbox 661 807 698 840; x_wconf 89' lang='lat' dir='ltr'><strong>u</strong></span> <span class='ocrx_word' id='word_1_45' title='bbox 711 806 741 841; x_wconf 88' lang='lat' dir='ltr'><strong>e</strong></span> <span class='ocrx_word' id='word_1_46' title='bbox 753 829 766 854; x_wconf 94' lang='lat'><strong>,</strong></span> <span class='ocrx_word' id='word_1_47' title='bbox 813 793 908 842; x_wconf 86' lang='lat' dir='ltr'><strong>sed</strong></span> <span class='ocrx_word' id='word_1_48' title='bbox 945 792 1372 858; x_wconf 78' lang='lat' dir='ltr'><strong>discrepantibus</strong></span> <span class='ocrx_word' id='word_1_49' title='bbox 1411 794 1700 858; x_wconf 80' lang='lat' dir='ltr'><strong>codicibus,</strong></span> <span class='ocrx_word' id='word_1_50' title='bbox 1743 809 1772 844; x_wconf 91' lang='lat' dir='ltr'><strong>e</strong></span> <span class='ocrx_word' id='word_1_51' title='bbox 1810 794 2003 860; x_wconf 84' lang='lat' dir='ltr'><strong>quibus</strong></span> <span class='ocrx_word' id='word_1_52' title='bbox 2042 809 2166 846; x_wconf 81' lang='lat' dir='ltr'><strong>suas</strong></span> <span class='ocrx_word' id='word_1_53' title='bbox 2201 795 2460 846; x_wconf 80' lang='lat' dir='ltr'><strong>lectiones</strong></span> <span class='ocrx_word' id='word_1_54' title='bbox 2496 812 2719 848; x_wconf 83' lang='lat' dir='ltr'><strong>necesse</strong></span> 
     </span>
     <span class='ocr_line' id='line_1_5' title="bbox 215 877 2719 942; baseline 0.003 -16"><span class='ocrx_word' id='word_1_55' title='bbox 215 882 344 927; x_wconf 84' lang='lat' dir='ltr'><strong>erat</strong></span> <span class='ocrx_word' id='word_1_56' title='bbox 379 878 542 927; x_wconf 80' lang='lat' dir='ltr'><strong>etiam</strong></span> <span class='ocrx_word' id='word_1_57' title='bbox 579 879 769 928; x_wconf 80' lang='lat' dir='ltr'><strong>Patres</strong></span> <span class='ocrx_word' id='word_1_58' title='bbox 807 883 861 928; x_wconf 91' lang='lat' dir='ltr'><strong>et</strong></span> <span class='ocrx_word' id='word_1_59' title='bbox 897 877 948 930; x_wconf 85' lang='lat' dir='ltr'><strong>S.</strong></span> <span class='ocrx_word' id='word_1_60' title='bbox 975 880 1040 930; x_wconf 87' lang='grc' dir='ltr'><em>Ε.</em></span> <span class='ocrx_word' id='word_1_61' title='bbox 1079 880 1336 930; x_wconf 81' lang='lat' dir='ltr'><strong>derivare.</strong></span> <span class='ocrx_word' id='word_1_62' title='bbox 1387 880 1530 942; x_wconf 80' lang='lat' dir='ltr'><strong>Quid</strong></span> <span class='ocrx_word' id='word_1_63' title='bbox 1565 886 1746 931; x_wconf 81' lang='lat' dir='ltr'><strong>tamen</strong></span> <span class='ocrx_word' id='word_1_64' title='bbox 1780 881 2059 932; x_wconf 79' lang='lat' dir='ltr'><strong>fecerunt?</strong></span> <span class='ocrx_word' id='word_1_65' title='bbox 2094 897 2202 932; x_wconf 92' lang='lat' dir='ltr'><strong>non</strong></span> <span class='ocrx_word' id='word_1_66' title='bbox 2238 882 2455 933; x_wconf 85' lang='lat' dir='ltr'><strong>defuere</strong></span> <span class='ocrx_word' id='word_1_67' title='bbox 2494 883 2545 933; x_wconf 86' lang='lat' dir='ltr'><strong>S.</strong></span> <span class='ocrx_word' id='word_1_68' title='bbox 2572 885 2631 933; x_wconf 90' lang='lat' dir='ltr'><strong>P.</strong></span> <span class='ocrx_word' id='word_1_69' title='bbox 2666 889 2719 934; x_wconf 88' lang='lat' dir='ltr'><strong>et</strong></span> 
     </span>
     <span class='ocr_line' id='line_1_6' title="bbox 216 962 2714 1035; baseline 0.003 -23"><span class='ocrx_word' id='word_1_70' title='bbox 216 962 275 1013; x_wconf 87' lang='lat' dir='ltr'><strong>S.</strong></span> <span class='ocrx_word' id='word_1_71' title='bbox 305 965 390 1026; x_wconf 75' lang='lat' dir='ltr'><strong>E„</strong></span> <span class='ocrx_word' id='word_1_72' title='bbox 431 966 526 1030; x_wconf 89' lang='lat' dir='ltr'><strong>qui</strong></span> <span class='ocrx_word' id='word_1_73' title='bbox 554 964 635 1013; x_wconf 91' lang='lat' dir='ltr'><strong>illi</strong></span> <span class='ocrx_word' id='word_1_74' title='bbox 658 965 800 1016; x_wconf 86' lang='lat' dir='ltr'><strong>malo</strong></span> <span class='ocrx_word' id='word_1_75' title='bbox 823 967 1138 1032; x_wconf 86' lang='lat' dir='ltr'><strong>tempestive</strong></span> <span class='ocrx_word' id='word_1_76' title='bbox 1175 973 1534 1030; x_wconf 86' lang='lat' dir='ltr'><strong>occurrerent,</strong></span> <span class='ocrx_word' id='word_1_77' title='bbox 1571 968 1875 1034; x_wconf 81' lang='lat' dir='ltr'><strong>idoneaque</strong></span> <span class='ocrx_word' id='word_1_78' title='bbox 1898 969 2169 1019; x_wconf 79' lang='lat' dir='ltr'><strong>traderent</strong></span> <span class='ocrx_word' id='word_1_79' title='bbox 2192 969 2481 1020; x_wconf 84' lang='lat' dir='ltr'><strong>lectoribus</strong></span> <span class='ocrx_word' id='word_1_80' title='bbox 2511 971 2714 1035; x_wconf 81' lang='lat' dir='ltr'><strong>media3</strong></span> 
     </span>
     <span class='ocr_line' id='line_1_7' title="bbox 215 1050 2715 1121; baseline 0.003 -22"><span class='ocrx_word' id='word_1_81' title='bbox 215 1050 368 1100; x_wconf 85' lang='lat' dir='ltr'><strong>unde</strong></span> <span class='ocrx_word' id='word_1_82' title='bbox 391 1051 624 1102; x_wconf 88' lang='lat' dir='ltr'><strong>lectores</strong></span> <span class='ocrx_word' id='word_1_83' title='bbox 649 1051 887 1104; x_wconf 81' lang='lat' dir='ltr'><strong>diversas</strong></span> <span class='ocrx_word' id='word_1_84' title='bbox 907 1053 1094 1104; x_wconf 86' lang='lat' dir='ltr'><strong>Divini</strong></span> <span class='ocrx_word' id='word_1_85' title='bbox 1111 1054 1408 1104; x_wconf 84' lang='lat' dir='ltr'><strong>Voluminis</strong></span> <span class='ocrx_word' id='word_1_86' title='bbox 1434 1059 1630 1120; x_wconf 70' lang='lat' dir='ltr'><strong>pax-tea,</strong></span> <span class='ocrx_word' id='word_1_87' title='bbox 1657 1055 1745 1104; x_wconf 86' lang='lat' dir='ltr'><strong>vel</strong></span> <span class='ocrx_word' id='word_1_88' title='bbox 1768 1057 1822 1104; x_wconf 90' lang='lat' dir='ltr'><strong>in</strong></span> <span class='ocrx_word' id='word_1_89' title='bbox 1846 1057 1923 1105; x_wconf 82' lang='lat' dir='ltr'><strong>ita</strong></span> <span class='ocrx_word' id='word_1_90' title='bbox 1946 1055 2085 1106; x_wconf 84' lang='lat' dir='ltr'><strong>male</strong></span> <span class='ocrx_word' id='word_1_91' title='bbox 2110 1058 2417 1121; x_wconf 83' lang='lat' dir='ltr'><strong>compositis</strong></span> <span class='ocrx_word' id='word_1_92' title='bbox 2440 1057 2715 1107; x_wconf 77' lang='lat' dir='ltr'><strong>codicibus</strong></span> 
     </span>
     <span class='ocr_line' id='line_1_8' title="bbox 213 1138 2713 1209; baseline 0.003 -23"><span class='ocrx_word' id='word_1_93' title='bbox 213 1138 629 1204; x_wconf 84' lang='lat' dir='ltr'><strong>distinguerent,</strong></span> <span class='ocrx_word' id='word_1_94' title='bbox 668 1143 722 1188; x_wconf 91' lang='lat' dir='ltr'><strong>et</strong></span> <span class='ocrx_word' id='word_1_95' title='bbox 755 1155 881 1190; x_wconf 81' lang='lat' dir='ltr'><strong>suas</strong></span> <span class='ocrx_word' id='word_1_96' title='bbox 919 1143 1110 1206; x_wconf 85' lang='lat' dir='ltr'><strong>cuique</strong></span> <span class='ocrx_word' id='word_1_97' title='bbox 1147 1143 1380 1192; x_wconf 84' lang='lat' dir='ltr'><strong>tribuere</strong></span> <span class='ocrx_word' id='word_1_98' title='bbox 1415 1141 1673 1192; x_wconf 83' lang='lat' dir='ltr'><strong>valerent.</strong></span> <span class='ocrx_word' id='word_1_99' title='bbox 1722 1144 1807 1192; x_wconf 85' lang='lat' dir='ltr'><strong>Ex</strong></span> <span class='ocrx_word' id='word_1_100' title='bbox 1843 1145 2037 1209; x_wconf 79' lang='lat' dir='ltr'><strong>quibus</strong></span> <span class='ocrx_word' id='word_1_101' title='bbox 2074 1149 2218 1193; x_wconf 85' lang='lat' dir='ltr'><strong>certe</strong></span> <span class='ocrx_word' id='word_1_102' title='bbox 2256 1144 2308 1194; x_wconf 83' lang='lat' dir='ltr'><strong>S.</strong></span> <span class='ocrx_word' id='word_1_103' title='bbox 2337 1143 2388 1194; x_wconf 88' lang='lat' dir='ltr'><strong>S.</strong></span> <span class='ocrx_word' id='word_1_104' title='bbox 2416 1144 2452 1192; x_wconf 90' lang='lat' dir='ltr'>J</span> <span class='ocrx_word' id='word_1_105' title='bbox 2465 1161 2495 1194; x_wconf 94' lang='lat' dir='ltr'><strong>o</strong></span> <span class='ocrx_word' id='word_1_106' title='bbox 2507 1159 2587 1193; x_wconf 81' lang='lat' dir='ltr'><strong>an</strong></span> <span class='ocrx_word' id='word_1_107' title='bbox 2600 1160 2637 1192; x_wconf 91' lang='lat' dir='ltr'><strong>n</strong></span> <span class='ocrx_word' id='word_1_108' title='bbox 2648 1160 2676 1193; x_wconf 89' lang='lat' dir='ltr'><strong>e</strong></span> <span class='ocrx_word' id='word_1_109' title='bbox 2689 1161 2713 1194; x_wconf 84' lang='lat' dir='ltr'><strong>s</strong></span> 
     </span>
     <span class='ocr_line' id='line_1_9' title="bbox 217 1224 2714 1295; baseline 0.003 -23"><span class='ocrx_word' id='word_1_110' title='bbox 217 1224 262 1272; x_wconf 86' lang='lat' dir='ltr'><strong>C</strong></span> <span class='ocrx_word' id='word_1_111' title='bbox 279 1224 768 1289; x_wconf 76' lang='lat' dir='ltr'><strong>hrysostomus‚</strong></span> <span class='ocrx_word' id='word_1_112' title='bbox 817 1227 1116 1277; x_wconf 79' lang='lat' dir='ltr'><strong>Isidorus</strong></span> <span class='ocrx_word' id='word_1_113' title='bbox 1152 1229 1230 1291; x_wconf 91' lang='grc' dir='ltr'><em>Ρ.,</em></span> <span class='ocrx_word' id='word_1_114' title='bbox 1269 1229 1361 1278; x_wconf 92' lang='lat' dir='ltr'><strong>Au</strong></span> <span class='ocrx_word' id='word_1_115' title='bbox 1376 1231 1706 1294; x_wconf 73' lang='lat' dir='ltr'><strong>gustinuS,</strong></span> <span class='ocrx_word' id='word_1_116' title='bbox 1752 1231 2189 1295; x_wconf 80' lang='lat' dir='ltr'><strong>Hieronymus</strong></span> <span class='ocrx_word' id='word_1_117' title='bbox 2227 1229 2441 1295; x_wconf 82' lang='lat' dir='ltr'><strong>aliique,</strong></span> <span class='ocrx_word' id='word_1_118' title='bbox 2479 1245 2714 1280; x_wconf 82' lang='lat' dir='ltr'><strong>canones</strong></span> 
     </span>
     <span class='ocr_line' id='line_1_10' title="bbox 215 1311 2709 1381; baseline 0.002 -21"><span class='ocrx_word' id='word_1_119' title='bbox 215 1312 453 1376; x_wconf 84' lang='lat' dir='ltr'><strong>optimos</strong></span> <span class='ocrx_word' id='word_1_120' title='bbox 495 1311 604 1372; x_wconf 88' lang='lat' dir='ltr'><strong>„de</strong></span> <span class='ocrx_word' id='word_1_121' title='bbox 655 1312 898 1377; x_wconf 84' lang='lat' dir='ltr'><strong>dignos</strong></span> <span class='ocrx_word' id='word_1_122' title='bbox 914 1314 1085 1364; x_wconf 87' lang='lat' dir='ltr'><strong>cend</strong></span> <span class='ocrx_word' id='word_1_123' title='bbox 1101 1328 1286 1364; x_wconf 81' lang='lat' dir='ltr'><strong>arum</strong></span> <span class='ocrx_word' id='word_1_124' title='bbox 1333 1315 1690 1365; x_wconf 90' lang='lat' dir='ltr'><strong>lectionum</strong></span> <span class='ocrx_word' id='word_1_125' title='bbox 1739 1318 2027 1381; x_wconf 85' lang='lat' dir='ltr'><strong>genuina</strong></span> <span class='ocrx_word' id='word_1_126' title='bbox 2074 1319 2142 1367; x_wconf 84' lang='lat' dir='ltr'><strong>in</strong></span> <span class='ocrx_word' id='word_1_127' title='bbox 2158 1316 2345 1366; x_wconf 87' lang='lat' dir='ltr'><strong>dole“</strong></span> <span class='ocrx_word' id='word_1_128' title='bbox 2392 1322 2709 1367; x_wconf 80' lang='lat' dir='ltr'><strong>statuerunt.</strong></span> 
     </span>
    </p>
   </div>
   <div class='ocr_carea' id='block_1_3' title="bbox 336 1553 2587 1634">
    <p class='ocr_par' dir='ltr' id='par_1_3' title="bbox 336 1553 2587 1634">
     <span class='ocr_line' id='line_1_11' title="bbox 336 1553 2587 1634; baseline 0.003 -18"><span class='ocrx_word' id='word_1_129' title='bbox 336 1557 398 1634; x_wconf 63' lang='grc' dir='ltr'><em>ξ.</em></span> <span class='ocrx_word' id='word_1_130' title='bbox 451 1555 595 1620; x_wconf 85' lang='grc'><em>139.</em></span> <span class='ocrx_word' id='word_1_131' title='bbox 651 1553 767 1617; x_wconf 87' lang='lat' dir='ltr'><strong>De</strong></span> <span class='ocrx_word' id='word_1_132' title='bbox 815 1553 1139 1619; x_wconf 82' lang='lat' dir='ltr'><strong>Catenis</strong></span> <span class='ocrx_word' id='word_1_133' title='bbox 1185 1555 1513 1620; x_wconf 81' lang='lat' dir='ltr'><strong>Graecis</strong></span> <span class='ocrx_word' id='word_1_134' title='bbox 1560 1566 1636 1620; x_wconf 87' lang='lat' dir='ltr'><strong>et</strong></span> <span class='ocrx_word' id='word_1_135' title='bbox 1679 1557 1990 1622; x_wconf 83' lang='lat' dir='ltr'><strong>Latinis</strong></span> <span class='ocrx_word' id='word_1_136' title='bbox 2038 1556 2104 1621; x_wconf 88' lang='lat' dir='ltr'><strong>S.</strong></span> <span class='ocrx_word' id='word_1_137' title='bbox 2151 1557 2226 1624; x_wconf 88' lang='lat' dir='ltr'><strong>P.</strong></span> <span class='ocrx_word' id='word_1_138' title='bbox 2276 1566 2349 1621; x_wconf 85' lang='lat' dir='ltr'><strong>ct</strong></span> <span class='ocrx_word' id='word_1_139' title='bbox 2396 1557 2463 1621; x_wconf 88' lang='lat' dir='ltr'><strong>S.</strong></span> <span class='ocrx_word' id='word_1_140' title='bbox 2508 1558 2587 1622; x_wconf 84' lang='lat' dir='ltr'><strong>E.</strong></span> 
     </span>
    </p>
   </div>
   <div class='ocr_carea' id='block_1_4' title="bbox 209 1744 2713 4588">
    <p class='ocr_par' dir='ltr' id='par_1_4' title="bbox 209 1744 2713 4588">
     <span class='ocr_line' id='line_1_12' title="bbox 432 1744 2713 1814; baseline 0.001 -18"><span class='ocrx_word' id='word_1_141' title='bbox 432 1744 761 1810; x_wconf 74' lang='lat' dir='ltr'><strong>opportunus</strong></span> <span class='ocrx_word' id='word_1_142' title='bbox 795 1747 940 1797; x_wconf 84' lang='lat' dir='ltr'><strong>nobis</strong></span> <span class='ocrx_word' id='word_1_143' title='bbox 975 1746 1056 1798; x_wconf 77' lang='lat' dir='ltr'><strong>hic</strong></span> <span class='ocrx_word' id='word_1_144' title='bbox 1087 1747 1291 1798; x_wconf 82' lang='lat' dir='ltr'><strong>videtur</strong></span> <span class='ocrx_word' id='word_1_145' title='bbox 1315 1749 1450 1798; x_wconf 85' lang='lat' dir='ltr'><strong>locus</strong></span> <span class='ocrx_word' id='word_1_146' title='bbox 1486 1764 1606 1810; x_wconf 79' lang='lat' dir='ltr'><strong>esse,</strong></span> <span class='ocrx_word' id='word_1_147' title='bbox 1644 1750 1821 1813; x_wconf 84' lang='lat' dir='ltr'><strong>aliqua</strong></span> <span class='ocrx_word' id='word_1_148' title='bbox 1856 1765 2054 1799; x_wconf 87' lang='lat' dir='ltr'><strong>monere</strong></span> <span class='ocrx_word' id='word_1_149' title='bbox 2090 1747 2154 1800; x_wconf 88' lang='lat' dir='ltr'><strong>de</strong></span> <span class='ocrx_word' id='word_1_150' title='bbox 2195 1747 2483 1811; x_wconf 80' lang='lat' dir='ltr'><strong>„Catenis</strong></span> <span class='ocrx_word' id='word_1_151' title='bbox 2514 1751 2713 1814; x_wconf 75' lang='lat' dir='ltr'><strong>qraecis</strong></span> 
     </span>
     <span class='ocr_line' id='line_1_13' title="bbox 219 1831 2713 1900; baseline 0.002 -18"><span class='ocrx_word' id='word_1_152' title='bbox 219 1841 266 1882; x_wconf 88' lang='lat' dir='ltr'><strong>et</strong></span> <span class='ocrx_word' id='word_1_153' title='bbox 327 1833 512 1883; x_wconf 81' lang='lat' dir='ltr'><strong>latinis</strong></span> <span class='ocrx_word' id='word_1_154' title='bbox 569 1831 623 1884; x_wconf 84' lang='lat' dir='ltr'><strong>S.</strong></span> <span class='ocrx_word' id='word_1_155' title='bbox 685 1834 944 1884; x_wconf 88' lang='lat' dir='ltr'><strong>Patrum</strong></span> <span class='ocrx_word' id='word_1_156' title='bbox 1007 1841 1060 1884; x_wconf 89' lang='lat' dir='ltr'><strong>et</strong></span> <span class='ocrx_word' id='word_1_157' title='bbox 1121 1833 1514 1900; x_wconf 72' lang='lat' dir='ltr'><strong>Scriptorum</strong></span> <span class='ocrx_word' id='word_1_158' title='bbox 1573 1833 2178 1886; x_wconf 82' lang='lat' dir='ltr'><strong>Ecclesiasticorum</strong></span> <span class='ocrx_word' id='word_1_159' title='bbox 2238 1837 2305 1885; x_wconf 87' lang='lat' dir='ltr'><strong>in</strong></span> <span class='ocrx_word' id='word_1_160' title='bbox 2373 1835 2713 1900; x_wconf 86' lang='lat' dir='ltr'><strong>Utrumque</strong></span> 
     </span>
     <span class='ocr_line' id='line_1_14' title="bbox 220 1918 2711 1988; baseline 0.002 -20"><span class='ocrx_word' id='word_1_161' title='bbox 220 1918 737 1970; x_wconf 80' lang='lat' dir='ltr'><strong>Testamentum.“</strong></span> <span class='ocrx_word' id='word_1_162' title='bbox 788 1921 997 1971; x_wconf 86' lang='lat' dir='ltr'><strong>Primus</strong></span> <span class='ocrx_word' id='word_1_163' title='bbox 1031 1921 1258 1972; x_wconf 85' lang='lat' dir='ltr'><strong>Instituti</strong></span> <span class='ocrx_word' id='word_1_164' title='bbox 1298 1921 1744 1983; x_wconf 86' lang='lat' dir='ltr'><strong>„Catenarum“</strong></span> <span class='ocrx_word' id='word_1_165' title='bbox 1793 1928 1971 1971; x_wconf 87' lang='lat' dir='ltr'><strong>auctor</strong></span> <span class='ocrx_word' id='word_1_166' title='bbox 2007 1921 2249 1972; x_wconf 84' lang='lat' dir='ltr'><strong>dicendus</strong></span> <span class='ocrx_word' id='word_1_167' title='bbox 2296 1928 2369 1973; x_wconf 85' lang='lat' dir='ltr'><strong>est</strong></span> <span class='ocrx_word' id='word_1_168' title='bbox 2406 1921 2711 1988; x_wconf 78' lang='lat' dir='ltr'><strong>Olympio-</strong></span> 
     </span>
     <span class='ocr_line' id='line_1_15' title="bbox 217 2005 2711 2074; baseline 0.001 -19"><span class='ocrx_word' id='word_1_169' title='bbox 217 2005 437 2068; x_wconf 81' lang='lat' dir='ltr'><strong>dorus,</strong></span> <span class='ocrx_word' id='word_1_170' title='bbox 479 2007 731 2059; x_wconf 82' lang='lat' dir='ltr'><strong>Ecclesiae</strong></span> <span class='ocrx_word' id='word_1_171' title='bbox 753 2008 1142 2060; x_wconf 74' lang='lat' dir='ltr'><strong>Alexandrinae</strong></span> <span class='ocrx_word' id='word_1_172' title='bbox 1166 2007 1422 2070; x_wconf 84' lang='lat' dir='ltr'><strong>diaconus,</strong></span> <span class='ocrx_word' id='word_1_173' title='bbox 1457 2025 1598 2074; x_wconf 87' lang='lat' dir='ltr'><strong>quem</strong></span> <span class='ocrx_word' id='word_1_174' title='bbox 1623 2009 1823 2059; x_wconf 81' lang='lat' dir='ltr'><strong>saeculo</strong></span> <span class='ocrx_word' id='word_1_175' title='bbox 1858 2011 2071 2073; x_wconf 87' lang='lat' dir='ltr'><strong>quinto</strong></span> <span class='ocrx_word' id='word_1_176' title='bbox 2107 2014 2369 2060; x_wconf 84' lang='lat' dir='ltr'><strong>exeunte</strong></span> <span class='ocrx_word' id='word_1_177' title='bbox 2404 2009 2500 2058; x_wconf 82' lang='lat' dir='ltr'><strong>vel</strong></span> <span class='ocrx_word' id='word_1_178' title='bbox 2535 2015 2711 2059; x_wconf 82' lang='lat' dir='ltr'><strong>sexto</strong></span> 
     </span>
     <span class='ocr_line' id='line_1_16' title="bbox 217 2093 2713 2162; baseline 0.002 -21"><span class='ocrx_word' id='word_1_179' title='bbox 217 2094 474 2144; x_wconf 87' lang='lat' dir='ltr'><strong>ineunte</strong></span> <span class='ocrx_word' id='word_1_180' title='bbox 505 2100 644 2158; x_wconf 84' lang='lat' dir='ltr'><strong>post</strong></span> <span class='ocrx_word' id='word_1_181' title='bbox 681 2094 1065 2159; x_wconf 85' lang='lat' dir='ltr'><strong>Reparatam</strong></span> <span class='ocrx_word' id='word_1_182' title='bbox 1102 2093 1380 2146; x_wconf 86' lang='lat' dir='ltr'><strong>Salutem</strong></span> <span class='ocrx_word' id='word_1_183' title='bbox 1415 2095 1617 2162; x_wconf 78' lang='lat' dir='ltr'><strong>vixisse,</strong></span> <span class='ocrx_word' id='word_1_184' title='bbox 1649 2103 1706 2144; x_wconf 90' lang='lat' dir='ltr'><strong>ut</strong></span> <span class='ocrx_word' id='word_1_185' title='bbox 1729 2093 2007 2157; x_wconf 86' lang='lat' dir='ltr'><strong>credamus,</strong></span> <span class='ocrx_word' id='word_1_186' title='bbox 2030 2094 2212 2145; x_wconf 87' lang='lat' dir='ltr'><strong>idoneo</strong></span> <span class='ocrx_word' id='word_1_187' title='bbox 2235 2101 2527 2162; x_wconf 75' lang='lat' dir='ltr'><strong>arqumento</strong></span> <span class='ocrx_word' id='word_1_188' title='bbox 2550 2095 2713 2160; x_wconf 83' lang='lat' dir='ltr'><strong>effecit</strong></span> 
     </span>
     <span class='ocr_line' id='line_1_17' title="bbox 217 2178 2709 2246; baseline 0.002 -18"><span class='ocrx_word' id='word_1_189' title='bbox 217 2178 410 2242; x_wconf 78' lang='lat' dir='ltr'><strong>Grabe,</strong></span> <span class='ocrx_word' id='word_1_190' title='bbox 449 2179 635 2244; x_wconf 83' lang='lat' dir='ltr'><strong>Specil.</strong></span> <span class='ocrx_word' id='word_1_191' title='bbox 678 2181 814 2231; x_wconf 87' lang='lat' dir='ltr'><strong>Patr.</strong></span> <span class='ocrx_word' id='word_1_192' title='bbox 855 2181 931 2244; x_wconf 94' lang='lat' dir='ltr'><strong>II,</strong></span> <span class='ocrx_word' id='word_1_193' title='bbox 969 2184 1089 2231; x_wconf 84' lang='lat'><strong>245.</strong></span> <span class='ocrx_word' id='word_1_194' title='bbox 1142 2189 1190 2232; x_wconf 90' lang='lat' dir='ltr'><strong>et</strong></span> <span class='ocrx_word' id='word_1_195' title='bbox 1234 2181 1562 2243; x_wconf 80' lang='lat' dir='ltr'><strong>Gallandius,</strong></span> <span class='ocrx_word' id='word_1_196' title='bbox 1603 2181 1777 2246; x_wconf 87' lang='lat' dir='ltr'><strong>praef.</strong></span> <span class='ocrx_word' id='word_1_197' title='bbox 1809 2197 1921 2246; x_wconf 76' lang='lat' dir='ltr'><strong>qen.</strong></span> <span class='ocrx_word' id='word_1_198' title='bbox 1958 2184 2013 2230; x_wconf 88' lang='lat' dir='ltr'><strong>in</strong></span> <span class='ocrx_word' id='word_1_199' title='bbox 2057 2181 2289 2231; x_wconf 75' lang='lat' dir='ltr'><strong>Biblioth.</strong></span> <span class='ocrx_word' id='word_1_200' title='bbox 2340 2181 2445 2232; x_wconf 89' lang='lat' dir='ltr'><strong>Vet.</strong></span> <span class='ocrx_word' id='word_1_201' title='bbox 2481 2181 2627 2234; x_wconf 87' lang='lat' dir='ltr'><strong>Patr.</strong></span> <span class='ocrx_word' id='word_1_202' title='bbox 2666 2182 2709 2232; x_wconf 93' lang='lat' dir='ltr'><strong>I.</strong></span> 
     </span>
     <span class='ocr_line' id='line_1_18' title="bbox 217 2265 2709 2330; baseline 0.001 -15"><span class='ocrx_word' id='word_1_203' title='bbox 217 2283 266 2315; x_wconf 88' lang='lat' dir='ltr'><strong>n.</strong></span> <span class='ocrx_word' id='word_1_204' title='bbox 319 2266 436 2316; x_wconf 85' lang='lat' dir='ltr'><strong>VII.</strong></span> <span class='ocrx_word' id='word_1_205' title='bbox 477 2265 718 2326; x_wconf 79' lang='lat' dir='ltr'><strong>Quamvis</strong></span> <span class='ocrx_word' id='word_1_206' title='bbox 754 2267 806 2318; x_wconf 92' lang='lat' dir='ltr'><strong>J.</strong></span> <span class='ocrx_word' id='word_1_207' title='bbox 834 2268 894 2318; x_wconf 83' lang='lat' dir='ltr'><strong>A.</strong></span> <span class='ocrx_word' id='word_1_208' title='bbox 931 2266 1156 2330; x_wconf 83' lang='lat' dir='ltr'><strong>Cramer,</strong></span> <span class='ocrx_word' id='word_1_209' title='bbox 1198 2267 1413 2319; x_wconf 78' lang='lat' dir='ltr'><strong>Catenae</strong></span> <span class='ocrx_word' id='word_1_210' title='bbox 1449 2268 1667 2318; x_wconf 89' lang='lat' dir='ltr'><strong>Patrum</strong></span> <span class='ocrx_word' id='word_1_211' title='bbox 1704 2267 2013 2319; x_wconf 78' lang='lat' dir='ltr'><strong>Graecorum</strong></span> <span class='ocrx_word' id='word_1_212' title='bbox 2049 2270 2104 2318; x_wconf 83' lang='lat' dir='ltr'><strong>in</strong></span> <span class='ocrx_word' id='word_1_213' title='bbox 2139 2268 2207 2318; x_wconf 89' lang='lat' dir='ltr'><strong>N.</strong></span> <span class='ocrx_word' id='word_1_214' title='bbox 2252 2268 2307 2318; x_wconf 90' lang='lat' dir='ltr'><strong>T.</strong></span> <span class='ocrx_word' id='word_1_215' title='bbox 2346 2267 2534 2318; x_wconf 84' lang='lat' dir='ltr'><strong>Oxonii</strong></span> <span class='ocrx_word' id='word_1_216' title='bbox 2560 2270 2709 2317; x_wconf 88' lang='grc'><strong><em>1840.</em></strong></span> 
     </span>
     <span class='ocr_line' id='line_1_19' title="bbox 217 2351 2711 2422; baseline 0.001 -21"><span class='ocrx_word' id='word_1_217' title='bbox 217 2351 261 2401; x_wconf 95' lang='lat' dir='ltr'><strong>I.</strong></span> <span class='ocrx_word' id='word_1_218' title='bbox 289 2353 476 2416; x_wconf 83' lang='lat' dir='ltr'><strong>praef.</strong></span> <span class='ocrx_word' id='word_1_219' title='bbox 511 2371 564 2418; x_wconf 86' lang='lat' dir='ltr'><strong>p.</strong></span> <span class='ocrx_word' id='word_1_220' title='bbox 599 2357 681 2403; x_wconf 81' lang='lat'><strong>13.</strong></span> <span class='ocrx_word' id='word_1_221' title='bbox 737 2353 975 2404; x_wconf 87' lang='lat' dir='ltr'><strong>concedat</strong></span> <span class='ocrx_word' id='word_1_222' title='bbox 1015 2353 1430 2422; x_wconf 74' lang='lat' dir='ltr'><strong>olympiodorum</strong></span> <span class='ocrx_word' id='word_1_223' title='bbox 1478 2354 1897 2405; x_wconf 83' lang='lat' dir='ltr'><strong>Commentarium</strong></span> <span class='ocrx_word' id='word_1_224' title='bbox 1945 2359 1999 2404; x_wconf 87' lang='lat' dir='ltr'><strong>in</strong></span> <span class='ocrx_word' id='word_1_225' title='bbox 2034 2354 2216 2404; x_wconf 83' lang='lat' dir='ltr'><strong>Jobum</strong></span> <span class='ocrx_word' id='word_1_226' title='bbox 2264 2354 2516 2416; x_wconf 79' lang='lat' dir='ltr'><strong>edidisse,·</strong></span> <span class='ocrx_word' id='word_1_227' title='bbox 2562 2363 2711 2420; x_wconf 67' lang='lat' dir='ltr'><strong>negat</strong></span> 
     </span>
     <span class='ocr_line' id='line_1_20' title="bbox 217 2439 2706 2506; baseline 0.001 -18"><span class='ocrx_word' id='word_1_228' title='bbox 217 2446 440 2490; x_wconf 77' lang='lat' dir='ltr'><strong>attamen</strong></span> <span class='ocrx_word' id='word_1_229' title='bbox 479 2439 702 2491; x_wconf 84' lang='lat' dir='ltr'><strong>eiusdem</strong></span> <span class='ocrx_word' id='word_1_230' title='bbox 728 2458 832 2492; x_wconf 81' lang='lat' dir='ltr'><strong>esse</strong></span> <span class='ocrx_word' id='word_1_231' title='bbox 861 2440 1118 2503; x_wconf 88' lang='lat' dir='ltr'><strong>Catenam,</strong></span> <span class='ocrx_word' id='word_1_232' title='bbox 1157 2458 1284 2506; x_wconf 87' lang='lat' dir='ltr'><strong>quae</strong></span> <span class='ocrx_word' id='word_1_233' title='bbox 1321 2441 1470 2492; x_wconf 80' lang='lat' dir='ltr'><strong>hodie</strong></span> <span class='ocrx_word' id='word_1_234' title='bbox 1505 2443 1597 2491; x_wconf 86' lang='lat' dir='ltr'><strong>sub</strong></span> <span class='ocrx_word' id='word_1_235' title='bbox 1621 2441 1728 2492; x_wconf 84' lang='lat' dir='ltr'><strong>eius</strong></span> <span class='ocrx_word' id='word_1_236' title='bbox 1758 2442 2071 2506; x_wconf 80' lang='lat' dir='ltr'><strong>potissimum</strong></span> <span class='ocrx_word' id='word_1_237' title='bbox 2108 2445 2305 2492; x_wconf 87' lang='lat' dir='ltr'><strong>nomine</strong></span> <span class='ocrx_word' id='word_1_238' title='bbox 2340 2441 2706 2505; x_wconf 73' lang='lat' dir='ltr'><strong>circumfertur.</strong></span> 
     </span>
     <span class='ocr_line' id='line_1_21' title="bbox 217 2525 2711 2593; baseline 0.001 -17"><span class='ocrx_word' id='word_1_239' title='bbox 217 2525 579 2593; x_wconf 77' lang='lat' dir='ltr'><strong>Olympiodoro</strong></span> <span class='ocrx_word' id='word_1_240' title='bbox 613 2526 822 2578; x_wconf 87' lang='lat' dir='ltr'><strong>debetur</strong></span> <span class='ocrx_word' id='word_1_241' title='bbox 857 2545 946 2577; x_wconf 81' lang='lat' dir='ltr'><strong>ars</strong></span> <span class='ocrx_word' id='word_1_242' title='bbox 981 2545 1008 2579; x_wconf 91' lang='lat' dir='ltr'><strong>e</strong></span> <span class='ocrx_word' id='word_1_243' title='bbox 1043 2529 1232 2579; x_wconf 83' lang='lat' dir='ltr'><strong>Veteris</strong></span> <span class='ocrx_word' id='word_1_244' title='bbox 1254 2529 1512 2579; x_wconf 72' lang='lat' dir='ltr'><strong>Ecclesiae</strong></span> <span class='ocrx_word' id='word_1_245' title='bbox 1547 2528 1774 2580; x_wconf 79' lang='lat' dir='ltr'><strong>Graecae</strong></span> <span class='ocrx_word' id='word_1_246' title='bbox 1803 2528 2079 2580; x_wconf 83' lang='lat' dir='ltr'><strong>Latinaeve</strong></span> <span class='ocrx_word' id='word_1_247' title='bbox 2114 2529 2177 2582; x_wconf 98' lang='lat' dir='ltr'><strong>P.</strong></span> <span class='ocrx_word' id='word_1_248' title='bbox 2206 2529 2267 2578; x_wconf 92' lang='lat' dir='ltr'><strong>P.</strong></span> <span class='ocrx_word' id='word_1_249' title='bbox 2297 2528 2351 2580; x_wconf 83' lang='lat' dir='ltr'><strong>S.</strong></span> <span class='ocrx_word' id='word_1_250' title='bbox 2380 2529 2439 2582; x_wconf 87' lang='grc' dir='ltr'><em>Ε.</em></span> <span class='ocrx_word' id='word_1_251' title='bbox 2479 2529 2711 2593; x_wconf 81' lang='lat' dir='ltr'><strong>operibus</strong></span> 
     </span>
     <span class='ocr_line' id='line_1_22' title="bbox 216 2613 2710 2682; baseline 0.001 -19"><span class='ocrx_word' id='word_1_252' title='bbox 216 2629 276 2663; x_wconf 89' lang='lat' dir='ltr'><strong>ea</strong></span> <span class='ocrx_word' id='word_1_253' title='bbox 311 2613 616 2665; x_wconf 68' lang='lat' dir='ltr'><strong>contexendi</strong></span> <span class='ocrx_word' id='word_1_254' title='bbox 650 2621 694 2664; x_wconf 89' lang='lat' dir='ltr'><strong>et</strong></span> <span class='ocrx_word' id='word_1_255' title='bbox 731 2617 879 2679; x_wconf 85' lang='lat' dir='ltr'><strong>quasi</strong></span> <span class='ocrx_word' id='word_1_256' title='bbox 913 2615 1204 2682; x_wconf 75' lang='lat' dir='ltr'><strong>colliqandi‚</strong></span> <span class='ocrx_word' id='word_1_257' title='bbox 1252 2621 1401 2681; x_wconf 86' lang='lat' dir='ltr'><strong>atque</strong></span> <span class='ocrx_word' id='word_1_258' title='bbox 1437 2615 1508 2665; x_wconf 90' lang='lat' dir='ltr'><strong>ad</strong></span> <span class='ocrx_word' id='word_1_259' title='bbox 1544 2615 1773 2667; x_wconf 76' lang='lat' dir='ltr'><strong>ordinem</strong></span> <span class='ocrx_word' id='word_1_260' title='bbox 1806 2616 2119 2682; x_wconf 75' lang='lat' dir='ltr'><strong>sinqulorum</strong></span> <span class='ocrx_word' id='word_1_261' title='bbox 2156 2615 2398 2666; x_wconf 82' lang='lat' dir='ltr'><strong>librorum</strong></span> <span class='ocrx_word' id='word_1_262' title='bbox 2435 2615 2509 2665; x_wconf 89' lang='lat' dir='ltr'><strong>ita</strong></span> <span class='ocrx_word' id='word_1_263' title='bbox 2542 2615 2710 2681; x_wconf 86' lang='lat' dir='ltr'><strong>dispo-</strong></span> 
     </span>
     <span class='ocr_line' id='line_1_23' title="bbox 214 2699 2708 2767; baseline 0.002 -18"><span class='ocrx_word' id='word_1_264' title='bbox 214 2699 388 2763; x_wconf 84' lang='lat' dir='ltr'><strong>nendi,</strong></span> <span class='ocrx_word' id='word_1_265' title='bbox 425 2709 482 2751; x_wconf 90' lang='lat' dir='ltr'><strong>ut</strong></span> <span class='ocrx_word' id='word_1_266' title='bbox 529 2702 939 2765; x_wconf 69' lang='lat' dir='ltr'><strong>interpretationi</strong></span> <span class='ocrx_word' id='word_1_267' title='bbox 975 2702 1028 2753; x_wconf 80' lang='lat' dir='ltr'><strong>S.</strong></span> <span class='ocrx_word' id='word_1_268' title='bbox 1068 2703 1360 2753; x_wconf 80' lang='lat' dir='ltr'><strong>Literarum</strong></span> <span class='ocrx_word' id='word_1_269' title='bbox 1407 2704 1564 2752; x_wconf 89' lang='lat' dir='ltr'><strong>lucem</strong></span> <span class='ocrx_word' id='word_1_270' title='bbox 1609 2702 1890 2767; x_wconf 80' lang='lat' dir='ltr'><strong>adferrent.</strong></span> <span class='ocrx_word' id='word_1_271' title='bbox 1954 2702 2040 2753; x_wconf 87' lang='lat' dir='ltr'><strong>Ex</strong></span> <span class='ocrx_word' id='word_1_272' title='bbox 2076 2720 2133 2754; x_wconf 90' lang='lat' dir='ltr'><strong>eo</strong></span> <span class='ocrx_word' id='word_1_273' title='bbox 2170 2709 2353 2754; x_wconf 84' lang='lat' dir='ltr'><strong>natae.-</strong></span> <span class='ocrx_word' id='word_1_274' title='bbox 2406 2704 2708 2765; x_wconf 76' lang='lat' dir='ltr'><strong>Catenae,</strong></span> 
     </span>
     <span class='ocr_line' id='line_1_24' title="bbox 225 2784 2706 2860; baseline 0 -22"><span class='ocrx_word' id='word_1_275' title='bbox 225 2787 437 2838; x_wconf 79' lang='lat' dir='ltr'><strong>Graecis</strong></span> <span class='ocrx_word' id='word_1_276' title='bbox 487 2785 712 2857; x_wconf 79' lang='grc' dir='ltr'>ἐπιτομαὶ</span> <span class='ocrx_word' id='word_1_277' title='bbox 756 2786 1047 2857; x_wconf 78' lang='grc' dir='ltr'>ἑρμηνειῶν,</span> <span class='ocrx_word' id='word_1_278' title='bbox 1099 2787 1382 2860; x_wconf 81' lang='grc' dir='ltr'><strong>συναγωγαὶ</strong></span> <span class='ocrx_word' id='word_1_279' title='bbox 1427 2786 1699 2858; x_wconf 82' lang='grc' dir='ltr'>ἐξηγήσεων</span> <span class='ocrx_word' id='word_1_280' title='bbox 1747 2784 1879 2858; x_wconf 81' lang='grc' dir='ltr'>παρὰ</span> <span class='ocrx_word' id='word_1_281' title='bbox 1922 2787 2194 2858; x_wconf 82' lang='grc' dir='ltr'>διαφόρων,</span> <span class='ocrx_word' id='word_1_282' title='bbox 2242 2789 2409 2859; x_wconf 82' lang='grc' dir='ltr'>χρυσᾶ</span> <span class='ocrx_word' id='word_1_283' title='bbox 2452 2786 2706 2857; x_wconf 80' lang='grc' dir='ltr'>κεφάλαια,</span> 
     </span>
     <span class='ocr_line' id='line_1_25' title="bbox 215 2875 2710 2939; baseline 0.001 -16"><span class='ocrx_word' id='word_1_284' title='bbox 215 2875 516 2926; x_wconf 83' lang='lat' dir='ltr'><strong>creberrime</strong></span> <span class='ocrx_word' id='word_1_285' title='bbox 565 2876 874 2939; x_wconf 82' lang='lat' dir='ltr'><strong>appellatae.</strong></span> <span class='ocrx_word' id='word_1_286' title='bbox 939 2876 1174 2926; x_wconf 88' lang='lat' dir='ltr'><strong>Nominis</strong></span> <span class='ocrx_word' id='word_1_287' title='bbox 1229 2876 1533 2939; x_wconf 76' lang='lat' dir='ltr'><strong>Catenae,</strong></span> <span class='ocrx_word' id='word_1_288' title='bbox 1589 2878 1667 2926; x_wconf 85' lang='lat' dir='ltr'><strong>ita</strong></span> <span class='ocrx_word' id='word_1_289' title='bbox 1712 2883 1767 2926; x_wconf 90' lang='lat' dir='ltr'><strong>ut</strong></span> <span class='ocrx_word' id='word_1_290' title='bbox 1814 2876 2017 2939; x_wconf 85' lang='lat' dir='ltr'><strong>videtur</strong></span> <span class='ocrx_word' id='word_1_291' title='bbox 2062 2878 2122 2926; x_wconf 88' lang='lat' dir='ltr'><strong>ob</strong></span> <span class='ocrx_word' id='word_1_292' title='bbox 2170 2876 2551 2927; x_wconf 82' lang='lat' dir='ltr'><strong>similitudinem</strong></span> <span class='ocrx_word' id='word_1_293' title='bbox 2600 2894 2710 2925; x_wconf 82' lang='lat' dir='ltr'><strong>cum</strong></span> 
     </span>
     <span class='ocr_line' id='line_1_26' title="bbox 215 2962 2710 3030; baseline 0.001 -21"><span class='ocrx_word' id='word_1_294' title='bbox 215 2962 405 3013; x_wconf 86' lang='lat' dir='ltr'><strong>catenis</strong></span> <span class='ocrx_word' id='word_1_295' title='bbox 419 2964 637 3027; x_wconf 78' lang='lat' dir='ltr'><strong>proprie</strong></span> <span class='ocrx_word' id='word_1_296' title='bbox 661 2965 734 3011; x_wconf 90' lang='lat' dir='ltr'><strong>sic</strong></span> <span class='ocrx_word' id='word_1_297' title='bbox 756 2962 904 3013; x_wconf 83' lang='lat' dir='ltr'><strong>dictis</strong></span> <span class='ocrx_word' id='word_1_298' title='bbox 930 2962 1188 3027; x_wconf 83' lang='lat' dir='ltr'><strong>vocitatae,</strong></span> <span class='ocrx_word' id='word_1_299' title='bbox 1226 2964 1468 3030; x_wconf 75' lang='lat' dir='ltr'><strong>oriyinem</strong></span> <span class='ocrx_word' id='word_1_300' title='bbox 1495 2980 1528 3013; x_wconf 87' lang='lat' dir='ltr'><strong>a</strong></span> <span class='ocrx_word' id='word_1_301' title='bbox 1551 2964 1623 3012; x_wconf 90' lang='lat' dir='ltr'><strong>D.</strong></span> <span class='ocrx_word' id='word_1_302' title='bbox 1654 2964 1889 3013; x_wconf 75' lang='lat' dir='ltr'><strong>Thoma</strong></span> <span class='ocrx_word' id='word_1_303' title='bbox 1926 2965 2260 3027; x_wconf 80' lang='lat' dir='ltr'><strong>Aquinate,</strong></span> <span class='ocrx_word' id='word_1_304' title='bbox 2298 2968 2437 3013; x_wconf 85' lang='lat' dir='ltr'><strong>cuius</strong></span> <span class='ocrx_word' id='word_1_305' title='bbox 2470 2965 2710 3012; x_wconf 86' lang='lat' dir='ltr'><strong>nimirum</strong></span> 
     </span>
     <span class='ocr_line' id='line_1_27' title="bbox 216 3048 2709 3114; baseline 0 -18"><span class='ocrx_word' id='word_1_306' title='bbox 216 3049 440 3099; x_wconf 79' lang='lat' dir='ltr'><strong>collectio</strong></span> <span class='ocrx_word' id='word_1_307' title='bbox 475 3051 532 3097; x_wconf 87' lang='lat' dir='ltr'><strong>in</strong></span> <span class='ocrx_word' id='word_1_308' title='bbox 565 3049 664 3099; x_wconf 90' lang='lat' dir='ltr'><strong>IV.</strong></span> <span class='ocrx_word' id='word_1_309' title='bbox 701 3049 986 3113; x_wconf 77' lang='lat' dir='ltr'><strong>Evanqelia</strong></span> <span class='ocrx_word' id='word_1_310' title='bbox 1019 3068 1152 3102; x_wconf 87' lang='lat' dir='ltr'><strong>nunc</strong></span> <span class='ocrx_word' id='word_1_311' title='bbox 1189 3050 1458 3114; x_wconf 83' lang='lat' dir='ltr'><strong>„Catena</strong></span> <span class='ocrx_word' id='word_1_312' title='bbox 1492 3054 1719 3100; x_wconf 87' lang='lat' dir='ltr'><strong>aurea“</strong></span> <span class='ocrx_word' id='word_1_313' title='bbox 1757 3050 2047 3100; x_wconf 67' lang='lat' dir='ltr'><strong>inscribitur</strong></span> <span class='ocrx_word' id='word_1_314' title='bbox 2096 3049 2147 3101; x_wconf 92' lang='lat' dir='ltr'><strong>V.</strong></span> <span class='ocrx_word' id='word_1_315' title='bbox 2176 3049 2245 3101; x_wconf 83' lang='lat' dir='ltr'><strong>H.</strong></span> <span class='ocrx_word' id='word_1_316' title='bbox 2272 3049 2338 3099; x_wconf 88' lang='grc' dir='ltr'><strong>Ν.</strong></span> <span class='ocrx_word' id='word_1_317' title='bbox 2372 3049 2428 3099; x_wconf 87' lang='lat' dir='ltr'><strong>T.</strong></span> <span class='ocrx_word' id='word_1_318' title='bbox 2453 3066 2514 3112; x_wconf 88' lang='lat' dir='ltr'><strong>p.</strong></span> <span class='ocrx_word' id='word_1_319' title='bbox 2541 3048 2709 3111; x_wconf 68' lang='lat' dir='ltr'><em>XIX„</em></span> 
     </span>
     <span class='ocr_line' id='line_1_28' title="bbox 215 3134 2702 3202; baseline -0 -18"><span class='ocrx_word' id='word_1_320' title='bbox 215 3135 542 3200; x_wconf 83' lang='lat' dir='ltr'><strong>repetendam</strong></span> <span class='ocrx_word' id='word_1_321' title='bbox 577 3152 684 3187; x_wconf 77' lang='lat' dir='ltr'><strong>esse</strong></span> <span class='ocrx_word' id='word_1_322' title='bbox 720 3136 930 3201; x_wconf 84' lang='lat' dir='ltr'><strong>quidam</strong></span> <span class='ocrx_word' id='word_1_323' title='bbox 957 3144 1219 3202; x_wconf 84' lang='lat' dir='ltr'><strong>putarunt.</strong></span> <span class='ocrx_word' id='word_1_324' title='bbox 1261 3137 1365 3189; x_wconf 86' lang='lat' dir='ltr'><strong>Sed</strong></span> <span class='ocrx_word' id='word_1_325' title='bbox 1389 3137 1525 3187; x_wconf 87' lang='lat' dir='ltr'><strong>alius</strong></span> <span class='ocrx_word' id='word_1_326' title='bbox 1547 3137 1745 3187; x_wconf 87' lang='lat' dir='ltr'><strong>demum</strong></span> <span class='ocrx_word' id='word_1_327' title='bbox 1769 3138 2017 3187; x_wconf 86' lang='lat' dir='ltr'><strong>recentior</strong></span> <span class='ocrx_word' id='word_1_328' title='bbox 2038 3134 2311 3199; x_wconf 69' lang='lat' dir='ltr'><strong>adscripsit</strong></span> <span class='ocrx_word' id='word_1_329' title='bbox 2334 3135 2465 3185; x_wconf 75' lang='lat' dir='ltr'><strong>hunc</strong></span> <span class='ocrx_word' id='word_1_330' title='bbox 2486 3136 2702 3195; x_wconf 81' lang='lat' dir='ltr'><strong>titulum3</strong></span> 
     </span>
     <span class='ocr_line' id='line_1_29' title="bbox 216 3221 2707 3289; baseline -0 -17"><span class='ocrx_word' id='word_1_331' title='bbox 216 3223 308 3272; x_wconf 78' lang='lat' dir='ltr'><strong>hoc</strong></span> <span class='ocrx_word' id='word_1_332' title='bbox 343 3222 465 3273; x_wconf 85' lang='lat' dir='ltr'><strong>inde</strong></span> <span class='ocrx_word' id='word_1_333' title='bbox 503 3224 778 3274; x_wconf 74' lang='lat' dir='ltr'><strong>lucidenter</strong></span> <span class='ocrx_word' id='word_1_334' title='bbox 801 3230 964 3287; x_wconf 86' lang='lat' dir='ltr'><strong>patet,</strong></span> <span class='ocrx_word' id='word_1_335' title='bbox 1002 3224 1138 3289; x_wconf 81' lang='lat' dir='ltr'><strong>quod</strong></span> <span class='ocrx_word' id='word_1_336' title='bbox 1172 3225 1552 3289; x_wconf 66' lang='lat' dir='ltr'><strong>antiquissimae</strong></span> <span class='ocrx_word' id='word_1_337' title='bbox 1588 3225 1739 3273; x_wconf 78' lang='lat' dir='ltr'><strong>huius</strong></span> <span class='ocrx_word' id='word_1_338' title='bbox 1773 3224 1893 3273; x_wconf 83' lang='lat' dir='ltr'><strong>libri</strong></span> <span class='ocrx_word' id='word_1_339' title='bbox 1926 3221 2168 3273; x_wconf 86' lang='lat' dir='ltr'><strong>editiones</strong></span> <span class='ocrx_word' id='word_1_340' title='bbox 2196 3250 2257 3259; x_wconf 90' lang='lat'>-</span> <span class='ocrx_word' id='word_1_341' title='bbox 2282 3221 2518 3271; x_wconf 85' lang='lat' dir='ltr'><strong>Romana</strong></span> <span class='ocrx_word' id='word_1_342' title='bbox 2558 3223 2707 3271; x_wconf 85' lang='grc'><em>1470.</em></span> 
     </span>
     <span class='ocr_line' id='line_1_30' title="bbox 228 3308 2708 3375; baseline -0.001 -16"><span class='ocrx_word' id='word_1_343' title='bbox 228 3310 414 3361; x_wconf 88' lang='lat' dir='ltr'><strong>Veneta</strong></span> <span class='ocrx_word' id='word_1_344' title='bbox 438 3312 597 3359; x_wconf 84' lang='lat'><strong>1482.</strong></span> <span class='ocrx_word' id='word_1_345' title='bbox 627 3338 687 3347; x_wconf 91' lang='lat'><strong>—-</strong></span> <span class='ocrx_word' id='word_1_346' title='bbox 715 3310 927 3361; x_wconf 66' lang='lat' dir='ltr'><strong>liabent.-</strong></span> <span class='ocrx_word' id='word_1_347' title='bbox 964 3312 1030 3362; x_wconf 87' lang='lat' dir='ltr'><strong>D.</strong></span> <span class='ocrx_word' id='word_1_348' title='bbox 1062 3311 1154 3362; x_wconf 81' lang='lat' dir='ltr'><strong>Th.</strong></span> <span class='ocrx_word' id='word_1_349' title='bbox 1181 3311 1276 3375; x_wconf 89' lang='lat' dir='ltr'><strong>Aq.</strong></span> <span class='ocrx_word' id='word_1_350' title='bbox 1305 3310 1382 3362; x_wconf 94' lang='lat' dir='ltr'><strong>Co</strong></span> <span class='ocrx_word' id='word_1_351' title='bbox 1397 3313 1676 3361; x_wconf 88' lang='lat' dir='ltr'><strong>ntinuum</strong></span> <span class='ocrx_word' id='word_1_352' title='bbox 1712 3313 1765 3359; x_wconf 86' lang='lat' dir='ltr'><strong>in</strong></span> <span class='ocrx_word' id='word_1_353' title='bbox 1802 3316 2015 3375; x_wconf 87' lang='lat' dir='ltr'><strong>quatuor</strong></span> <span class='ocrx_word' id='word_1_354' title='bbox 2049 3309 2433 3374; x_wconf 56' lang='lat' dir='ltr'><strong>&amp;angel-istm,-</strong></span> <span class='ocrx_word' id='word_1_355' title='bbox 2468 3308 2567 3357; x_wconf 86' lang='lat' dir='ltr'><strong>imo</strong></span> <span class='ocrx_word' id='word_1_356' title='bbox 2601 3310 2708 3372; x_wconf 84' lang='lat' dir='ltr'><strong>ipse</strong></span> 
     </span>
     <span class='ocr_line' id='line_1_31' title="bbox 214 3395 2705 3462; baseline -0 -17"><span class='ocrx_word' id='word_1_357' title='bbox 214 3414 252 3446; x_wconf 84' lang='lat' dir='ltr'><strong>s.</strong></span> <span class='ocrx_word' id='word_1_358' title='bbox 284 3397 512 3447; x_wconf 74' lang='lat' dir='ltr'><strong>Thomas</strong></span> <span class='ocrx_word' id='word_1_359' title='bbox 535 3396 589 3446; x_wconf 85' lang='lat' dir='ltr'><strong>in</strong></span> <span class='ocrx_word' id='word_1_360' title='bbox 615 3412 691 3462; x_wconf 84' lang='lat' dir='ltr'><strong>cp.</strong></span> <span class='ocrx_word' id='word_1_361' title='bbox 717 3395 836 3448; x_wconf 91' lang='lat' dir='ltr'><strong>ded.</strong></span> <span class='ocrx_word' id='word_1_362' title='bbox 861 3396 934 3447; x_wconf 88' lang='lat' dir='ltr'><strong>ad</strong></span> <span class='ocrx_word' id='word_1_363' title='bbox 968 3398 1225 3449; x_wconf 87' lang='lat' dir='ltr'><strong>Urbanum</strong></span> <span class='ocrx_word' id='word_1_364' title='bbox 1255 3398 1313 3448; x_wconf 89' lang='lat' dir='ltr'><strong>P.</strong></span> <span class='ocrx_word' id='word_1_365' title='bbox 1341 3397 1436 3448; x_wconf 91' lang='lat' dir='ltr'><strong>IV.</strong></span> <span class='ocrx_word' id='word_1_366' title='bbox 1465 3396 1604 3447; x_wconf 88' lang='lat' dir='ltr'><strong>dieat</strong></span> <span class='ocrx_word' id='word_1_367' title='bbox 1639 3414 1778 3447; x_wconf 82' lang='lat' dir='ltr'><strong>esse.-</strong></span> <span class='ocrx_word' id='word_1_368' title='bbox 1813 3399 2191 3447; x_wconf 88' lang='lat' dir='ltr'><strong>continuam</strong></span> <span class='ocrx_word' id='word_1_369' title='bbox 2226 3398 2705 3460; x_wconf 71' lang='lat' dir='ltr'><strong>expositionem.</strong></span> 
     </span>
     <span class='ocr_line' id='line_1_32' title="bbox 217 3480 2707 3548; baseline -0.001 -16"><span class='ocrx_word' id='word_1_370' title='bbox 217 3484 334 3532; x_wconf 86' lang='lat' dir='ltr'><strong>Hac</strong></span> <span class='ocrx_word' id='word_1_371' title='bbox 367 3482 434 3533; x_wconf 89' lang='lat' dir='ltr'><strong>de</strong></span> <span class='ocrx_word' id='word_1_372' title='bbox 479 3501 536 3533; x_wconf 89' lang='lat' dir='ltr'><strong>re</strong></span> <span class='ocrx_word' id='word_1_373' title='bbox 572 3482 834 3547; x_wconf 84' lang='lat' dir='ltr'><strong>disputant</strong></span> <span class='ocrx_word' id='word_1_374' title='bbox 870 3484 934 3535; x_wconf 86' lang='lat' dir='ltr'><strong>R.</strong></span> <span class='ocrx_word' id='word_1_375' title='bbox 976 3483 1168 3547; x_wconf 85' lang='lat' dir='ltr'><strong>Simon,</strong></span> <span class='ocrx_word' id='word_1_376' title='bbox 1210 3484 1342 3535; x_wconf 88' lang='lat' dir='ltr'><strong>Hist.</strong></span> <span class='ocrx_word' id='word_1_377' title='bbox 1381 3484 1490 3533; x_wconf 84' lang='lat' dir='ltr'><strong>crit.</strong></span> <span class='ocrx_word' id='word_1_378' title='bbox 1529 3483 1617 3534; x_wconf 87' lang='lat' dir='ltr'><strong>des</strong></span> <span class='ocrx_word' id='word_1_379' title='bbox 1645 3483 1963 3548; x_wconf 87' lang='lat' dir='ltr'><strong>principaux</strong></span> <span class='ocrx_word' id='word_1_380' title='bbox 1996 3488 2409 3532; x_wconf 84' lang='lat' dir='ltr'><strong>commentateurs</strong></span> <span class='ocrx_word' id='word_1_381' title='bbox 2444 3482 2515 3531; x_wconf 90' lang='lat' dir='ltr'><strong>du</strong></span> <span class='ocrx_word' id='word_1_382' title='bbox 2551 3481 2618 3532; x_wconf 92' lang='lat' dir='ltr'><strong>N.</strong></span> <span class='ocrx_word' id='word_1_383' title='bbox 2650 3480 2707 3531; x_wconf 92' lang='lat' dir='ltr'><strong>T.</strong></span> 
     </span>
     <span class='ocr_line' id='line_1_33' title="bbox 213 3569 2705 3637; baseline -0.001 -16"><span class='ocrx_word' id='word_1_384' title='bbox 213 3570 448 3623; x_wconf 80' lang='lat' dir='ltr'><strong>Rotterd.</strong></span> <span class='ocrx_word' id='word_1_385' title='bbox 479 3573 624 3620; x_wconf 85' lang='lat'><strong>1693.</strong></span> <span class='ocrx_word' id='word_1_386' title='bbox 651 3587 689 3620; x_wconf 90' lang='lat' dir='ltr'><strong>c.</strong></span> <span class='ocrx_word' id='word_1_387' title='bbox 719 3574 807 3619; x_wconf 77' lang='lat'><strong>33.</strong></span> <span class='ocrx_word' id='word_1_388' title='bbox 829 3589 882 3637; x_wconf 87' lang='lat' dir='ltr'><strong>p.</strong></span> <span class='ocrx_word' id='word_1_389' title='bbox 910 3574 1027 3622; x_wconf 88' lang='grc'><em>473.</em></span> <span class='ocrx_word' id='word_1_390' title='bbox 1053 3590 1092 3620; x_wconf 82' lang='lat' dir='ltr'><strong>s.</strong></span> <span class='ocrx_word' id='word_1_391' title='bbox 1119 3572 1168 3621; x_wconf 89' lang='lat' dir='ltr'><strong>J.</strong></span> <span class='ocrx_word' id='word_1_392' title='bbox 1196 3570 1482 3636; x_wconf 75' lang='lat' dir='ltr'><strong>Echardus,</strong></span> <span class='ocrx_word' id='word_1_393' title='bbox 1509 3570 1789 3635; x_wconf 81' lang='lat' dir='ltr'><strong>Scriptores</strong></span> <span class='ocrx_word' id='word_1_394' title='bbox 1815 3570 1936 3622; x_wconf 84' lang='lat' dir='ltr'><strong>Ord.</strong></span> <span class='ocrx_word' id='word_1_395' title='bbox 1964 3569 2153 3619; x_wconf 87' lang='lat' dir='ltr'><strong>Praed.</strong></span> <span class='ocrx_word' id='word_1_396' title='bbox 2180 3570 2306 3619; x_wconf 86' lang='lat' dir='ltr'><strong>Par.</strong></span> <span class='ocrx_word' id='word_1_397' title='bbox 2338 3571 2489 3617; x_wconf 86' lang='grc'><em>1719.</em></span> <span class='ocrx_word' id='word_1_398' title='bbox 2518 3569 2561 3630; x_wconf 91' lang='lat' dir='ltr'><strong>I,</strong></span> <span class='ocrx_word' id='word_1_399' title='bbox 2582 3570 2705 3619; x_wconf 83' lang='lat'><strong>329.</strong></span> 
     </span>
     <span class='ocr_line' id='line_1_34' title="bbox 213 3653 2705 3719; baseline -0.001 -13"><span class='ocrx_word' id='word_1_400' title='bbox 213 3657 267 3706; x_wconf 82' lang='lat' dir='ltr'><strong>S.</strong></span> <span class='ocrx_word' id='word_1_401' title='bbox 295 3656 370 3706; x_wconf 83' lang='lat' dir='ltr'><strong>M.</strong></span> <span class='ocrx_word' id='word_1_402' title='bbox 398 3656 766 3718; x_wconf 64' lang='lat' dir='ltr'><strong>Mamm-indii,</strong></span> <span class='ocrx_word' id='word_1_403' title='bbox 793 3665 891 3707; x_wconf 88' lang='lat' dir='ltr'><strong>not.</strong></span> <span class='ocrx_word' id='word_1_404' title='bbox 923 3662 972 3708; x_wconf 89' lang='grc'><strong>6.</strong></span> <span class='ocrx_word' id='word_1_405' title='bbox 997 3658 1068 3707; x_wconf 84' lang='lat' dir='ltr'><strong>ad</strong></span> <span class='ocrx_word' id='word_1_406' title='bbox 1093 3659 1128 3710; x_wconf 86' lang='lat' dir='ltr'><strong>l.</strong></span> <span class='ocrx_word' id='word_1_407' title='bbox 1154 3657 1228 3707; x_wconf 94' lang='lat' dir='ltr'><strong>II.</strong></span> <span class='ocrx_word' id='word_1_408' title='bbox 1267 3658 1334 3707; x_wconf 88' lang='lat' dir='ltr'><strong>H.</strong></span> <span class='ocrx_word' id='word_1_409' title='bbox 1373 3657 1586 3715; x_wconf 86' lang='lat' dir='ltr'><strong>Vielmii,</strong></span> <span class='ocrx_word' id='word_1_410' title='bbox 1613 3656 1679 3706; x_wconf 90' lang='lat' dir='ltr'><strong>de</strong></span> <span class='ocrx_word' id='word_1_411' title='bbox 1702 3656 1753 3706; x_wconf 92' lang='lat' dir='ltr'><strong>d.</strong></span> <span class='ocrx_word' id='word_1_412' title='bbox 1785 3656 2007 3706; x_wconf 77' lang='lat' dir='ltr'><strong>Thomae</strong></span> <span class='ocrx_word' id='word_1_413' title='bbox 2032 3656 2127 3719; x_wconf 87' lang='lat' dir='ltr'><strong>Aq.</strong></span> <span class='ocrx_word' id='word_1_414' title='bbox 2152 3655 2385 3705; x_wconf 85' lang='lat' dir='ltr'><strong>doctrina</strong></span> <span class='ocrx_word' id='word_1_415' title='bbox 2408 3661 2453 3705; x_wconf 89' lang='lat' dir='ltr'><strong>et</strong></span> <span class='ocrx_word' id='word_1_416' title='bbox 2479 3653 2705 3718; x_wconf 81' lang='lat' dir='ltr'><strong>Scriptis.</strong></span> 
     </span>
     <span class='ocr_line' id='line_1_35' title="bbox 215 3740 2705 3809; baseline -0.002 -16"><span class='ocrx_word' id='word_1_417' title='bbox 215 3744 436 3795; x_wconf 86' lang='lat' dir='ltr'><strong>Brixiae</strong></span> <span class='ocrx_word' id='word_1_418' title='bbox 475 3746 625 3793; x_wconf 83' lang='lat'><strong>1748.</strong></span> <span class='ocrx_word' id='word_1_419' title='bbox 658 3762 712 3809; x_wconf 92' lang='lat' dir='ltr'><strong>p.</strong></span> <span class='ocrx_word' id='word_1_420' title='bbox 742 3747 849 3794; x_wconf 89' lang='lat'><strong>101.</strong></span> <span class='ocrx_word' id='word_1_421' title='bbox 887 3744 938 3795; x_wconf 88' lang='lat' dir='ltr'><strong>J.</strong></span> <span class='ocrx_word' id='word_1_422' title='bbox 966 3744 1027 3795; x_wconf 83' lang='lat' dir='ltr'><strong>A.</strong></span> <span class='ocrx_word' id='word_1_423' title='bbox 1057 3744 1299 3805; x_wconf 81' lang='lat' dir='ltr'><strong>Noesselt,</strong></span> <span class='ocrx_word' id='word_1_424' title='bbox 1335 3744 1400 3793; x_wconf 90' lang='lat' dir='ltr'><strong>de</strong></span> <span class='ocrx_word' id='word_1_425' title='bbox 1431 3744 1630 3795; x_wconf 84' lang='lat' dir='ltr'><strong>Catenis</strong></span> <span class='ocrx_word' id='word_1_426' title='bbox 1655 3744 1807 3793; x_wconf 89' lang='lat' dir='ltr'><strong>Patr.</strong></span> <span class='ocrx_word' id='word_1_427' title='bbox 1835 3742 2143 3793; x_wconf 79' lang='lat' dir='ltr'><strong>Graecorum</strong></span> <span class='ocrx_word' id='word_1_428' title='bbox 2170 3744 2224 3790; x_wconf 88' lang='lat' dir='ltr'><strong>in</strong></span> <span class='ocrx_word' id='word_1_429' title='bbox 2248 3741 2315 3791; x_wconf 92' lang='lat' dir='ltr'><strong>N.</strong></span> <span class='ocrx_word' id='word_1_430' title='bbox 2347 3742 2403 3791; x_wconf 94' lang='lat' dir='ltr'><strong>T.</strong></span> <span class='ocrx_word' id='word_1_431' title='bbox 2442 3740 2545 3789; x_wconf 83' lang='lat' dir='ltr'><strong>obs.</strong></span> <span class='ocrx_word' id='word_1_432' title='bbox 2582 3740 2705 3789; x_wconf 85' lang='lat' dir='ltr'><strong>Hal.</strong></span> 
     </span>
     <span class='ocr_line' id='line_1_36' title="bbox 219 3825 2709 3896; baseline -0.002 -17"><span class='ocrx_word' id='word_1_433' title='bbox 219 3833 372 3881; x_wconf 86' lang='grc'><em>1762.</em></span> <span class='ocrx_word' id='word_1_434' title='bbox 401 3848 462 3895; x_wconf 85' lang='lat' dir='ltr'><strong>p.</strong></span> <span class='ocrx_word' id='word_1_435' title='bbox 492 3833 544 3880; x_wconf 85' lang='lat'><strong>4.</strong></span> <span class='ocrx_word' id='word_1_436' title='bbox 583 3830 646 3881; x_wconf 75' lang='lat' dir='ltr'><strong>G.</strong></span> <span class='ocrx_word' id='word_1_437' title='bbox 678 3831 732 3881; x_wconf 90' lang='lat' dir='ltr'><strong>C.</strong></span> <span class='ocrx_word' id='word_1_438' title='bbox 759 3832 968 3894; x_wconf 84' lang='lat' dir='ltr'><strong>Harles‚</strong></span> <span class='ocrx_word' id='word_1_439' title='bbox 1007 3834 1061 3880; x_wconf 87' lang='lat' dir='ltr'><strong>in</strong></span> <span class='ocrx_word' id='word_1_440' title='bbox 1085 3831 1135 3881; x_wconf 92' lang='lat' dir='ltr'><strong>J.</strong></span> <span class='ocrx_word' id='word_1_441' title='bbox 1158 3830 1220 3881; x_wconf 84' lang='lat' dir='ltr'><strong>A.</strong></span> <span class='ocrx_word' id='word_1_442' title='bbox 1249 3830 1494 3892; x_wconf 81' lang='lat' dir='ltr'><strong>Fabricii,</strong></span> <span class='ocrx_word' id='word_1_443' title='bbox 1534 3830 1675 3881; x_wconf 87' lang='lat' dir='ltr'><strong>Bibl.</strong></span> <span class='ocrx_word' id='word_1_444' title='bbox 1711 3848 1786 3896; x_wconf 74' lang='lat' dir='ltr'><strong>qr.</strong></span> <span class='ocrx_word' id='word_1_445' title='bbox 1827 3830 2012 3879; x_wconf 81' lang='lat' dir='ltr'><strong>Hamb.</strong></span> <span class='ocrx_word' id='word_1_446' title='bbox 2043 3832 2192 3879; x_wconf 85' lang='lat'><strong>1802.</strong></span> <span class='ocrx_word' id='word_1_447' title='bbox 2245 3827 2387 3888; x_wconf 85' lang='lat' dir='ltr'><strong><em>VIII,</em></strong></span> <span class='ocrx_word' id='word_1_448' title='bbox 2427 3830 2541 3876; x_wconf 87' lang='lat'><strong>692.</strong></span> <span class='ocrx_word' id='word_1_449' title='bbox 2581 3825 2709 3877; x_wconf 81' lang='lat' dir='ltr'><strong>Sunt</strong></span> 
     </span>
     <span class='ocr_line' id='line_1_37' title="bbox 213 3913 2708 3983; baseline -0.002 -17"><span class='ocrx_word' id='word_1_450' title='bbox 213 3933 335 3967; x_wconf 81' lang='lat' dir='ltr'><strong>vero</strong></span> <span class='ocrx_word' id='word_1_451' title='bbox 376 3917 664 3967; x_wconf 88' lang='lat' dir='ltr'><strong>Catenae</strong></span> <span class='ocrx_word' id='word_1_452' title='bbox 697 3919 871 3969; x_wconf 85' lang='lat' dir='ltr'><strong>istae</strong></span> <span class='ocrx_word' id='word_1_453' title='bbox 901 3934 1181 3983; x_wconf 61' lang='lat' dir='ltr'><strong>,qraecae</strong></span> <span class='ocrx_word' id='word_1_454' title='bbox 1218 3924 1266 3969; x_wconf 87' lang='lat' dir='ltr'><strong>et</strong></span> <span class='ocrx_word' id='word_1_455' title='bbox 1299 3919 1558 3968; x_wconf 85' lang='lat' dir='ltr'><strong>latinae</strong></span> <span class='ocrx_word' id='word_1_456' title='bbox 1597 3916 1649 3967; x_wconf 78' lang='lat' dir='ltr'><strong>S.</strong></span> <span class='ocrx_word' id='word_1_457' title='bbox 1678 3917 1742 3965; x_wconf 93' lang='lat' dir='ltr'><strong>P.</strong></span> <span class='ocrx_word' id='word_1_458' title='bbox 1769 3922 1815 3967; x_wconf 86' lang='lat' dir='ltr'><strong>et</strong></span> <span class='ocrx_word' id='word_1_459' title='bbox 1839 3916 1893 3967; x_wconf 83' lang='lat' dir='ltr'><strong>S.</strong></span> <span class='ocrx_word' id='word_1_460' title='bbox 1922 3916 1982 3966; x_wconf 86' lang='grc' dir='ltr'><em>Ε.</em></span> <span class='ocrx_word' id='word_1_461' title='bbox 2006 3915 2198 3966; x_wconf 83' lang='lat' dir='ltr'><strong>diversi</strong></span> <span class='ocrx_word' id='word_1_462' title='bbox 2217 3917 2431 3981; x_wconf 76' lang='lat' dir='ltr'><strong>qeneris,</strong></span> <span class='ocrx_word' id='word_1_463' title='bbox 2469 3913 2539 3963; x_wconf 90' lang='lat' dir='ltr'><strong>ad</strong></span> <span class='ocrx_word' id='word_1_464' title='bbox 2574 3914 2708 3963; x_wconf 84' lang='lat' dir='ltr'><strong>alias</strong></span> 
     </span>
     <span class='ocr_line' id='line_1_38' title="bbox 213 4000 2708 4068; baseline -0.002 -15"><span class='ocrx_word' id='word_1_465' title='bbox 213 4004 383 4055; x_wconf 87' lang='lat' dir='ltr'><strong>maior</strong></span> <span class='ocrx_word' id='word_1_466' title='bbox 406 4004 479 4054; x_wconf 89' lang='lat' dir='ltr'><strong>ad</strong></span> <span class='ocrx_word' id='word_1_467' title='bbox 501 4004 636 4054; x_wconf 85' lang='lat' dir='ltr'><strong>alias</strong></span> <span class='ocrx_word' id='word_1_468' title='bbox 666 4004 832 4054; x_wconf 85' lang='lat' dir='ltr'><strong>minor</strong></span> <span class='ocrx_word' id='word_1_469' title='bbox 855 4003 1112 4055; x_wconf 86' lang='lat' dir='ltr'><strong>industria</strong></span> <span class='ocrx_word' id='word_1_470' title='bbox 1147 4004 1376 4055; x_wconf 77' lang='lat' dir='ltr'><strong>adhibita</strong></span> <span class='ocrx_word' id='word_1_471' title='bbox 1407 4012 1478 4055; x_wconf 88' lang='lat' dir='ltr'><strong>est</strong></span> <span class='ocrx_word' id='word_1_472' title='bbox 1490 4023 1509 4066; x_wconf 91' lang='lat'><strong>,·</strong></span> <span class='ocrx_word' id='word_1_473' title='bbox 1545 4004 1598 4053; x_wconf 89' lang='lat' dir='ltr'><strong>in</strong></span> <span class='ocrx_word' id='word_1_474' title='bbox 1623 4002 1921 4068; x_wconf 82' lang='lat' dir='ltr'><strong>quibusdam</strong></span> <span class='ocrx_word' id='word_1_475' title='bbox 1946 4003 2101 4053; x_wconf 79' lang='lat' dir='ltr'><strong>verba</strong></span> <span class='ocrx_word' id='word_1_476' title='bbox 2126 4001 2454 4065; x_wconf 86' lang='lat' dir='ltr'><strong>Scriptorum,</strong></span> <span class='ocrx_word' id='word_1_477' title='bbox 2482 4016 2507 4049; x_wconf 90' lang='lat' dir='ltr'><strong>e</strong></span> <span class='ocrx_word' id='word_1_478' title='bbox 2531 4000 2708 4064; x_wconf 85' lang='lat' dir='ltr'><strong>quibus</strong></span> 
     </span>
     <span class='ocr_line' id='line_1_39' title="bbox 215 4089 2703 4157; baseline -0.002 -17"><span class='ocrx_word' id='word_1_479' title='bbox 215 4092 668 4156; x_wconf 85' lang='lat' dir='ltr'><strong>interpretamenta</strong></span> <span class='ocrx_word' id='word_1_480' title='bbox 712 4091 1066 4156; x_wconf 82' lang='lat' dir='ltr'><strong>compilantur,</strong></span> <span class='ocrx_word' id='word_1_481' title='bbox 1103 4108 1204 4141; x_wconf 88' lang='lat' dir='ltr'><strong>non</strong></span> <span class='ocrx_word' id='word_1_482' title='bbox 1247 4091 1444 4157; x_wconf 74' lang='lat' dir='ltr'><strong>inteyra</strong></span> <span class='ocrx_word' id='word_1_483' title='bbox 1478 4091 1570 4141; x_wconf 86' lang='lat' dir='ltr'><strong>sed</strong></span> <span class='ocrx_word' id='word_1_484' title='bbox 1605 4090 1777 4139; x_wconf 82' lang='lat' dir='ltr'><strong>decisa</strong></span> <span class='ocrx_word' id='word_1_485' title='bbox 1812 4089 2107 4140; x_wconf 75' lang='lat' dir='ltr'><strong>exhibentur</strong></span> <span class='ocrx_word' id='word_1_486' title='bbox 2120 4108 2138 4150; x_wconf 91' lang='lat'><strong>‚·</strong></span> <span class='ocrx_word' id='word_1_487' title='bbox 2184 4104 2542 4152; x_wconf 85' lang='lat' dir='ltr'><strong>nonnunquam</strong></span> <span class='ocrx_word' id='word_1_488' title='bbox 2578 4090 2703 4136; x_wconf 88' lang='lat' dir='ltr'><strong>eius-</strong></span> 
     </span>
     <span class='ocr_line' id='line_1_40' title="bbox 213 4174 2707 4239; baseline -0.003 -11"><span class='ocrx_word' id='word_1_489' title='bbox 213 4178 357 4228; x_wconf 84' lang='lat' dir='ltr'><strong>modi</strong></span> <span class='ocrx_word' id='word_1_490' title='bbox 391 4184 656 4229; x_wconf 86' lang='lat' dir='ltr'><strong>centonum</strong></span> <span class='ocrx_word' id='word_1_491' title='bbox 691 4180 1120 4230; x_wconf 80' lang='lat' dir='ltr'><strong>consarcinatores</strong></span> <span class='ocrx_word' id='word_1_492' title='bbox 1167 4184 1427 4228; x_wconf 89' lang='lat' dir='ltr'><strong>auctorum</strong></span> <span class='ocrx_word' id='word_1_493' title='bbox 1473 4177 1680 4227; x_wconf 88' lang='lat' dir='ltr'><strong>nomina</strong></span> <span class='ocrx_word' id='word_1_494' title='bbox 1715 4182 2026 4239; x_wconf 85' lang='lat' dir='ltr'><strong>permutant,</strong></span> <span class='ocrx_word' id='word_1_495' title='bbox 2074 4176 2154 4226; x_wconf 87' lang='lat' dir='ltr'><strong>vel</strong></span> <span class='ocrx_word' id='word_1_496' title='bbox 2190 4192 2254 4225; x_wconf 89' lang='lat' dir='ltr'><strong>ex</strong></span> <span class='ocrx_word' id='word_1_497' title='bbox 2289 4174 2507 4224; x_wconf 83' lang='lat' dir='ltr'><strong>diversis</strong></span> <span class='ocrx_word' id='word_1_498' title='bbox 2552 4190 2707 4222; x_wconf 86' lang='lat' dir='ltr'><strong>unum</strong></span> 
     </span>
     <span class='ocr_line' id='line_1_41' title="bbox 217 4258 2708 4329; baseline -0.003 -15"><span class='ocrx_word' id='word_1_499' title='bbox 217 4265 450 4329; x_wconf 83' lang='lat' dir='ltr'><strong>idemque</strong></span> <span class='ocrx_word' id='word_1_500' title='bbox 497 4282 688 4315; x_wconf 87' lang='lat' dir='ltr'><strong>comma</strong></span> <span class='ocrx_word' id='word_1_501' title='bbox 735 4266 966 4329; x_wconf 87' lang='lat' dir='ltr'><strong>conflant,</strong></span> <span class='ocrx_word' id='word_1_502' title='bbox 1012 4266 1093 4315; x_wconf 87' lang='lat' dir='ltr'><strong>vel</strong></span> <span class='ocrx_word' id='word_1_503' title='bbox 1123 4265 1430 4328; x_wconf 85' lang='lat' dir='ltr'><strong>interpolant</strong></span> <span class='ocrx_word' id='word_1_504' title='bbox 1466 4270 1509 4313; x_wconf 92' lang='lat' dir='ltr'><strong>et</strong></span> <span class='ocrx_word' id='word_1_505' title='bbox 1545 4262 1871 4327; x_wconf 87' lang='lat' dir='ltr'><strong>diffundunt,·</strong></span> <span class='ocrx_word' id='word_1_506' title='bbox 1917 4264 2178 4312; x_wconf 85' lang='lat' dir='ltr'><strong>rarissime</strong></span> <span class='ocrx_word' id='word_1_507' title='bbox 2224 4258 2482 4325; x_wconf 74' lang='grc' dir='ltr'>αὗτολεξεὶ,</span> <span class='ocrx_word' id='word_1_508' title='bbox 2520 4266 2574 4309; x_wconf 90' lang='lat' dir='ltr'><strong>ut</strong></span> <span class='ocrx_word' id='word_1_509' title='bbox 2600 4277 2708 4324; x_wconf 86' lang='lat' dir='ltr'><strong>par</strong></span> 
     </span>
     <span class='ocr_line' id='line_1_42' title="bbox 217 4346 2708 4415; baseline -0.002 -14"><span class='ocrx_word' id='word_1_510' title='bbox 217 4358 344 4411; x_wconf 88' lang='lat' dir='ltr'><strong>erat,</strong></span> <span class='ocrx_word' id='word_1_511' title='bbox 380 4351 625 4415; x_wconf 84' lang='lat' dir='ltr'><strong>referunt.</strong></span> <span class='ocrx_word' id='word_1_512' title='bbox 675 4350 816 4412; x_wconf 80' lang='lat' dir='ltr'><strong>Quae</strong></span> <span class='ocrx_word' id='word_1_513' title='bbox 851 4369 961 4401; x_wconf 83' lang='lat' dir='ltr'><strong>cum</strong></span> <span class='ocrx_word' id='word_1_514' title='bbox 995 4350 1071 4401; x_wconf 87' lang='lat' dir='ltr'><strong>ita</strong></span> <span class='ocrx_word' id='word_1_515' title='bbox 1106 4369 1158 4402; x_wconf 88' lang='lat' dir='ltr'><strong>se</strong></span> <span class='ocrx_word' id='word_1_516' title='bbox 1196 4352 1411 4401; x_wconf 75' lang='lat' dir='ltr'><strong>habeant</strong></span> <span class='ocrx_word' id='word_1_517' title='bbox 1447 4349 1518 4399; x_wconf 90' lang='lat' dir='ltr'><strong>ad</strong></span> <span class='ocrx_word' id='word_1_518' title='bbox 1555 4356 1823 4414; x_wconf 86' lang='lat' dir='ltr'><strong>quatuor</strong></span> <span class='ocrx_word' id='word_1_519' title='bbox 1860 4351 2253 4413; x_wconf 86' lang='lat' dir='ltr'><strong>quaestiones</strong></span> <span class='ocrx_word' id='word_1_520' title='bbox 2288 4347 2353 4396; x_wconf 91' lang='lat' dir='ltr'><strong>de</strong></span> <span class='ocrx_word' id='word_1_521' title='bbox 2388 4347 2465 4397; x_wconf 76' lang='lat' dir='ltr'><strong>his</strong></span> <span class='ocrx_word' id='word_1_522' title='bbox 2506 4346 2708 4396; x_wconf 83' lang='lat' dir='ltr'><strong>Catenis</strong></span> 
     </span>
     <span class='ocr_line' id='line_1_43' title="bbox 217 4432 2707 4503; baseline -0.002 -16"><span class='ocrx_word' id='word_1_523' title='bbox 217 4437 630 4503; x_wconf 80' lang='lat' dir='ltr'><strong>respondendum</strong></span> <span class='ocrx_word' id='word_1_524' title='bbox 655 4454 758 4488; x_wconf 82' lang='lat' dir='ltr'><strong>esse</strong></span> <span class='ocrx_word' id='word_1_525' title='bbox 783 4438 996 4489; x_wconf 86' lang='lat' dir='ltr'><strong>videtur.</strong></span> <span class='ocrx_word' id='word_1_526' title='bbox 1033 4442 1074 4488; x_wconf 87' lang='lat'><strong>1.</strong></span> <span class='ocrx_word' id='word_1_527' title='bbox 1110 4438 1190 4489; x_wconf 92' lang='lat' dir='ltr'><strong>De</strong></span> <span class='ocrx_word' id='word_1_528' title='bbox 1226 4436 1777 4488; x_wconf 82' lang='lat' dir='ltr'><strong>consarcinatione</strong></span> <span class='ocrx_word' id='word_1_529' title='bbox 1817 4435 2203 4486; x_wconf 86' lang='lat' dir='ltr'><strong>Catenarum.</strong></span> <span class='ocrx_word' id='word_1_530' title='bbox 2242 4437 2290 4484; x_wconf 92' lang='grc'><em>2.</em></span> <span class='ocrx_word' id='word_1_531' title='bbox 2317 4433 2398 4482; x_wconf 87' lang='lat' dir='ltr'><strong>An</strong></span> <span class='ocrx_word' id='word_1_532' title='bbox 2422 4439 2468 4483; x_wconf 88' lang='lat' dir='ltr'><strong>et</strong></span> <span class='ocrx_word' id='word_1_533' title='bbox 2494 4448 2620 4496; x_wconf 86' lang='lat' dir='ltr'><strong>quae</strong></span> <span class='ocrx_word' id='word_1_534' title='bbox 2642 4432 2707 4481; x_wconf 87' lang='lat' dir='ltr'><strong>sit</strong></span> 
     </span>
     <span class='ocr_line' id='line_1_44' title="bbox 209 4518 2707 4588; baseline -0.003 -13"><span class='ocrx_word' id='word_1_535' title='bbox 209 4525 401 4588; x_wconf 87' lang='lat' dir='ltr'><strong>sides</strong></span> <span class='ocrx_word' id='word_1_536' title='bbox 436 4525 502 4575; x_wconf 89' lang='lat' dir='ltr'><strong>iis</strong></span> <span class='ocrx_word' id='word_1_537' title='bbox 537 4524 811 4575; x_wconf 70' lang='lat' dir='ltr'><strong>habenda?</strong></span> <span class='ocrx_word' id='word_1_538' title='bbox 861 4528 910 4575; x_wconf 88' lang='lat'><strong>3.</strong></span> <span class='ocrx_word' id='word_1_539' title='bbox 949 4524 1262 4575; x_wconf 84' lang='lat' dir='ltr'><strong>Earumdem</strong></span> <span class='ocrx_word' id='word_1_540' title='bbox 1297 4541 1441 4573; x_wconf 83' lang='lat' dir='ltr'><strong>usus</strong></span> <span class='ocrx_word' id='word_1_541' title='bbox 1475 4526 1528 4573; x_wconf 87' lang='lat' dir='ltr'><strong>in</strong></span> <span class='ocrx_word' id='word_1_542' title='bbox 1567 4523 1993 4588; x_wconf 73' lang='lat' dir='ltr'><strong>interpretatione.</strong></span> <span class='ocrx_word' id='word_1_543' title='bbox 2048 4524 2099 4571; x_wconf 87' lang='lat'><strong>4.</strong></span> <span class='ocrx_word' id='word_1_544' title='bbox 2140 4519 2429 4570; x_wconf 78' lang='lat' dir='ltr'><strong>Istiusmodi</strong></span> <span class='ocrx_word' id='word_1_545' title='bbox 2464 4518 2707 4569; x_wconf 84' lang='lat' dir='ltr'><strong>librorum</strong></span> 
     </span>
    </p>
   </div>
   <div class='ocr_carea' id='block_1_5' title="bbox 219 4612 528 4663">
    <p class='ocr_par' dir='ltr' id='par_1_5' title="bbox 219 4612 528 4663">
     <span class='ocr_line' id='line_1_45' title="bbox 219 4612 528 4663; baseline 0 0"><span class='ocrx_word' id='word_1_546' title='bbox 219 4612 528 4663; x_wconf 85' lang='lat' dir='ltr'><strong>editores.</strong></span> 
     </span>
    </p>
   </div>
   <div class='ocr_carea' id='block_1_6' title="bbox 3251 3726 3256 4690">
    <p class='ocr_par' dir='ltr' id='par_1_6' title="bbox 3251 3726 3256 4690">
     <span class='ocr_line' id='line_1_46' title="bbox 3251 3726 3256 4690; baseline 0 0"><span class='ocrx_word' id='word_1_547' title='bbox 3251 3726 3256 4690; x_wconf 95' lang='lat' dir='ltr'><strong> </strong></span> 
     </span>
    </p>
   </div>
  </div>
 </body>
</html>
