3309 5300
496 420 578 485 28
1183 434 1420 475 Comment.
1450 433 1503 473 de
1533 434 1576 473 S.
1599 433 1810 485 Scriptur.
1840 445 1931 484 cap.
1964 433 2088 484 prim.
2118 434 2227 475 sect.
2256 434 2293 473 I.

493 626 644 674 comm
679 608 890 659 worden
925 626 1102 660 umere
1140 609 1454 675 Evanqelien
1491 609 1724 673 versa-est.
1764 607 1937 673 Leipz.
1969 610 2125 659 1865.
2142 626 2201 673 p.
2233 612 2281 658 6.
2307 626 2347 659 s.
2400 607 2453 659 0.
2479 608 2530 663 J.
2557 609 2986 676 Riqqenbach‚

495 693 578 744 die
615 694 803 761 Zeuyn.
831 697 882 759 s.
921 696 971 745 d.
1001 696 1096 746 Ev.
1121 696 1238 745 Joh.
1281 695 1403 746 Bas,
1441 698 1590 745 1866.
1619 714 1677 760 p.
1707 697 1793 744 43.
1821 713 1895 757 c.,·
1930 712 2138 759 quorum
2173 695 2430 745 laboribus
2452 694 2654 760 aliquid
2691 697 2784 747 hac
2812 702 2987 746 nostra

495 781 664 843 opella
700 782 961 832 accessisse
997 800 1279 849 speramus,
1325 786 1380 831 in
1416 800 1515 847 qua
1552 781 1776 832 dolemus
1810 798 1903 831 nos
1937 798 2035 831 ηοπ
2077 798 2275 845 semper
2310 799 2337 833 e
2363 782 2819 846 praeclarissimis,
2858 800 2987 847 quas

492 866 735 930 novimus,
775 868 1073 918 editionibus
1117 868 1529 919 Testimoniorum
1563 869 1813 934 syllabam
1848 884 2114 931 excerpere
2147 868 2383 933 potuisse.

492 1148 550 1226 ξ.
610 1150 668 1213 8.
744 1145 965 1209 Idem
1023 1144 1480 1209 vindicatur
1541 1167 1576 1207 e
1638 1144 2009 1208 Decretis
2073 1143 2496 1229 Synodicis
2559 1147 2985 1231 primorum

1485 1256 2001 1320 saeculorum.

699 1477 995 1543 Hucusque
1022 1478 1308 1542 quinque
1333 1478 1682 1542 primorum
1714 1475 2127 1526 saeculorum
2152 1491 2185 1526 a
2208 1475 2479 1526 natalibus
2498 1477 2565 1525 D.
2586 1477 2652 1526 N.
2670 1477 2722 1527 J.
2745 1476 2803 1526 C.
2826 1478 2981 1526 audi-

493 1565 664 1614 vimus
691 1566 912 1614 seorsim
937 1565 1255 1626 testimonia,
1283 1579 1426 1613 nunc
1451 1564 1666 1612 maximi
1688 1564 1943 1613 momenti
1968 1564 2067 1613 erit
2090 1564 2437 1629 investigare:
2466 1564 2593 1628 quid
2621 1562 2985 1614 Conciliorum

491 1651 722 1701 decretis
758 1656 811 1700 et
843 1652 1013 1701 literis
1050 1651 1338 1715 encyclicis
1370 1666 1693 1700 summorum
1728 1649 2047 1700 Pontificum
2082 1650 2184 1700 hac
2221 1650 2288 1699 de
2324 1666 2383 1699 re
2423 1650 2885 1716 „dogmatice“,
2924 1656 2983 1701 ut

490 1739 689 1800 dicunt,
739 1737 1014 1787 definitum
1060 1738 1232 1787 fuerit.
1294 1738 1511 1787 Reiecto
1561 1738 1794 1786 omnium
1830 1737 1941 1787 fere
1980 1737 2191 1798 iudicio,
2235 1739 2373 1787 inter
2410 1738 2715 1802 suppositos
2755 1736 2979 1788 Canone

492 1822 545 1875 S.
585 1824 638 1874 S.
675 1825 738 1874 V.
774 1825 837 1874 F.
877 1826 968 1889 qui
1003 1824 1166 1889 vulgo
1204 1824 1510 1873 inscribitur
1549 1823 2081 1888 „Apostolorum“
2111 1852 2177 1859 —
2216 1822 2297 1872 Cf.
2325 1822 2594 1886 Cotelerii,
2621 1825 2680 1873 P.
2706 1825 2767 1873 A.
2794 1825 2835 1887 Ι,
2861 1827 2983 1875 429.

488 1912 558 1974 Π,
600 1914 680 1961 10.
726 1926 767 1960 s.
816 1912 980 1975 Drey,
1018 1928 1069 1960 n.
1125 1911 1339 1961 Unters.
1377 1916 1428 1960 ii.
1468 1910 1517 1959 d.
1569 1910 1753 1959 Const.
1801 1910 1912 1959 und
1960 1910 2090 1960 Can.
2139 1911 2188 1959 d.
2234 1910 2335 1975 Ap.
2381 1912 2517 1961 Tiib.
2571 1912 2721 1960 1832.
2771 1928 2823 1977 p.
2862 1914 2983 1961 235.

491 1998 699 2060 Hefele,
740 1996 1198 2063 Conciliengesch.
1237 1998 1279 2060 I,
1308 1999 1425 2047 800.
1447 2026 1512 2032 -
1538 2014 1589 2046 n.
1629 1998 1895 2047 LXXXV.
1936 1997 2016 2047 ed.
2047 1996 2163 2047 Cot.
2199 1998 2241 2060 I,
2277 1999 2407 2061 4533
2447 1998 2761 2063 relinquitur
2796 2003 2855 2048 ut
2889 1999 2987 2048 illa

491 2087 558 2137 sit
593 2086 1062 2135 vetustissima
1099 2085 1388 2135 Canonis
1427 2084 1769 2147 definitio,
1821 2100 1959 2150 quae
2004 2085 2149 2134 facta
2186 2089 2282 2147 est,
2320 2086 2469 2135 iuxta
2504 2102 2547 2135 s.
2578 2086 2982 2151 Hieronymum,

489 2173 657 2238 praef.
703 2174 758 2221 in
803 2172 996 2222 librum
1042 2172 1257 2234 Judith,
1307 2173 1372 2220 in
1427 2172 1701 2236 Synodo
1749 2172 2075 2221 Nicaena.
2150 2171 2377 2221 Sanctus
2428 2174 2654 2235 Doctor,
2703 2188 2738 2223 a
2779 2190 2884 2239 quo
2922 2177 2985 2223 ut

487 2260 590 2324 ipsi
627 2259 923 2325 gloriantur
958 2258 1274 2321 Acatholici‚
1324 2260 1471 2307 nacti
1508 2273 1690 2308 sumus
1727 2258 1967 2323 regulam
2015 2258 2448 2309 discretionis
2485 2260 2769 2310 Librorum
2806 2258 2981 2309 Cano-

489 2347 746 2409 nicorum,
783 2346 818 2395 l.
851 2361 897 2394 c.
937 2345 1002 2395 de
1038 2345 1308 2395 volumine
1345 2345 1665 2394 Judithae
1705 2344 1913 2394 scribit:
1956 2345 2154 2406 „hunc
2191 2345 2461 2396 Librum
2496 2346 2744 2411 legitur
2782 2346 2981 2411 Syno-

491 2433 608 2482 dus
654 2434 948 2483 Nicaena
995 2434 1060 2482 in
1106 2449 1370 2483 numero
1421 2433 1807 2487 Sanctarum
1845 2430 2337 2496 Scripturarum
2375 2437 2845 2498 computasse.“
2908 2434 2984 2483 Et

487 2519 632 2569 istud
679 2520 893 2586 quidem
940 2521 1326 2571 Testimonium
1386 2520 1436 2569 d.
1486 2519 1797 2584 Hieronymi
1838 2548 1902 2555 —
1939 2524 1999 2567 ut
2048 2519 2401 2569 eruditissime
2462 2519 2691 2569 confecit
2738 2520 2981 2570 Joannes

490 2605 898 2672 Chrysostomus
938 2621 971 2656 a
1007 2622 1046 2657 s.
1078 2606 1334 2673 Josepho‚
1375 2606 1439 2656 de
1467 2605 1688 2656 Canone
1724 2622 1765 2656 s.
1792 2605 2075 2656 Librorum
2112 2608 2401 2658 constituto
2440 2622 2473 2656 a
2509 2608 2705 2657 sanctis
2730 2607 2981 2658 Patribus

487 2697 545 2744 in
580 2709 773 2760 magno
814 2693 1054 2743 Concilio
1092 2695 1349 2743 Nicaen0.
1402 2695 1606 2743 Romae
1646 2695 1798 2743 1742.
1834 2711 1886 2760 p.
1924 2695 2009 2744 30.
2048 2712 2088 2746 s.
2126 2723 2191 2730 —
2229 2710 2325 2760 pro
2369 2696 2635 2744 sententia
2685 2695 2985 2745 evincenda

489 2780 818 2846 Synodum
866 2782 1220 2830 Nicaenam
1271 2781 1347 2830 de
1398 2780 1668 2830 Canone
1718 2779 1770 2829 S.
1814 2780 2191 2831 Literarum
2240 2781 2635 2844 decrevisse,
2688 2782 2987 2832 admittitur

443 2893 453 2906 .
488 2875 548 2919 ut
583 2870 965 2918 monimentum
1000 2868 1494 2933 locupletissimum.
1544 2868 1833 2916 Enimvero
1872 2883 1913 2917 s.
1940 2869 2300 2933 Hieronymus
2336 2868 2437 2918 fuit
2474 2868 2700 2918 concilio
2738 2870 2981 2919 Nicaeno

487 2958 532 3006 si
567 2972 678 3006 non
709 2961 884 3005 aetat-e
910 2970 1125 3021 suppar,
1166 2961 1308 3005 certe
1346 2955 1641 3020 proximus3
1680 2954 1825 3004 illius
1862 2959 2038 3004 autem
2074 2954 2211 3004 Acta
2246 2956 2459 3005 omnino
2497 2955 2737 3021 perlegit.
2787 2956 2853 3005 In
2876 2955 2985 3006 illis

491 3044 704 3108 quidem
740 3042 888 3092 Actis
924 3043 1082 3092 huius
1123 3040 1365 3104 concilii,
1405 3056 1544 3107 quae
1579 3040 1741 3090 hodie
1777 3047 2079 3106 supersunt,
2129 3042 2398 3092 decretum
2434 3041 2580 3092 istud
2615 3058 2725 3092 non
2759 3043 2983 3108 legitur3

487 3130 583 3180 sed
621 3146 740 3180 cum
764 3131 821 3178 in
847 3128 1120 3195 Synodum
1159 3129 1634 3194 Carthaginensem
1670 3128 1771 3179 ΙΙΙ.
1802 3156 1867 3164 -
1893 3127 1959 3178 de
1998 3144 2101 3193 quo
2134 3144 2256 3178 mox
2287 3145 2337 3178 v.
2364 3157 2430 3164 —
2457 3129 2755 3178 derivatum
2792 3129 2982 3194 fuerit3

487 3223 630 3268 certe
669 3217 738 3267 ad
776 3216 1074 3267 Concilium
1111 3217 1407 3266 Nicaenum
1443 3215 1782 3266 referendum
1819 3220 1916 3264 est.

691 3305 907 3370 Excipit
965 3304 1107 3354 hunc
1164 3304 1582 3354 vetustissimum
1633 3301 2027 3368 Scripturarum
2092 3303 2397 3367 catalogum
2458 3318 2677 3353 numero
2740 3303 2979 3367 ultimus,

485 3407 526 3441 s.
564 3393 678 3442 LX.
721 3421 782 3428 —
831 3392 975 3458 apud
1021 3392 1390 3457 Beveregium‚
1446 3390 1751 3455 Pandectae
1804 3389 1934 3439 Can.
1983 3389 2153 3442 Oxou.
2195 3387 2345 3440 1672.
2394 3389 2435 3453 Ι,
2474 3391 2592 3440 481.
2638 3420 2703 3428 —-
2742 3392 2982 3455 synodus

489 3480 981 3540 „Laodicenae“
1023 3495 1180 3544 quem
1217 3480 1315 3529 sub
1342 3477 1657 3527 Nunnechio
1684 3477 1949 3542 Phrygiae
1973 3477 2268 3526 Pacatinae
2300 3477 2640 3542 metropolita
2677 3478 2783 3526 duo
2820 3493 2985 3544 super

485 3567 701 3630 triginta
747 3567 986 3630 episcopi
1036 3565 1389 3615 condiderunt
1436 3592 1502 3600 —-
1542 3578 1684 3613 anno
1722 3565 2013 3614 343-381.
2062 3564 2355 3614 secundum
2399 3565 2834 3627 verisimiliorem,
2874 3581 2985 3615 non

485 3659 662 3702 tamen
708 3656 906 3702 certam
955 3652 1282 3701 eruditorum
1327 3652 1647 3702 sententiam
1696 3667 1746 3699 ν.
1795 3651 2091 3716 Beveregii‚
2139 3645 2400 3700 Συνόδικον
2450 3652 2564 3700 sive
2611 3651 2870 3701 Pandect.
2909 3653 2981 3714 Π,

484 3756 535 3804 p.
565 3741 680 3789 193.
718 3743 899 3788 annot.
935 3736 1143 3798 Hefele,
1183 3737 1639 3802 Conciliengesch.
1664 3737 1709 3799 Ι,
1740 3740 1855 3787 724.
1882 3766 1965 3788 -.
2002 3729 2370 3788 Recensentur
2403 3738 2509 3788 hoc
2534 3738 2753 3789 Canone
2790 3739 2981 3804 viginti

487 3830 541 3875 et
575 3825 680 3874 duo
710 3825 862 3874 Libri
900 3839 1035 3889 quos
1059 3823 1218 3873 hodie
1244 3822 1440 3872 Judaei
1477 3824 1838 3888 retinuerunt3
1866 3825 1993 3889 quin
2018 3829 2200 3876 tamen
2223 3825 2415 3891 reliqui
2442 3827 2789 3880 reficiantur..
2806 3826 2982 3890 Atque

486 3912 760 3964 Canonem
803 3913 963 3961 istum
1009 3910 1155 3960 velut
1199 3910 1544 3959 fortissimum
1588 3910 1791 3960 vallum
1841 3910 1995 3961 nobis
2045 3911 2332 3961 obvertunt
2368 3912 2687 3972 adversarii;
2737 3912 2823 3961 vel
2858 3911 2981 3962 ideo

485 4000 630 4066 quod
667 4015 700 4049 a
737 3999 962 4048 concilio
990 3997 1247 4047 Trullano
1285 3997 1508 4062 posthac
1539 3998 1699 4046 fuerit
1735 3999 2082 4063 approbatus.
2121 3999 2190 4047 At
2221 4013 2349 4048 vero
2376 3997 2613 4049 Canonis
2637 3998 2795 4047 huius
2821 3997 2980 4047 fidem

483 4089 540 4135 in
567 4087 784 4136 dubium
809 4090 1139 4134 vocaverunt
1162 4086 1261 4133 viri
1286 4085 1506 4135 eruditi:
1543 4084 1742 4134 Khell
1778 4084 1811 4134 1.
1840 4101 1905 4146 c.,
1933 4101 1985 4149 p.
2011 4086 2093 4133 69.
2132 4085 2403 4146 Herbst‚
2437 4086 2575 4134 Tfib.
2602 4084 2763 4134 theol.
2790 4085 2977 4146 Quart.

490 4175 637 4224 1823.
664 4191 715 4238 p.
742 4174 824 4222 44.
863 4173 1216 4235 Vinceuzi,
1241 4173 1283 4233 Ι,
1316 4173 1430 4222 189.
1459 4176 1511 4220 et
1545 4172 1791 4233 Malon,
1828 4172 1898 4233 II,
1926 4173 2010 4220 83.
2061 4172 2217 4221 Nunc
2244 4170 2303 4221 C.
2329 4173 2539 4233 Pitra,
2580 4170 2613 4220 1.
2640 4187 2682 4222 s.
2710 4186 2755 4220 c.
2782 4188 2832 4236 p.
2860 4173 2980 4221 506.

487 4261 787 4325 catalogum
823 4261 984 4309 istum
1021 4273 1267 4309 mancum
1311 4259 1496 4320 habet,
1548 4260 1677 4325 quia
1712 4261 1767 4308 in
1806 4259 1989 4308 codice
2028 4259 2292 4308 Vaticano
2345 4258 2555 4308 additur
2602 4258 2739 4307 liber
2773 4258 2980 4308 Judith.

485 4349 682 4397 Verum
729 4348 834 4397 sint
879 4346 1014 4394 haec
1063 4360 1193 4394 sane
1238 4348 1340 4409 ita3
1379 4347 1448 4394 sit
1493 4345 1578 4394 hic
1614 4346 1728 4394 LX.
1792 4345 1979 4394 Canon
2025 4345 2365 4395 Laodicenus
2411 4347 2675 4409 sincerus;
2728 4362 2835 4394 non
2874 4346 2983 4395 alia

487 4441 629 4484 certe
667 4434 984 4483 auctoritate
1030 4432 1204 4482 factus
1251 4432 1434 4482 haberi
1481 4436 1673 4497 potest,
1725 4447 1885 4497 quam
1931 4448 1998 4482 ea
2042 4448 2179 4497 quae
2208 4422 2411 4482 'venire
2447 4437 2624 4498 potest
2670 4435 2737 4484 ab
2776 4432 2983 4497 aliquot

487 4522 766 4586 episcopis,
803 4521 975 4584 iisque
1013 4534 1260 4584 magnam
1295 4523 1502 4584 partem
1537 4521 1605 4569 ab
1635 4519 1887 4569 Ecclesia
1912 4519 2191 4569 Catholica
2228 4519 2434 4569 alienis.
2470 4519 2607 4568 Vide
2642 4520 2810 4584 Pagii,
2850 4517 2981 4568 crit.

487 4608 608 4656 Bar.
648 4607 716 4657 ad
753 4619 838 4657 an'.
878 4609 995 4656 315.
1035 4623 1087 4656 n.
1126 4608 1207 4656 25.
1247 4607 1328 4656 ed.
1366 4607 1499 4655 Luc.
1539 4607 1691 4656 1738.
1728 4607 1826 4668 ΠΙ,
1862 4623 1913 4672 p.
1941 4607 2059 4656 589.
2098 4605 2154 4654 Si
2190 4605 2503 4656 heterodoxi
2540 4606 2982 4672 approbationem
