3309 5300
1115 432 1180 474 De
1209 434 1378 475 Oenone
1406 434 1448 474 S.
1468 433 1636 475 Libror.
1668 434 1776 477 Νῦν.
1808 433 1929 475 Test.
2674 419 2761 483 45

263 624 376 660 rem
425 624 815 675 nonnunquam
849 614 1056 675 partem
1091 610 1391 671 inclinavit,
1443 625 1616 675 neque
1655 613 1835 659 tamen
1872 624 1989 659 eam
2025 609 2245 659 reiicere
2296 623 2458 659 ausus
2510 613 2613 671 est,
2664 608 2761 657 sed

265 697 514 761 quamvis
553 697 949 762 speciosissima
996 696 1254 747 adversus
1298 696 1678 761 Apocalypsim
1726 694 1893 747 dubia
1939 696 2138 761 passim
2185 696 2533 758 enarraverit,
2582 700 2762 745 tamen

264 783 448 849 aliquo
487 783 648 833 modo
686 784 921 833 retinuit.
957 784 1038 834 Ib.
1077 800 1122 834 c.
1161 786 1244 834 39.
1281 800 1332 849 p.
1374 785 1490 833 111.
1550 784 1864 833 Praemissis
1901 782 1983 833 his
2035 778 2190 850 κρίσει
2234 782 2459 832 Eusebii
2494 782 2559 831 de
2596 782 2658 832 L.
2695 782 2760 831 L.

261 871 327 919 N.
353 871 418 919 Τ.
445 872 728 936 opiniones
759 871 1116 922 subiiciamus.
1165 870 1252 919 Ex
1289 870 1540 935 operibus
1575 884 1714 935 quae
1749 870 2035 934 scripserat
2070 872 2245 935 patet:
2276 868 2571 919 Eusebium
2596 869 2760 919 fuisse

263 959 440 1007 virum
475 957 679 1007 multae
716 958 977 1019 lectionis,
1016 957 1111 1009 sed
1136 958 1336 1023 ingenii
1359 971 1549 1023 parum
1573 955 1723 1006 firmi.
1772 957 1895 1006 Non
1920 961 2001 1007 est
2025 955 2110 1005 hic
2132 956 2281 1007 locus
2308 960 2555 1007 accurate
2582 956 2760 1021 dispu-

262 1044 419 1094 tandi
457 1044 534 1094 de
571 1045 598 1094 f
603 1045 667 1095 id
685 1060 714 1094 e
750 1045 1042 1095 Eusebii.
1095 1045 1198 1094 Est
1221 1060 1345 1094 vero
1373 1043 1547 1093 adhuc
1573 1058 1640 1093 ea
1664 1043 1729 1093 de
1754 1058 1811 1093 re
1836 1058 2043 1093 summa
2064 1044 2203 1093 inter
2228 1043 2461 1093 eruditos
2496 1043 2587 1107 lis;
2627 1042 2763 1093 illud

261 1130 425 1181 modo
453 1136 598 1183 certo
627 1136 838 1182 constat
862 1131 1175 1194 Eusebium,
1201 1136 1337 1181 teste
1363 1130 1715 1193 Theodoreto,
1738 1145 1850 1195 arg.
1872 1146 2056 1179 comm.
2079 1146 2161 1196 ep.
2183 1130 2252 1179 ad
2272 1131 2435 1180 Hebr.
2456 1130 2554 1179 IH.
2577 1134 2622 1194 1,
2643 1132 2759 1181 542.

259 1219 370 1267 iam
419 1222 574 1283 post
621 1219 981 1267 Nicaenam
1029 1216 1361 1283 Synodum
1409 1216 1675 1267 Arianis
1724 1217 1993 1266 favisse.
2064 1217 2291 1283 Insuper
2338 1218 2449 1267 suis
2496 1216 2763 1267 scribendi

260 1304 512 1354 formulis
561 1305 820 1367 ostendit,
873 1320 930 1354 se
981 1304 1108 1355 data
1155 1306 1439 1355 occasione
1489 1304 1839 1369 plurimorum
1882 1305 2177 1354 sententias
2214 1304 2272 1353 in
2306 1309 2511 1369 partem
2550 1319 2762 1370 quoque

266 1393 601 1441 contrariam
637 1393 1001 1453 recensuisse3
1042 1392 1284 1456 quamvis
1319 1391 1535 1442 inutiles
1573 1406 1737 1456 saepe
1775 1395 1829 1441 et
1862 1391 2090 1455 ineptas.
2140 1390 2245 1441 Sed
2284 1396 2337 1440 et
2366 1405 2525 1456 quam
2562 1391 2765 1457 opinio·

261 1493 392 1527 nem
436 1480 554 1543 ipse
607 1477 887 1544 amplexus
935 1478 1138 1540 fuerat,
1188 1479 1244 1527 in
1279 1478 1453 1527 medio
1502 1478 1783 1543 reliquisse
1834 1478 2127 1540 invenitur3
2184 1478 2289 1527 imo
2344 1478 2446 1527 sibi
2497 1477 2764 1527 interdum

263 1564 675 1615 contradixisse.
731 1565 953 1615 Partitio
992 1564 1207 1630 quidem
1243 1566 1502 1630 Episcopi
1541 1563 2043 1627 Caesareensis,
2083 1578 2222 1629 quae
2259 1564 2528 1613 saeculo
2564 1565 2763 1614 tertio

263 1651 391 1701 coll.
415 1652 488 1701 H.
515 1652 582 1701 Ε.
607 1652 699 1713 VI,
737 1653 821 1701 25.
860 1669 911 1717 p.
940 1654 1056 1701 226.
1096 1653 1362 1717 antiquior
1397 1651 1541 1700 haud
1578 1656 1675 1713 est,
1712 1666 1867 1699 nemo
1896 1652 2033 1700 enim
2070 1652 2323 1700 Veterum
2359 1652 2473 1701 eius
2509 1652 2761 1714 meminit,

261 1739 343 1787 uti
371 1737 469 1788 illa
493 1740 548 1788 in
573 1744 728 1803 proto
744 1766 808 1775 -
827 1743 880 1788 et
905 1738 1126 1789 deutero
1151 1768 1212 1776 —
1234 1740 1521 1789 canonicos
1549 1755 1595 1787 v.
1621 1751 1671 1803 p.
1698 1740 1807 1801 35.;
1847 1737 2220 1803 dogmatice
2247 1743 2487 1804 spectata
2512 1737 2762 1788 nullius

265 1830 353 1875 est
379 1824 722 1891 ponderis,
760 1825 1080 1875 historice
1117 1841 1245 1875 vero
1273 1825 1612 1875 considerata
1643 1823 1934 1874 alicuius
1967 1829 2047 1874 est
2070 1826 2340 1873 momenti.
2387 1825 2472 1873 Ex
2495 1824 2598 1874 hoc
2624 1825 2765 1873 enim

261 1910 514 1961 videmus
550 1912 718 1962 fuisse
755 1916 878 1977 post
913 1912 1207 1961 Nicaenam
1245 1910 1518 1977 Synodum
1555 1911 1791 1976 aliquos,
1839 1912 1932 1975 qui
1967 1912 2175 1961 etiamsi
2209 1912 2265 1960 in
2300 1912 2500 1960 Divina
2534 1912 2762 1961 auctori—

263 2002 382 2047 tate
418 1997 709 2048 habuerint
733 2014 914 2049 omnes
953 1998 1270 2063 Scripturas,
1309 1998 1429 2047 illas
1460 2002 1640 2047 tamen
1666 1999 1776 2048 suis
1803 1997 2062 2063 catalogis
2088 1997 2437 2048 adnumerare
2474 1998 2761 2047 omiserint.

263 2084 498 2135 Mirifice
535 2084 849 2135 acatholicis
898 2086 1246 2151 scriptoribus
1294 2084 1471 2151 placet
1505 2086 1566 2134 P.
1603 2086 1663 2135 P.
1702 2090 1757 2135 et
1804 2084 1855 2134 S.
1892 2086 1957 2135 E.
1995 2086 2052 2134 in
2100 2085 2442 2135 recensendis
2480 2084 2763 2149 Scripturis

265 2172 484 2221 Divinis
521 2173 588 2223 N.
627 2173 688 2221 T.
726 2174 974 2222 varietas.
1036 2172 1212 2221 Huius
1249 2173 1558 2222 variationis
1594 2172 1691 2222 illa
1735 2173 1989 2237 imprimis
2025 2172 2236 2222 videtur
2268 2188 2385 2223 esse
2422 2174 2574 2235 ratle,
2621 2172 2763 2238 quod

267 2258 488 2323 aliquae
541 2259 594 2308 S.
635 2257 1044 2324 Scripturarum,
1095 2274 1140 2309 e.
1180 2276 1228 2323 g.
1267 2274 1308 2309 ε.
1347 2276 1389 2309 s.
1427 2258 1619 2321 Judae,
1669 2259 1901 2309 Joannis
1952 2259 2155 2309 tardius
2193 2265 2460 2321 exaratae,
2512 2259 2651 2308 aliae
2686 2260 2765 2307 uti

267 2345 502 2410 epistola
527 2345 599 2395 ad
619 2346 901 2396 Hebraeos
937 2351 992 2395 et
1013 2345 1369 2411 Apocalypsis
1405 2347 1533 2396 viris
1569 2361 1851 2410 perperam
1888 2346 2319 2409 attribuerentur,
2358 2348 2450 2411 qui
2478 2361 2589 2395 non
2614 2350 2765 2395 erant

266 2432 534 2497 inspirati.
585 2433 840 2493 Quamvis
876 2432 996 2481 ideo
1034 2447 1146 2481 non
1175 2433 1588 2497 reprobarentur
1612 2436 1667 2481 et
1692 2433 2083 2495 damnarentur,
2121 2434 2227 2483 imo
2252 2437 2313 2482 ut
2336 2434 2567 2482 Divinae
2602 2432 2762 2481 habe-

267 2524 478 2583 rentur3
519 2534 653 2584 quas
690 2535 810 2569 cum
847 2518 1062 2585 publice
1100 2519 1208 2585 legi
1241 2520 1502 2581 iusserat,
1540 2520 1829 2569 canonicas
1866 2534 1983 2570 esse
2021 2519 2272 2570 Ecclesia
2308 2519 2615 2569 declaravit.
2682 2520 2765 2569 De

268 2604 495 2657 Canone
533 2607 758 2659 Eusebii
795 2606 1096 2672 disquisivit
1131 2607 1190 2656 P.
1215 2606 1267 2657 J.
1295 2606 1349 2657 S.
1375 2606 1562 2672 Vogel.
1601 2622 1789 2657 comm.
1814 2607 1857 2657 1.
1882 2608 1953 2657 H.
1976 2606 2075 2656 111.
2100 2605 2210 2656 Erl.
2245 2608 2531 2658 1809—11.
2560 2607 2643 2658 ed.

277 2861 336 2938 ξ.
391 2862 496 2926 14.
563 2860 1134 2941 ,Ἀντιλεγόμεναί
1181 2861 1625 2923 universam
1670 2859 2121 2924 Ecclesiam
2179 2859 2427 2923 veluti
2471 2859 2765 2923 Divina

1016 2974 1461 3056 recepisse
1525 2971 2025 3036 adstruitur.

485 3143 706 3210 Optima
751 3162 859 3195 non
906 3145 1099 3195 desunt
1147 3153 1460 3212 argumenta
1508 3162 1647 3213 quae
1699 3147 1768 3197 ad
1816 3153 2015 3198 certam
2062 3146 2220 3196 fidem
2268 3148 2572 3197 faciendam
2620 3146 2765 3196 suffi-

281 3233 432 3280 ciunt
469 3225 853 3300 ,dvrtlsydpsvoe‘
892 3234 960 3282 ab
998 3233 1246 3282 Ecclesia
1283 3250 1389 3282 non
1427 3250 1580 3284 secus
1623 3250 1688 3283 ac
1724 3234 1929 3300 reliqua
1966 3234 2267 3299 Scripturae
2304 3235 2605 3296 Volumina,
2640 3250 2766 3284 vere

275 3318 476 3367 Divina
511 3319 700 3368 habita
736 3335 870 3368 esse.
927 3320 1066 3380 Quid
1102 3320 1418 3370 Ecclesia
1462 3321 1751 3370 Romana
1787 3320 1853 3370 de
1889 3320 1970 3370 his
2008 3323 2249 3384 senserit,
2288 3322 2528 3372 vidimus.
2576 3320 2764 3371 Eccle-

277 3406 389 3454 siae
425 3405 924 3455 Alexandrinae
962 3406 1266 3472 catalogum
1305 3407 1356 3456 S.
1383 3407 1721 3457 Voluminum
1756 3408 1933 3472 prodit
1968 3407 2270 3459 Clemens
2308 3406 2500 3477 AljeX„
2540 3410 2631 3474 qui
2667 3423 2767 3457 sua

274 3491 473 3542 fatetur
511 3492 762 3542 didicisse
799 3494 867 3542 ab
905 3493 1027 3554 illis,
1067 3495 1159 3558 qui
1195 3495 1408 3543 beatam
1446 3481 1719 3544 doctrinae
1757 3496 2044 3544 servabant
2080 3496 2339 3545 rationem
2377 3511 2410 3545 a
2446 3511 2487 3544 s.
2520 3512 2561 3546 s.
2588 3496 2763 3556 Petr0,

277 3583 329 3628 et
352 3578 564 3628 Jacobo
604 3585 658 3628 et
692 3578 907 3629 Joanne
944 3585 998 3629 et
1033 3580 1204 3629 Paulo
1243 3582 1440 3630 sanctis
1477 3581 1747 3646 Apostolis
1785 3587 2074 3647 acceptam.
2127 3582 2315 3632 Strom.
2342 3582 2384 3632 I.
2409 3600 2461 3648 p.
2488 3585 2605 3631 322.
2666 3581 2765 3632 Ille

278 3665 490 3730 quidem
527 3670 859 3731 compertum
894 3667 1130 3717 habebat
1165 3668 1464 3733 Epistolam
1501 3668 1570 3717 ad
1605 3669 1885 3718 Hebraeos
1919 3669 2076 3718 Pauli
2112 3685 2245 3719 esse.
2272 3669 2351 3719 Ib.
2376 3670 2468 3731 VI,
2495 3671 2543 3718 8.
2570 3686 2621 3734 p.
2650 3671 2765 3718 771.

278 3753 544 3818 Receptas
583 3754 742 3801 etiam
779 3753 958 3818 plures
995 3758 1222 3804 testatur
1260 3755 1310 3804 d.
1344 3755 1570 3805 Joannis
1607 3755 1789 3806 literas
1828 3759 1881 3804 et
1915 3755 2307 3821 Apocalypsim.
2346 3755 2537 3806 Strom.
2576 3756 2643 3817 H,
2684 3757 2765 3805 15.

278 3856 326 3904 p.
354 3841 474 3889 464.
513 3844 570 3888 et
591 3840 683 3902 VI,
713 3841 792 3888 13.
820 3857 871 3906 p.
901 3842 1016 3892 793.
1065 3842 1244 3891 Etiam
1281 3840 1562 3906 epistolam
1599 3857 1640 3892 s.
1667 3842 1843 3892 Judae
1874 3843 2107 3908 Paedag.
2132 3843 2231 3906 111,
2258 3845 2305 3892 8.
2331 3860 2381 3909 p.
2410 3844 2528 3892 280.
2566 3842 2765 3904 laudat,

277 3941 316 3974 s.
341 3925 539 3976 Jacobi
578 3942 704 3977 vero
743 3926 969 3992 docente
1008 3927 1465 3991 Cassiodorio,
1505 3928 1570 3978 de
1606 3930 1730 3980 inst.
1770 3929 1873 3978 div.
1911 3929 1985 3978 lit.
2025 3945 2071 3978 c.
2110 3932 2157 3979 8.
2196 3946 2247 3995 p.
2275 3931 2393 3979 514.
2458 3929 2767 3990 „Quaedam

276 4012 451 4062 Attico
501 4029 748 4064 sermone
797 4014 1138 4064 declaravit.“
1204 4016 1530 4080 Origenis
1578 4017 1788 4080 insigne
1837 4033 1933 4081 pro
1984 4016 2261 4066 authentia
2306 4021 2358 4066 et
2396 4016 2765 4066 Canonicitate

278 4101 637 4150 testimonium
675 4105 864 4164 exstat,
902 4101 1039 4150 hom.
1065 4103 1184 4164 VH,
1214 4105 1260 4152 1.
1296 4103 1353 4152 in
1383 4103 1571 4152 Jesum
1595 4103 1746 4152 Nave
1770 4103 1864 4164 XI,
1894 4105 2005 4166 63.;
2046 4103 2097 4152 S.
2123 4103 2471 4154 Athanasii
2498 4122 2560 4140 -·—-
2589 4102 2764 4152 ortho-

279 4186 450 4237 doxae
485 4188 762 4254 religionis
799 4191 1054 4255 parentis,
1105 4193 1165 4238 ut
1199 4188 1433 4254 loquitur
1470 4189 1522 4239 S.
1559 4189 1912 4255 Epiphanius,
1951 4188 2095 4239 haer.
2133 4189 2326 4252 LXIX,
2366 4193 2414 4240 2.
2451 4207 2503 4256 p.
2544 4192 2657 4240 728.
2698 4217 2765 4226 -—-

277 4278 454 4323 autem
493 4274 722 4324 habetur
758 4277 815 4323 in
851 4276 1110 4341 epistolae
1147 4276 1356 4326 festalis
1393 4293 1434 4326 s.
1474 4276 1525 4326 d.
1561 4277 1875 4341 fragmento.
1913 4276 1955 4337 I,
1995 4279 2113 4326 962.

487 4360 767 4412 Obsistere
806 4366 859 4412 et
895 4363 1217 4412 contrarium
1255 4365 1508 4413 roborare
1544 4363 1756 4412 videtur
1790 4364 2177 4428 Dionysius
2217 4363 2763 4427 Alexandrinus,

279 4449 368 4512 qui
403 4448 812 4514 Apocalypseos
849 4450 1220 4500 auctoritatem
1258 4451 1570 4500 canonicam
1607 4450 1845 4500 funditus
1884 4455 2119 4501 evertere
2156 4452 2385 4516 studuit3
2426 4444 2764 4518 omniumque

279 4549 416 4599 quae
454 4536 513 4584 in
551 4541 824 4601 posterum
860 4551 1099 4601 unquam
1145 4541 1330 4586 contra
1376 4551 1494 4586 eam
1540 4535 1949 4602 proferebantur
1994 4537 2276 4589 dubiorum
2321 4541 2526 4590 semina
2572 4539 2768 4605 sparsit

277 4621 700 4672 foecundissima
747 4622 892 4687 apud
939 4624 1260 4685 Eusebium,
1309 4623 1378 4672 H.
1424 4624 1489 4672 E.
1539 4623 1669 4687 VH,
1717 4626 1799 4674 25.
1849 4641 1899 4690 p.
1939 4626 2057 4674 272.
2096 4641 2136 4676 s.
2203 4624 2284 4675 Cf.
2323 4626 2382 4675 P.
2420 4627 2473 4677 J.
2510 4627 2765 4690 Monster,
