3309 5300
1214 667 1313 716 DE
1354 667 1642 718 CANONE
1681 667 1860 716 NOVI
1895 665 2375 718 TESTAMENTI.

762 842 811 922 5.
868 851 963 904 10.
1028 843 1401 902 collectionis
1447 842 1502 900 S.
1540 843 1850 902 Librorum
1899 844 2050 902 Novi
2095 842 2453 902 Testamenti
2498 844 2687 918 prima
2719 844 2910 916 origo.
2967 848 3082 932 35ο

550 983 636 991 -
682 948 884 1026 5.11.
951 949 1078 1012 Quo
1135 948 1285 1005 loco
1341 945 1540 1004 Canon
1586 947 1899 1004 Librorum
1955 949 2011 1006 S.
2061 949 2215 1006 Novi
2258 945 2620 1006 Testamenti
2664 949 2850 1007 fuerit
2903 968 3061 1006 con-

551 1052 750 1111 ditus?
812 1057 911 1110 39.
950 1049 1116 1127 -5.
1158 1055 1254 1107 12.
1310 1050 1680 1128 Disquiritur
1723 1057 1925 1109 utrum
1969 1052 2174 1130 aliqua
2220 1052 2488 1128 Synodus
2533 1053 2937 1110 Oecumenica
2991 1054 3072 1111 de

550 1157 785 1215 Canone
832 1158 1140 1215 Librorum
1186 1156 1242 1213 S.
1278 1155 1350 1212 N.
1379 1154 1443 1212 T.
1493 1155 1801 1214 statuerit?
1852 1160 1950 1216 41.
1983 1155 2146 1232 -5.
2200 1162 2296 1214 13.
2346 1158 2586 1214 Eusebii
2633 1158 3074 1216 caesareensis

553 1261 768 1336 opini0,
800 1262 877 1318 H.
909 1262 976 1319 E.
1008 1260 1125 1330 ΙΙΙ,
1162 1265 1277 1331 25.,
1310 1261 1381 1317 de
1413 1260 1647 1318 Canone
1694 1262 1765 1319 N.
1799 1261 1862 1319 Τ.
1910 1262 2278 1320 enucleatur.
2327 1265 2426 1318 44.
2478 1294 2559 1303 —
2605 1260 2789 1338 5.14.
2841 1261 3068 1339 ,Ἀντι-

550 1361 859 1440 λεγόμεναι
891 1365 1231 1423 universam
1256 1364 1578 1422 Ecclesiam
1609 1364 1798 1424 veluti
1829 1365 2100 1424 Divina
2131 1365 2416 1440 recepisse
2447 1366 2789 1426 adstruitur.
2827 1370 2945 1423 45.
2987 1399 3076 1408 —-

554 1466 603 1544 5.
657 1474 753 1526 15.
815 1469 1095 1545 Analysis
1146 1469 1479 1543 fragmenti,
1541 1470 1695 1546 quod
1739 1470 1954 1544 passim
2012 1470 2443 1540 ,Muratorii‘
2503 1473 2762 1528 vocatur.
2811 1474 2924 1527 47.
2985 1503 3074 1511 —

551 1571 603 1649 5.
661 1577 757 1629 16.
809 1573 897 1631 De
940 1573 1240 1648 Tempore,
1288 1592 1402 1651 quo
1446 1573 1845 1648 fragmentum
1892 1579 2198 1632 exaratum
2245 1574 2377 1645 fuit,
2424 1572 2809 1651 disquiritur?
2863 1579 2977 1632 53.

1403 1897 1727 1962 SECTIO
1778 1898 2201 1964 SECUNDA

799 2046 899 2095 DE
937 2046 1030 2094 IIS
1070 2045 1264 2107 QUAE
1304 2045 1548 2096 SACRIS
1586 2047 1849 2098 BIBLIIS
1887 2047 2305 2108 UTRIUSQUE
2343 2047 2806 2098 TESTAMENTI

1505 2141 1849 2193 CONNEXA
1893 2143 2094 2193 SUNT.

670 2375 675 2382 ,
763 2317 950 2395 5.17.
995 2319 1173 2377 Varia
1217 2320 1272 2377 S.
1305 2319 1644 2395 Scripturae
1691 2319 1946 2377 nomina.
2001 2323 2098 2377 55.
2136 2319 2299 2397 -5.
2354 2325 2449 2377 18.
2499 2320 2589 2378 De
2621 2320 2677 2377 S.
2714 2319 3064 2378 Bibliorum

554 2422 873 2497 partitione
914 2423 1207 2480 universa.
1245 2427 1343 2479 58.
1380 2456 1460 2465 —-
1497 2421 1684 2499 5.19.
1731 2423 2109 2499 Singulorum
2141 2423 2453 2482 Librorum
2483 2425 2551 2482 U.
2588 2424 2654 2481 T.
2686 2423 2918 2482 divisio.
2958 2429 3066 2481 59.

557 2559 639 2566 -—
688 2524 737 2602 5.
788 2531 886 2583 20.
949 2525 1173 2583 Divisio
1227 2545 1502 2600 praesens
1565 2527 1620 2584 S.
1672 2526 2011 2602 Scripturae
2071 2527 2135 2584 in
2197 2527 2390 2600 capita
2435 2532 2494 2584 et
2537 2545 2758 2585 versus.
2813 2533 2916 2585 62.
2975 2559 3063 2567 —

555 2628 605 2707 5.
638 2635 735 2689 21.
768 2631 857 2687 De
888 2630 1093 2689 ordine
1125 2630 1437 2690 Librorum
1462 2629 1768 2689 Sacrorum
1791 2632 2023 2691 Veteris
2053 2630 2346 2689 Foederis.
2379 2635 2476 2690 63.
2511 2665 2582 2673 -
2610 2629 2660 2708 5.
2689 2637 2786 2691 22.
2820 2631 3062 2690 Codicis

552 2734 609 2791 S.
656 2734 811 2793 Novi
872 2736 1231 2793 Testamenti
1292 2736 1458 2794 varia
1517 2737 1837 2811 dispositio,
1906 2741 2003 2793 65.
2051 2768 2134 2778 —
2181 2733 2232 2811 5.
2293 2740 2391 2792 23.
2469 2736 2560 2793 De
2612 2736 2670 2793 S.
2715 2735 3060 2794 Bibliorum

552 2839 622 2896 U.
658 2839 722 2895 T.
771 2837 831 2894 vi
880 2842 941 2895 et
984 2839 1262 2897 efficacia.
1316 2845 1415 2897 67.
1464 2872 1541 2881 -
1592 2838 1641 2915 5.
1689 2844 1785 2897 24.
1834 2841 1923 2897 De
1969 2841 2024 2898 S.
2072 2839 2400 2898 Bibliorum
2445 2840 2511 2897 U.
2543 2841 2607 2898 T.
2653 2860 2778 2898 usu.
2829 2844 2932 2899 68.
2974 2872 3057 2881 —

553 2938 606 3016 5.
657 2945 753 2999 25.
816 2944 915 2999 An
960 2943 1298 3019 Scripturae
1344 2944 1631 3021 quaedam
1678 2941 2008 3002 Canonicae
2051 2942 2376 3019 perierint?
2429 2948 2524 3001 71.

1027 3234 1128 3283 DE
1176 3233 1411 3283 LIBRIS
1460 3234 1914 3284 APOCRYPHIS
1966 3233 2569 3283 ADDITAMENTUM.

764 3407 813 3487 5.
868 3416 969 3467 26.
1033 3410 1149 3473 Qui
1212 3409 1349 3468 libri
1412 3410 1684 3467 dicantur
1743 3410 2084 3487 apocryphi.
2141 3415 2236 3467 72.
2287 3442 2368 3451 —
2415 3406 2464 3486 5.
2513 3414 2611 3467 27.
2675 3408 2840 3473 Quae
2892 3409 3049 3468 ratio

554 3516 740 3572 fuerit
783 3514 962 3572 libros
1010 3515 1372 3588 apocryphos
1418 3515 1762 3572 secernendi
1795 3534 1830 3571 a
1870 3512 2219 3571 Canonicis?
2271 3518 2367 3572 75.
2398 3546 2486 3555 ——
2515 3511 2564 3590 5.
2603 3517 2702 3572 28.
2746 3515 3051 3572 Recensus

554 3618 841 3677 librorum
906 3619 1373 3694 apocryphorum
1438 3618 1689 3695 Antiqui
1751 3617 2126 3675 Testamenti.
2181 3621 2277 3675 77.
2323 3650 2407 3687 -,—-
2453 3615 2502 3694 5.
2556 3621 2656 3678 29.
2716 3617 3051 3691 Evangelia

556 3724 907 3797 apocrypha.
970 3726 1069 3780 80.
1116 3754 1199 3763 ——
1248 3719 1299 3797 5.
1355 3726 1453 3778 30.
1526 3715 1766 3797 Πράξεις
1827 3717 2164 3777 Ἀποστόλων
2223 3720 2629 3795 supposititiae
2689 3722 3049 3799 spuriaeque

555 3826 849 3901 epistolae.
920 3831 1017 3883 83.
1082 3858 1168 3866 —
1236 3823 1286 3901 5.
1359 3829 1456 3882 31.
1530 3825 1931 3901 Apocalypses
1999 3825 2283 3883 confictae
2353 3824 2718 3900 insigniores,
2791 3830 2891 3883 86.
2961 3856 3046 3866 --

557 3928 608 4005 5.
660 3935 759 3989 32.
809 3928 1132 3991 Quaeritur
1178 3931 1248 3987 de
1295 3950 1405 3985 usu
1451 3928 1958 4005 apocryphorum?
2009 3935 2106 3987 89.
