3309 5300
1157 396 1218 436 De
1245 394 1465 436 codicibus
1493 408 1593 436 mss.
1625 397 1678 437 N.
1707 397 1755 436 Τ.
2577 385 2699 447 113

242 567 415 626 territa,
452 564 611 614 ductu
649 568 1063 633 simplicissimo.
1120 569 1317 622 Omnes
1354 587 1511 637 porro
1548 571 1735 622 literae
1771 573 1847 622 ita
1884 576 2009 622 sunt
2045 577 2399 636 comparatae,
2439 577 2499 621 ut
2533 570 2704 636 figura

242 651 582 718 quadrangula
619 653 955 718 aequilatera
1003 659 1209 720 possint
1257 659 1643 721 circumscribi,
1701 673 1882 708 earum
1920 660 2194 708 character
2243 657 2566 708 maiusculus
2606 661 2702 719 est,

242 744 286 788 et
305 738 583 789 simillimus
609 739 693 788 illi
721 742 814 805 qui
837 743 893 790 in
919 742 1277 793 voluminibus
1316 745 1642 809 conspicitur
1669 761 1734 794 ex
1759 745 2150 796 Herculanensi
2187 751 2365 809 strage
2402 747 2701 810 protractis.

240 827 298 876 D.
316 841 359 889 q.
376 841 420 873 v.
438 825 489 875 J.
508 825 913 889 VVinkelmann,
938 827 1220 879 Sendschr.
1241 847 1292 879 v.
1314 830 1362 879 d.
1384 831 1848 880 Herculanischen
1872 832 2315 896 Entdeckungen.
2343 831 2533 880 Dresd.
2555 833 2706 881 1762.

240 929 283 978 p.
307 914 380 962 80.
406 927 444 961 s.
494 911 621 960 Chr.
648 913 746 962 Th.
786 914 851 963 de
876 915 1038 977 Murr,
1079 931 1265 965 comm.
1305 917 1369 966 de
1394 918 1618 980 Papyris
1645 934 1739 968 seu
1764 917 1869 966 vol.
1897 935 1971 982 gr.
1999 917 2388 967 Herculaneus.
2426 918 2705 982 Argentor.

243 1002 373 1049 1804.
442 997 643 1050 Omnes
695 1006 928 1050 ceterum
974 1003 1159 1052 literae
1209 1004 1573 1069 magnitudine
1621 1020 1778 1069 pares
1827 1011 1964 1066 sunt,
2011 1007 2114 1053 nisi
2161 1007 2388 1069 spatium
2425 1009 2709 1068 angustum

240 1087 288 1134 in
329 1084 425 1134 fine
461 1089 699 1150 coegerit
734 1087 1007 1138 librarium
1048 1091 1359 1140 contrahere
1415 1091 1646 1140 ductum.
1708 1090 1902 1140 Nullae
1940 1091 2203 1141 habentur
2241 1091 2427 1140 literae
2464 1092 2707 1152 maiores,

242 1173 411 1221 nedum
457 1173 513 1220 in
556 1174 727 1223 initiis
776 1176 1105 1240 singulorum
1142 1177 1495 1242 voluminum,
1547 1178 1641 1227 sed
1689 1194 1826 1244 quae
1871 1177 2235 1243 praefiguntur
2271 1193 2312 1226 s.
2351 1193 2391 1226 s,
2428 1177 2706 1237 Matthaei,

241 1259 386 1307 Marci
414 1263 463 1306 et
486 1259 814 1324 reliquorum
853 1263 1095 1324 exordiis,
1134 1264 1509 1327 superadditae
1547 1269 1672 1313 sunt
1707 1264 1882 1314 deleta
1917 1267 2192 1330 primaeva
2229 1265 2505 1328 scriptura.
2555 1264 2707 1313 Haec

242 1363 329 1406 res,
352 1351 556 1409 praeter
574 1347 1003 1398 Herculanensia
1026 1349 1297 1399 volumina
1322 1351 1463 1400 edita
1482 1351 1709 1416 Neapoli
1731 1367 1777 1401 a.
1802 1353 1968 1414 1793„
1996 1351 2155 1415 plane
2178 1350 2462 1416 peculiaris
2484 1355 2536 1399 et
2559 1351 2712 1413 priva

244 1439 311 1481 est
343 1431 465 1482 soli
502 1433 720 1482 codici
753 1436 1085 1486 Vaticano.
1138 1437 1392 1501 Singulae
1418 1436 1602 1487 literae
1630 1439 1764 1488 adeo
1783 1440 2046 1487 ‘continua
2069 1439 2206 1488 serie
2233 1442 2400 1487 semet
2426 1438 2710 1501 excipiunt,

244 1525 293 1567 ut
324 1533 575 1582 nusquam
614 1520 890 1570 disiunctis
928 1538 1023 1586 per
1059 1523 1341 1572 intervalla
1390 1526 1611 1574 vocibus
1656 1524 2076 1590 dignoscendum
2115 1526 2182 1574 sit
2217 1525 2425 1573 initium
2462 1528 2554 1573 aut
2589 1521 2708 1571 finis

244 1605 485 1667 vocabuli,
511 1606 607 1655 sed
632 1607 905 1672 quaelibet
922 1609 1068 1658 linea
1088 1626 1248 1658 unum
1276 1616 1479 1660 tantum
1500 1613 1773 1661 continere
1793 1612 2015 1660 verbum
2035 1611 2295 1660 videatur.
2335 1611 2400 1659 In
2425 1609 2528 1658 illis
2555 1607 2710 1657 modo

245 1692 373 1754 locis,
398 1693 489 1740 ubi
506 1696 740 1743 narratio
759 1696 970 1760 integra
988 1696 1295 1758 absolvitur,
1322 1699 1489 1746 autin
1507 1697 1790 1762 Epistolis3
1815 1698 1909 1748 ubi
1927 1697 2080 1746 finita
2104 1697 2332 1762 quadam
2358 1700 2711 1759 conceptuum

246 1781 364 1828 serie
390 1779 455 1828 ad
479 1795 620 1828 nova
643 1782 835 1830 transit
871 1784 1056 1845 orati0‚
1097 1783 1345 1832 dimidiae
1373 1787 1427 1832 et
1450 1799 1833 1848 nonnunquam
1868 1785 2108 1848 integrae
2143 1783 2332 1832 literae
2368 1781 2712 1846 intercapedo

246 1881 399 1915 vacua
450 1869 668 1930 mansit,
731 1868 1052 1918 admonendi
1107 1885 1271 1920 causa
1326 1869 1577 1920 lectorem
1638 1871 1800 1920 aliam
1855 1873 2238 1921 sententiarum
2291 1871 2482 1920 seriem
2536 1868 2711 1917 ordiri.

246 1954 405 2001 Prima
439 1936 673 2002 attamen
723 1955 889 2005 facies
938 1956 1209 2006 literarum
1259 1958 1524 2006 rarissime
1575 1960 1923 2023 conspicitur3
1972 1963 2342 2023 praeterquam
2393 1957 2534 2005 enim
2572 1954 2715 2020 quod

248 2045 575 2088 atramentum
601 2040 689 2089 hic
713 2040 825 2089 illic
850 2043 1187 2092 membranas
1226 2045 1429 2105 arrosit,
1468 2048 1630 2109 atque
1667 2044 1992 2094 lineamenta
2027 2060 2219 2093 vocum
2256 2043 2524 2108 pellucent
2561 2041 2715 2106 quasi

249 2142 277 2175 a
307 2125 595 2175 vermiculis
635 2143 821 2177 exesa:
873 2128 1057 2178 literae
1106 2130 1343 2194 undique
1394 2131 1527 2180 adeo
1582 2131 1968 2196 expalluerunt,
2005 2137 2064 2180 ut
2099 2132 2188 2178 vix
2225 2146 2332 2179 non
2369 2129 2716 2178 evanuissent

247 2215 465 2277 penitus3
491 2215 591 2262 nisi
617 2217 875 2267 recenti
890 2232 957 2265 or
984 2231 1207 2266 manus
1232 2218 1583 2279 subvenisset,
1611 2233 1748 2282 quae
1771 2233 1862 2267 eas
1883 2232 2088 2267 summa
2109 2231 2236 2266 cura
2256 2231 2396 2266 novo
2417 2218 2713 2264 atramento

249 2299 412 2348 illevit.
444 2301 625 2364 Lapsu
649 2304 902 2367 temporis
930 2305 1129 2352 tertia
1154 2304 1419 2368 quaedam
1444 2319 1631 2353 manus
1656 2306 1712 2352 in
1738 2306 1898 2353 variis
1925 2303 2056 2353 locis
2080 2304 2309 2364 iteravit,
2335 2303 2427 2351 ubi
2455 2300 2715 2350 evanidus

253 2385 380 2434 color
414 2403 563 2450 opem
600 2390 793 2452 exegit,
832 2395 892 2438 ut
928 2390 1063 2439 adeo
1089 2391 1347 2452 primaevi
1373 2390 1708 2440 characteres
1739 2392 1812 2440 ibi
1844 2390 2012 2440 solum
2040 2405 2097 2439 se
2123 2388 2442 2455 spectandos
2470 2387 2712 2447 offerant,

253 2474 335 2521 ubi
367 2473 605 2522 librarius
632 2476 1022 2524 vetustissimus
1060 2476 1239 2541 aliqua
1274 2493 1552 2542 perperam
1576 2476 1666 2526 vel
1691 2478 1772 2527 bis
1799 2479 2032 2542 scripsit;
2058 2504 2124 2513 ——
2153 2492 2198 2525 e.
2225 2491 2270 2525 c.
2295 2476 2331 2525 J
2335 2491 2492 2525 oann.
2523 2475 2603 2534 13,
2633 2474 2714 2522 14.

252 2559 384 2608 Rom.
409 2561 456 2620 4,
480 2561 527 2608 4.
555 2575 693 2624 quae
720 2563 832 2622 aeri
855 2563 1018 2611 incidi
1045 2565 1247 2612 curavit
1272 2564 1414 2628 Hug,
1439 2563 1473 2613 l.
1501 2580 1544 2613 c.
1572 2581 1623 2628 p.
1652 2566 1699 2612 3.
1728 2592 1793 2599 —
1820 2563 2080 2613 eiusmodi
2114 2562 2294 2611 literas
2322 2566 2375 2610 et
2408 2561 2712 2621 sententiaa

254 2648 425 2711 quibus
461 2649 732 2698 exstinctis
769 2649 1041 2715 exemplar
1076 2656 1189 2704 erat
1224 2654 1523 2713 correctius,
1564 2653 1674 2701 fato
1713 2668 1808 2701 suo
1847 2650 2110 2716 reliquere
2146 2648 2349 2699 librarii
2375 2648 2716 2699 recentiores.

257 2732 417 2783 Codex
452 2735 743 2785 Vaticanus
784 2742 965 2801 aperte
1014 2738 1213 2787 nullam
1265 2738 1428 2787 habet
1474 2740 1982 2803 interpunctionem,
2037 2739 2196 2787 etiam
2245 2738 2470 2785 seriores
2519 2734 2720 2783 librarii

255 2822 336 2869 ubi
368 2820 615 2886 pallorem
662 2823 935 2873 literarum
983 2841 1121 2874 novo
1174 2831 1467 2875 atramento
1516 2824 1821 2887 reficerent3
1877 2825 2090 2873 nonnisi
2137 2839 2256 2872 raro
2305 2824 2424 2872 ausi
2471 2825 2596 2871 sunt
2640 2819 2722 2867 illi

256 2909 445 2971 signum
495 2907 712 2973 aliquod
766 2910 1118 2960 distinctionis
1172 2912 1385 2962 addere.
1456 2913 1540 2961 De
1588 2912 1900 2961 accentibus
1951 2927 2075 2960 vero
2127 2915 2180 2959 et
2227 2910 2506 2975 spirituum
2555 2908 2720 2972 signis

256 2992 493 3059 litigatum
530 2996 631 3045 fuit
666 2998 805 3046 inter
842 2997 1138 3047 collatores,
1176 2998 1239 3047 A.
1266 2998 1442 3060 Birch,
1480 3001 1535 3047 in
1572 2998 1774 3063 proleg.
1802 2999 1871 3048 ad
1898 2998 1989 3046 IV.
2016 2998 2225 3061 Evang.
2255 3013 2331 3061 gr.
2358 2996 2534 3044 Havn.
2565 2995 2716 3043 1785.

257 3097 302 3143 p.
338 3082 409 3129 15.
458 3097 490 3130 a
536 3084 707 3146 prima
756 3098 916 3133 manu
963 3083 1128 3133 literis
1177 3086 1449 3149 impositos
1488 3086 1648 3147 dixit;
1701 3086 1871 3150 Hug,
1920 3084 1954 3132 l.
1993 3101 2038 3132 c.
2075 3100 2126 3149 p.
2168 3085 2246 3133 10.
2287 3082 2355 3131 ad
2393 3081 2714 3131 evidentiam

258 3167 641 3219 demonstravit:
702 3172 1113 3237 „ubicunque
1165 3174 1432 3222 nativus
1490 3172 1898 3237 calligraphi
1955 3170 2191 3219 ductus
2241 3171 2413 3218 nitet
2461 3168 2719 3216 intami-

257 3260 432 3304 natus
469 3261 529 3305 et
566 3257 759 3306 nulla
803 3260 1076 3307 serioris
1120 3261 1475 3309 atramenti
1514 3260 1812 3307 tinctura
1849 3259 2157 3318 obrutus,
2195 3258 2260 3304 in
2299 3256 2600 3305 omnibus
2637 3254 2721 3301 iis

258 3342 511 3391 vocibus
565 3350 627 3392 et
682 3346 1044 3393 sententiis
1104 3344 1328 3394 nullos
1383 3346 1670 3409 spiritus
1725 3343 1921 3393 nulla
1974 3344 2255 3406 penitus
2313 3345 2722 3391 accentuum

259 3429 429 3493 signa
473 3430 665 3496 (lepre
683 3431 927 3480 hendi.“
990 3432 1168 3497 Hugio
1208 3434 1492 3482 assentitur
1527 3430 1894 3492 Tischendorf,
1933 3431 2024 3495 qui
2061 3430 2204 3478 facta
2241 3444 2383 3477 nova
2421 3427 2721 3487 collatione,

260 3515 311 3562 in
342 3516 495 3565 diario
534 3516 681 3567 Stud.
721 3534 773 3566 u.
812 3520 943 3568 Krit.
984 3520 1133 3568 1847.
1172 3536 1223 3583 p.
1263 3521 1379 3569 129.
1418 3534 1475 3580 s.,
1530 3518 1710 3568 addito
1761 3516 2004 3567 facsimili
2055 3516 2277 3564 duorum
2328 3514 2578 3574 locorum,
2630 3514 2721 3577 qui

263 3603 319 3650 ab
354 3619 427 3665 eo,
465 3606 553 3668 qui
589 3604 771 3653 literas
807 3621 947 3654 novo
984 3605 1159 3655 colore
1197 3607 1401 3666 imbuit,
1440 3606 1624 3654 intacti
1662 3605 2020 3669 perstiterunt,
2057 3601 2283 3665 ideoque
2319 3600 2494 3649 nullos
2522 3599 2723 3649 habent

260 3688 469 3739 adnexos
506 3687 775 3739 accentus.
821 3690 969 3740 Idem
996 3691 1175 3740 docuit
1202 3692 1386 3741 Codici
1411 3691 1472 3739 B.
1501 3692 1603 3739 nisi
1627 3693 1683 3738 in
1716 3691 1954 3755 partibus
1981 3690 2061 3750 iis,
2094 3703 2227 3753 quas
2263 3688 2526 3736 recentior
2561 3684 2721 3735 libra-

260 3776 351 3824 rius
384 3778 499 3825 usui
533 3776 795 3841 lyturgico
835 3783 989 3843 aptas
1027 3777 1269 3839 reddidit,
1310 3783 1563 3828 accentus
1604 3780 1655 3825 et
1693 3776 1909 3841 spiritus
1946 3774 2192 3823 inductos
2229 3773 2410 3822 fuisse.

295 4073 348 4150 ἓ.
388 4074 487 4137 47.
534 4071 1072 4155 Disquiritur
1119 4072 1215 4136 de
1263 4080 1554 4136 aetate
1604 4078 1687 4134 et
1731 4068 2280 4155 praestantia
2327 4064 2681 4131 Codicis

1283 4186 1669 4247 Vaticani.

446 4401 651 4451 Cuncta
675 4401 825 4462 haec,
853 4417 991 4466 quae
1018 4402 1379 4450 enarravimus
1404 4395 1741 4467 γνωρίσματα,
1769 4399 1835 4446 ad
1856 4412 1994 4461 quae
2015 4397 2220 4446 accedit
2244 4396 2416 4443 forma
2439 4393 2726 4459 peculiaris

261 4485 435 4535 codicis
459 4512 524 4522 ——
546 4487 771 4537 latitudo
796 4487 1079 4537 voluminis
1103 4488 1223 4552 plus
1248 4489 1403 4536 tertia
1427 4490 1577 4549 parte
1610 4483 1943 4533 altitudinem
1969 4483 2192 4542 excedit,
2232 4480 2502 4545 quaelibet
2525 4482 2726 4545 pagina

259 4577 350 4622 tres
384 4588 529 4623 areas
568 4576 683 4623 sive
718 4574 993 4624 columnas
1031 4572 1201 4624 offert.
1237 4601 1304 4610 —
1330 4571 1602 4622 declarant
1640 4568 1894 4619 Codicem
1930 4568 2024 4617 B.:
2077 4568 2357 4617 omnium
2404 4571 2730 4631 quotquot

349 4664 541 4715 Deuko.
570 4666 689 4707 nist.
720 4664 1015 4707 Revelationis
1043 4663 1231 4706 divinae.
1260 4664 1337 4704 111.
2379 4654 2411 4702 8
