3309 5300
577 432 705 497 234
1292 446 1529 490 Commeat.
1554 446 1607 489 de
1634 448 1680 487 S.
1702 446 1860 498 script.
1889 458 1984 498 esp.
2011 456 2101 487 sec.
2129 448 2262 488 tract.
2289 447 2346 489 11.

577 621 1059 671 Samaritanum
1097 622 1333 671 adderet.
1386 624 1746 687 Distinguitur
1781 628 1950 673 totum
1988 624 2090 673 hoc
2127 641 2262 689 opus
2297 626 2356 673 in
2391 624 2526 673 duas
2565 626 2722 689 quasi
2760 628 2956 688 partes.
3007 624 3058 671 In

576 709 841 773 prioribus
896 710 1183 775 quinque
1240 711 1431 761 tomis
1478 712 1782 760 continetur
1833 712 2062 775 repetita
2114 710 2276 761 editio
2329 712 2767 776 Antverpiensis3
2825 711 3064 759 adiuncta

575 800 781 844 tantum
806 797 1243 861 interpretatione
1280 796 1512 847 Arabica
1537 797 1599 846 N.
1627 798 1690 845 T.
1717 813 1838 847 cum
1875 799 2116 847 versione
2152 798 2340 847 latina.
2391 798 2456 847 In
2479 800 2647 863 primo
2675 800 2902 861 insuper
2931 802 3060 845 tomo

577 881 856 931 exhibetur
908 882 1439 932 Pentateuchus
1494 882 2010 945 Samaritanus,
2071 886 2156 933 cui
2211 886 2500 949 respondet
2551 886 2602 935 J.
2655 886 2859 934 Morini
2909 884 3063 933 latina

576 968 872 1017 translatio.
922 969 1055 1018 Pars
1094 968 1265 1019 altera
1288 970 1352 1019 V.
1392 974 1447 1018 et
1480 970 1544 1019 N.
1570 970 1633 1019 F.
1674 969 1922 1035 Syriacos
1960 976 2014 1019 et
2047 970 2306 1020 Arabicos
2345 974 2538 1033 textus,
2577 987 2872 1036 eorumque
2905 976 3062 1019 trans-

575 1055 803 1106 lationes
839 1056 1192 1121 amplectitur.
1250 1057 1402 1117 Quae
1440 1057 1508 1106 ad
1550 1062 1850 1123 typorum
1887 1058 2296 1123 descriptionem
2332 1062 2594 1123 spectant,
2631 1073 2766 1123 prae
2807 1074 2864 1107 se
2899 1058 3062 1107 ferunt

578 1158 739 1207 opus
787 1143 1379 1205 absolutissimum,
1429 1159 1660 1208 quocum
1712 1150 1946 1193 attamen
1993 1146 2204 1193 interna
2241 1144 2476 1193 conditio
2519 1146 2740 1193 minime
2789 1145 3061 1208 conspirat.

578 1230 819 1294 Carpunt
854 1230 953 1279 viri
980 1230 1125 1279 docti
1150 1244 1279 1295 prae
1316 1230 1535 1295 reliquis
1574 1230 1828 1292 eruditos,
1865 1232 1956 1295 qui
1993 1232 2142 1296 operi
2179 1230 2304 1279 huic
2341 1231 2655 1295 corrigendo
2695 1230 3059 1296 praefuerunt3

577 1316 999 1381 negligentes
1046 1317 1211 1365 fuisse
1250 1316 1461 1379 dicunt,
1512 1322 1676 1382 atque
1718 1318 1978 1367 editiones
2015 1319 2371 1367 accuratiores
2407 1333 2471 1367 eo
2509 1324 2753 1382 tempore
2803 1319 2913 1365 iam
2956 1316 3057 1364 vul-

576 1409 729 1468 gatas
778 1419 887 1453 non
936 1404 1260 1453 adhibuisse.
1322 1404 1487 1453 Plura
1536 1404 1601 1453 de
1651 1404 1753 1453 hac
1799 1420 1854 1453 re
1893 1404 2229 1469 disputarunt
2265 1404 2328 1452 V.
2365 1404 2710 1469 Flavignius,
2766 1405 2830 1465 Q.
2869 1420 2948 1468 ep.
2983 1402 3056 1450 de.

574 1491 681 1555 ing.
720 1506 805 1555 op.
843 1490 981 1539 Bibl.
1020 1490 1102 1539 ed.
1140 1491 1263 1541 Par.
1304 1492 1455 1541 1666.
1516 1490 1584 1539 Η.
1632 1491 1934 1557 Hottinger,
1983 1492 2107 1541 diss.
2155 1491 2220 1539 de
2268 1490 2554 1557 Heptaplis
2591 1491 2783 1553 Paris„
2831 1492 2887 1539 in
2932 1488 3056 1539 anal.

576 1577 627 1627 h.
666 1577 739 1627 th.
778 1594 829 1642 p.
869 1579 952 1627 83.
990 1595 1031 1628 s.

786 1664 917 1714 Cum
956 1680 1085 1715 vero
1120 1681 1223 1715 nec
1248 1666 1325 1714 sic
1362 1664 1694 1715 satisfactum
1733 1670 1874 1714 esset
1899 1664 2179 1715 Sacramm
2203 1665 2508 1715 Literarum
2544 1666 2750 1730 peritis,
2795 1665 3057 1712 Brianus

576 1751 925 1801 Waltonus
974 1752 1248 1817 Anglus,
1304 1752 1521 1801 adscitis
1569 1753 1697 1801 viris
1753 1752 2136 1801 celeberrimis:
2193 1753 2257 1801 E.
2309 1751 2631 1813 Castello,
2689 1751 2752 1800 A.
2803 1752 3056 1809 Huisso,

578 1836 629 1886 S.
670 1838 956 1901 ClericO,
1004 1839 1101 1889 Th.
1138 1839 1350 1903 Hyde,
1397 1838 1682 1888 Dudleio
1729 1839 2066 1899 Loftusi0‚
2111 1844 2172 1887 ut
2216 1832 2278 1887 τὰ
2325 1835 2634 1906 ὑστερήματα
2675 1837 2986 1903 compleret,
3031 1852 3057 1883 e

576 1906 939 1975 remotissimis
989 1925 1221 1975 Orientis
1262 1925 1436 1990 plagis
1484 1925 1711 1976 Codices
1750 1942 1872 1975 mss.
1921 1926 2106 1976 sedulo
2146 1926 2494 1989 conquisivit3
2541 1926 2858 1990 ingentique
2895 1939 3057 1973 eorum

576 2013 735 2076 copia
760 2013 1027 2077 acquisita
1050 2026 1193 2061 nova
1218 2013 1449 2061 editione
1484 2009 1825 2081 πολυγλώττῳ
1852 2012 2162 2078 divulgavit.
2212 2012 2552 2077 Descriptum
2579 2028 2718 2076 opus
2745 2012 2885 2076 typis
2915 2010 3054 2059 Lou-

578 2098 713 2146 dini
762 2097 863 2147 hac
910 2099 1229 2164 epigraphe:
1284 2099 1494 2159 „Biblia
1530 2098 1583 2149 S.
1620 2098 1942 2164 Polyglott-a,
1991 2098 2402 2163 complectentia
2437 2099 2638 2147 Textus
2679 2097 3055 2163 originales...

576 2186 986 2250 versionumque
1046 2187 1419 2250 antiquarum.
1442 2223 1453 2235 .
1476 2222 1489 2235 .
1548 2186 1808 2251 quidquid
1863 2188 2160 2251 comparari
2217 2190 2441 2250 poterat.
2517 2184 2650 2234 Cum
2705 2185 2966 2233 Textuum
3012 2186 3056 2231 et

578 2272 895 2321 versionum
921 2272 1270 2321 Orientalium
1308 2272 1748 2323 translationibus
1787 2274 2026 2323 Latinis“
2051 2308 2064 2321 .
2086 2308 2098 2321 .
2119 2309 2132 2321 .
2186 2272 2318 2321 Cum
2345 2276 2624 2337 apparatu,
2664 2271 3053 2336 appendicibus,

576 2360 739 2408 variis
775 2358 1120 2421 lectionibus,
1160 2360 1621 2422 annotationibus,
1661 2360 1942 2410 indicibus.
1981 2365 2082 2409 etc.
2123 2361 2274 2409 1657.
2313 2374 2407 2408 sex
2443 2360 2598 2408 tomis
2637 2359 2694 2407 in
2733 2360 2770 2408 f.
2822 2358 2902 2406 Ad
2939 2370 3053 2421 quos

577 2444 783 2495 addidit
816 2446 880 2494 Ε.
920 2445 1259 2508 Castellii,
1307 2447 1546 2496 Lexicon
1593 2446 1966 2511 heptaglotton
2014 2446 2158 2495 hebr.
2207 2446 2381 2495 chald.
2431 2462 2533 2509 syr.
2573 2460 2701 2494 sam.
2744 2444 2884 2494 aeth.
2921 2444 3050 2492 arab.

575 2548 713 2597 pers.
762 2533 1047 2593 coniunct.,
1094 2533 1179 2581 cui
1215 2548 1396 2582 rursus
1442 2534 1669 2583 accessit
1709 2533 1876 2582 harm.
1915 2550 1957 2583 s.
1999 2550 2052 2598 p.
2091 2532 2125 2582 l.
2170 2532 2458 2581 delineatio
2495 2533 2567 2581 ib.
2610 2534 2764 2581 1685.
2827 2529 3050 2579 Londi-

576 2619 808 2668 nensia
845 2620 1001 2668 etiam
1041 2618 1411 2684 Anglicana
1448 2624 1501 2668 et
1529 2620 1954 2671 Waltoniana
1991 2618 2262 2684 adpellata
2297 2617 2543 2680 Biblia,
2583 2618 2729 2684 quod
2757 2618 2826 2668 ad
2849 2618 3051 2667 formam

578 2711 847 2755 externam
897 2707 1112 2767 attinet,
1167 2707 1557 2756 Parisiensibus
1607 2707 1885 2770 inferiora3
1935 2706 2030 2755 illa
2077 2708 2122 2755 si
2173 2707 2566 2767 oeconomiam,
2624 2705 3050 2762 emendationem,

578 2792 951 2858 supplementa
998 2797 1321 2858 spectemus,
1372 2793 1533 2858 longo
1582 2799 1706 2857 post
1751 2809 1808 2843 se
1847 2793 2158 2857 relinquunt
2201 2792 2501 2841 intervallo.
2564 2792 2870 2856 Anglicana
2913 2792 2963 2838 in
2997 2806 3051 2837 eo

580 2880 717 2928 iuste
764 2878 1163 2943 praeferuntur,
1214 2879 1359 2943 quod
1408 2880 1607 2928 Textus
1658 2885 1712 2929 et
1753 2880 2065 2940 Versiones,
2118 2893 2255 2943 quae
2305 2880 2360 2926 in
2408 2879 2803 2929 Parisiensibus
2851 2877 3053 2926 disiecta

579 2965 869 3028 habentur3
914 2965 1071 3015 simul
1114 2982 1211 3030 per
1252 2967 1428 3015 varias
1473 2965 1749 3016 columnas
1787 2965 2116 3030 singularum
2153 2966 2466 3030 paginarum
2503 2964 2694 3014 lectori
2731 2981 2841 3014 uno
2879 2963 3052 3012 intuitu

579 3051 994 3102 considerandas
1033 3054 1303 3102 obiiciant.
1363 3053 1574 3103 Deinde
1611 3053 1756 3101 haud
1793 3066 1968 3117 pauca
2005 3051 2272 3113 exhibent,
2311 3065 2448 3115 quae
2485 3053 2542 3100 in
2578 3053 2874 3101 Parisiensi
2910 3063 3052 3114 opere

578 3139 962 3188 desiderantur.
1036 3140 1275 3201 Quorum
1328 3141 1621 3204 praecipua
1676 3143 1866 3189 sunto:
1923 3139 2112 3188 Versio
2167 3137 2521 3187 interlinearis
2576 3138 2819 3187 Hebraei
2871 3137 3053 3185 Textus

577 3225 629 3274 S.
668 3227 953 3290 Pagnini
1000 3227 1067 3276 ab
1117 3226 1245 3274 Aria
1292 3226 1548 3276 Montano
1596 3225 1894 3274 emendata.
1967 3224 2364 3290 Pentateuchus
2413 3223 2678 3274 hebraeus
2719 3223 3050 3273 Samaritanis

579 3311 856 3362 literarum
892 3314 1072 3361 formis
1111 3313 1424 3377 descriptus.
1476 3313 1664 3362 Versio
1701 3312 1800 3361 τῶν
1836 3312 2002 3360 LXX.
2041 3312 2110 3360 ad
2146 3310 2304 3360 fidem
2343 3311 2588 3360 editionis
2635 3311 2916 3374 Romanae
2949 3323 3055 3356 cum

577 3399 897 3448 lectionibus
937 3399 1066 3448 Cod.
1104 3399 1185 3460 B.,
1237 3403 1291 3447 et
1326 3400 1549 3464 antiqua
1597 3399 1945 3447 translatione
1982 3397 2152 3447 latina
2188 3413 2282 3462 per
2317 3397 2402 3446 Fl.
2439 3397 2712 3447 Nobilium
2749 3396 3052 3462 compilata3

576 3486 849 3535 Versionis
876 3485 1258 3548 Samaritanae,
1286 3486 1378 3533 ubi
1404 3499 1437 3534 a
1462 3489 1609 3534 textu
1628 3483 2240 3534 Hebraeo-Samaritano
2269 3483 2458 3546 differt,
2489 3484 2864 3548 interpretatio
2888 3483 3052 3531 latina.

576 3571 971 3621 Pentateuchus
1020 3572 1334 3620 Persicus
1383 3573 1438 3620 in
1485 3571 1738 3621 Latinum
1787 3587 2103 3635 conversus3
2153 3572 2386 3636 Targnm
2433 3570 2646 3620 Pseudo
2695 3571 2968 3620 Jonathan
3009 3570 3054 3614 et

576 3659 1123 3722 Hierosolymitanum
1160 3674 1204 3708 c.
1242 3659 1499 3708 Versione
1536 3658 1733 3722 latina3
1771 3659 1986 3720 Psalmi,
2026 3657 2180 3708 Cant.
2217 3657 2293 3718 0.,
2335 3662 2390 3706 et
2423 3657 2487 3706 N.
2513 3657 2575 3706 Τ.
2614 3657 2914 3722 aethiopice
2949 3669 3054 3703 cum

576 3745 758 3794 transl.
785 3745 909 3808 lat.;
946 3745 1246 3810 Evangelia
1274 3749 1505 3809 quatuor
1529 3745 1956 3810 persico-latina3
1995 3745 2191 3794 Esther
2215 3760 2336 3794 cum
2360 3744 2620 3808 partibus,
2651 3743 2859 3806 Judith,
2885 3741 3050 3800 Tobia,

576 3832 822 3896 Epistola
857 3832 1143 3893 Jeremiae,
1180 3831 1215 3880 l.
1240 3831 1470 3893 Baruch,
1510 3836 1688 3896 partes
1721 3832 1983 3893 Danielis,
2019 3831 2468 3880 Machabaeorum
2505 3831 2573 3879 Π.
2613 3836 2666 3880 et
2699 3829 2796 3880 III.
2839 3830 3051 3894 syriace3

576 3917 733 3982 Fagii
759 3922 811 3966 et
834 3918 1093 3968 Miinsteri
1117 3918 1279 3968 editio
1313 3917 1567 3967 hebraica
1593 3918 1815 3968 Tobiae.
1859 3918 2214 3968 Nihilominus
2243 3923 2296 3966 et
2319 3917 2464 3966 haud
2489 3931 2657 3982 parva
2683 3923 2824 3980 sunt,
2853 3930 2982 3982 quae
3005 3914 3051 3960 in

576 4004 1010 4054 Londinensibus
1047 4005 1239 4055 Bibliis
1276 4006 1427 4070 virga
1464 4006 1708 4055 censoria
1740 4020 1772 4054 a
1798 4006 1992 4053 criticis
2030 4010 2298 4054 notantur.
2355 4004 2509 4065 Quod
2545 4003 2880 4069 neglexerint
2911 3999 3051 4064 Angli

578 4091 857 4141 consulere
896 4091 1173 4154 Arabicas,
1213 4107 1350 4157 quae
1390 4091 1586 4140 Oxonii
1622 4096 1904 4141 servantur
1939 4091 2172 4140 melioris
2209 4096 2386 4152 notae,
2425 4091 2888 4155 interpretationes
2923 4102 3048 4146 mss.;

576 4179 721 4244 quod
760 4180 1069 4244 repetierint
1117 4181 1423 4228 innumeros
1476 4194 1705 4239 errores,
1757 4179 1952 4241 quibus
1998 4179 2226 4227 maxime
2261 4179 2319 4226 in
2355 4177 2705 4226 versionibus
2743 4177 2970 4241 Syriacis
3005 4177 3050 4220 et

576 4265 819 4315 Arabicis
870 4266 1109 4315 abundat
1156 4267 1316 4314 editio
1367 4265 1713 4327 Parisiensis3
1766 4265 1908 4328 quod
1949 4267 2006 4314 in
2041 4266 2316 4330 Apparatu
2365 4266 2582 4329 praevio
2623 4279 2656 4312 a
2693 4265 2937 4325 diversis,
2982 4260 3048 4308 uti

578 4357 824 4417 apparet,
863 4352 1209 4417 scriptoribus
1248 4352 1595 4414 concinnat03
1642 4352 1854 4400 diversa
1889 4366 2052 4417 saepe
2090 4350 2156 4400 de
2193 4351 2377 4400 eodem
2415 4355 2726 4414 argumento
2767 4357 2820 4400 et
2857 4349 3047 4416 quidem

578 4440 844 4488 contraria
880 4441 1213 4503 reperiantur
1235 4438 1445 4498 iudicia,
1486 4443 1539 4486 et
1563 4438 1687 4487 alia.
1735 4436 1914 4486 Biblia
1942 4437 2256 4502 polyglotta,
2297 4451 2436 4500 quae
2472 4435 2760 4500 vulgarunt
2795 4439 2861 4486 R.
2887 4436 3046 4486 Stier

578 4531 632 4577 et
668 4525 895 4578 Theile
932 4525 1119 4578 Bielef.
1161 4526 1451 4579 1846—55.
1487 4524 1559 4593 pl.
1598 4524 1680 4573 ed.
1719 4540 1829 4593 rep.
1867 4526 1916 4572 4.
1953 4523 2076 4589 vol„
2113 4522 2312 4576 nullius
2349 4526 2474 4573 sunt
2508 4537 2638 4574 usus
2679 4525 2871 4575 critici.
