3309 5300
563 399 687 466 196
1266 409 1501 453 Comment-
1530 406 1583 451 de
1610 410 1656 451 S.
1679 408 1839 461 script.
1869 422 1962 461 cap.
1993 420 2080 451 sec.
2110 410 2237 451 tract.
2268 405 2322 450 Π.

557 588 645 637 Fr.
686 588 1036 652 Wrangham,
1086 603 1199 636 exc.
1240 588 1305 637 de
1342 587 1690 636 dialectorum
1726 587 2023 637 Hebraeae·
2049 591 2209 651 atque
2245 585 2507 634 Arabicae
2545 586 2935 634 convenientia.
2971 585 3050 633 ib.

558 692 609 739 p.
649 676 766 724 569.
804 690 846 723 s.
873 702 939 710 —·
964 673 1270 723 Translatio
1306 674 1539 734 arabica,
1584 687 1746 737 quam
1781 672 2210 736 Petropolitanus
2249 676 2304 721 et
2337 672 2632 735 Lipsiensis
2669 670 2841 720 codex
2879 671 3051 719 conti-

557 766 675 824 net3
713 776 822 809 non
857 760 1078 809 multum
1116 764 1239 825 post
1274 760 1505 809 medium
1540 774 1650 809 sae
1665 760 1797 808 culi
1833 760 1988 808 noni
2027 764 2144 808 orta
2180 774 2298 809 esse
2329 759 2556 808 sumitur
2592 772 2626 807 a
2657 756 3052 816 Gildemeister,

556 846 590 895 l.
630 863 675 895 c.
712 864 763 912 p.
802 850 885 917 3⁰:
946 847 1145 896 Textus
1193 862 1351 911 quem
1400 846 1627 907 exhibet,
1679 848 1812 896 ratio
1865 847 1994 895 satis
2047 846 2187 895 bona
2223 849 2328 908 est3
2368 846 2528 895 etiam
2573 844 2822 909 Syriacas
2858 842 3051 892 literas

555 933 699 983 haud
734 934 1070 984 mediocriter
1099 934 1359 999 interpres
1384 938 1539 983 notas
1575 932 1780 982 habuit.
1829 932 2009 995 Modo,
2048 948 2152 998 quo
2179 933 2398 982 arabica
2421 932 2610 997 lingua
2632 932 2813 993 utitur,
2851 928 3052 995 Syrum

555 1020 723 1070 natali
757 1019 877 1070 loco
915 1019 1081 1071 fuisse
1118 1020 1265 1069 haud
1301 1020 1526 1070 obscure
1564 1020 1756 1085 prodit.

1114 1326 1172 1404 ἓ.
1222 1325 1325 1389 84.
1372 1320 1489 1385 De
1535 1321 1924 1385 Versione
1970 1320 2474 1407 Aethiopica.

757 1541 881 1591 Jam
931 1540 1056 1589 olim
1102 1541 1169 1589 D.
1220 1540 1464 1589 Joanni
1518 1539 2013 1603 chrysostomo,
2067 1538 2248 1589 homil.
2297 1538 2370 1587 11.
2420 1540 2478 1587 in
2513 1538 2710 1588 Joann.
2747 1538 2902 1600 VIII,
2957 1539 3047 1587 10.

553 1632 899 1677 memoratur:
938 1627 1425 1676 Translatio.N.
1464 1627 1524 1675 T.
1562 1624 1976 1691 Aethiopica.
2041 1624 2145 1674 Sed
2183 1626 2342 1674 etiam
2379 1626 2444 1674 V.
2481 1626 2544 1673 F.
2583 1624 2856 1674 volumina
2895 1624 3048 1690 apud

549 1713 840 1778 Aethiopes
893 1714 1080 1777 lingua
1133 1714 1368 1777 ipsorum
1417 1728 1533 1762 esse
1584 1727 1868 1775 conversa3
1925 1712 1992 1760 ab
2046 1713 2266 1776 antiquo
2324 1710 2448 1760 inde
2502 1716 2738 1776 tempore
2793 1712 3046 1761 traditur.

552 1800 691 1850 Sane
726 1801 782 1849 in
818 1801 1005 1850 Museo
1038 1800 1349 1849 Britannico
1386 1804 1630 1848 servatur
1668 1798 1937 1863 exemplar
1973 1799 2207 1849 omnium
2241 1799 2527 1848 Librorum
2563 1813 2837 1847 sacrorum
2861 1799 2928 1847 U.
2955 1798 3046 1858 F„

551 1888 607 1935 in
644 1887 917 1951 Europam
955 1886 1175 1936 allatum
1212 1902 1245 1935 a
1280 1886 1332 1935 J.
1369 1886 1560 1936 Bruce.
1604 1885 1686 1936 Cf.
1713 1887 1778 1935 ei.
1804 1885 2002 1935 travels
2038 1890 2093 1934 to
2131 1885 2375 1934 discover
2410 1884 2499 1933 the
2525 1900 2713 1935 source
2740 1885 2800 1935 of
2819 1885 2908 1934 the
2931 1884 3046 1933 Nil.

550 1973 721 2023 Lond.
752 1975 903 2022 1790.
929 1974 971 2021 Ι.
996 1988 1157 2037 germ.
1187 1972 1268 2021 ed.
1294 1972 1346 2022 J.
1371 1973 1422 2025 J.
1448 1972 1770 2022 Volkmann.
1796 1972 1944 2037 Lips.
1972 1974 2123 2022 1790.
2160 1972 2202 2035 Ι,
2229 1974 2347 2021 534.
2374 1988 2417 2021 s.
2467 1972 2548 2021 Cf.
2572 1972 2802 2034 Kanum,
2831 1972 2890 2021 in
2913 1972 3046 2037 eph.

548 2058 735 2109 Theol.
772 2059 1181 2109 Literaturblatt
1215 2060 1385 2108 Bonn.
1427 2060 1577 2108 1866.
1598 2042 1653 2123 p.
1684 2060 1800 2108 174.
1828 2076 1868 2108 s.
1917 2059 2092 2107 Huius
2133 2060 2274 2108 mssi.
2311 2058 2496 2123 lingua
2533 2060 2888 2123 cognoscitur,
2925 2075 3048 2108 non

549 2162 615 2196 ea
651 2163 789 2212 quae
828 2152 910 2195 est
946 2145 1089 2211 apud
1123 2145 1414 2211 Aethiopes
1451 2162 1595 2196 nunc
1630 2146 1884 2211 vulgaris,
1927 2145 2110 2206 „Amh
2123 2160 2280 2195 aran
2293 2148 2376 2208 a“‚
2415 2145 2511 2195 sed
2544 2151 2697 2195 vetus
2735 2146 3046 2209 aethiopica

550 2234 831 2295 „Gheez“
860 2232 1148 2298 adpellata,
1178 2248 1315 2298 quae
1341 2235 1396 2282 in
1420 2248 1524 2282 usu
1550 2248 1668 2282 esse
1695 2233 1875 2295 desiit3
1902 2232 2159 2297 posthaec
2183 2234 2237 2281 in
2263 2232 2422 2282 rebus
2447 2237 2652 2282 tantum
2677 2234 2846 2282 sacris
2870 2234 3044 2297 scrip·

544 2323 721 2386 tisque
758 2322 977 2371 eruditis
1014 2320 1253 2370 adhibita
1288 2320 1403 2369 fuit.
1454 2321 1575 2381 Qua
1612 2324 1804 2381 aetate,
1843 2336 1948 2385 quo
1990 2325 2224 2381 auctore,
2253 2324 2304 2369 et
2331 2334 2560 2385 quonam
2587 2336 2615 2369 e
2641 2324 2792 2369 textu
2815 2320 3042 2370 Aethio—

546 2424 642 2473 pes
680 2407 734 2457 S.
760 2408 938 2461 Biblia
972 2409 1029 2457 in
1066 2423 1221 2457 suum
1254 2423 1550 2457 sermonem
1575 2406 1922 2456 vernaculum
1945 2422 2102 2456 versa
2127 2408 2467 2473 acceperint?
2505 2409 2747 2473 quaestio
2775 2408 2906 2456 satis
2946 2407 3044 2456 diu

548 2497 765 2560 agitata,
804 2494 898 2544 sed
935 2495 1175 2545 nondum
1202 2494 1421 2544 definita
1446 2499 1541 2543 est.
1580 2493 1716 2543 Sunt
1741 2499 1918 2543 autem
1943 2493 2082 2543 duae
2107 2495 2340 2560 potiores
2367 2495 2692 2545 eruditorum
2717 2496 3042 2545 sententiae.

545 2582 731 2631 Altera
766 2583 1061 2632 versionem
1112 2581 1260 2630 illam
1296 2582 1505 2631 Veteris
1542 2582 1872 2631 Testamenti
1919 2584 2045 2630 ante
2083 2580 2280 2631 Christi
2327 2586 2571 2647 tempora
2617 2582 2816 2631 factam
2864 2584 3042 2647 ponit.

547 2669 627 2719 Cf.
653 2670 705 2719 J.
728 2669 791 2719 A.
816 2669 877 2719 B.
902 2671 1069 2733 Deru,
1108 2669 1173 2718 de
1210 2669 1472 2720 Psalterio
1510 2669 1810 2734 aethiopico
1849 2671 2240 2718 commentatio.
2277 2671 2425 2734 Lips.
2467 2672 2616 2719 1825.
2655 2688 2706 2737 p.
2733 2673 2783 2720 3.
2819 2671 3044 2719 Revera

544 2755 919 2822 probabilitate
976 2771 1075 2806 sua
1136 2772 1245 2806 non
1294 2761 1464 2820 caret,
1521 2757 1664 2821 quod
1707 2755 1933 2818 Judaei,
1992 2755 2204 2821 quando
2255 2762 2307 2805 et
2359 2757 2719 2822 undecunque
2769 2758 3039 2818 venerint,

546 2848 778 2892 attamen
826 2850 951 2892 ante
988 2842 1256 2893 Christum
1303 2848 1489 2893 natum
1535 2845 1590 2892 in
1626 2841 1914 2907 Aethiopia
1959 2842 2296 2908 frequentes3
2347 2849 2400 2892 et
2445 2845 2548 2894 sibi
2585 2849 2638 2893 et
2671 2844 3036 2909 Aethiopibus

544 2929 827 2994 proselytis
870 2931 1099 2979 abeunte
1146 2931 1204 2978 in
1247 2930 1567 2980 oblivionem
1612 2945 1856 2980 sermone
1904 2929 2187 2992 Hebraeo,
2237 2929 2416 2980 Biblia
2462 2930 2782 2996 Aethiopica
2823 2932 2939 2981 suis
2982 2932 3042 2980 in

544 3017 787 3066 manibus
814 3032 931 3066 esse
956 3016 1238 3067 voluerint.
1288 3017 1535 3067 Attamen
1559 3019 1617 3066 in
1640 3017 2079 3082 antiquissimam,
2121 3021 2174 3066 et
2198 3018 2266 3067 ab
2293 3033 2373 3079 ea,
2401 3032 2538 3082 quae
2563 3034 2708 3067 nunc
2742 3019 2949 3083 scripta
2987 3023 3042 3068 et

546 3103 691 3152 edita
715 3102 957 3166 habetur,
985 3103 1249 3153 diversam
1272 3105 1599 3166 versionem3
1638 3105 1906 3169 inquirere
1930 3105 2052 3154 ideo
2077 3121 2186 3154 non
2211 3103 2466 3167 valemuS,
2497 3105 2638 3170 quod
2662 3104 2826 3154 hodie
2851 3104 3039 3154 nullae

541 3189 699 3239 huius
736 3191 1186 3255 interpretationis
1223 3192 1491 3256 supersint
1514 3191 1790 3256 reliquiae.
1829 3191 2012 3240 Altera
2037 3192 2361 3242 eruditorum
2387 3193 2568 3257 opinio
2598 3193 3038 3257 interpretationi

542 3275 889 3342 Aethiopicae
927 3277 1157 3342 origines
1198 3279 1384 3328 seriori
1420 3279 1632 3327 demum
1670 3283 1862 3340 aetate,
1914 3278 2129 3329 saeculo
2179 3279 2292 3328 fere
2329 3284 2558 3344 quarto
2597 3279 2888 3328 adiudicat.
2951 3280 3038 3328 Ex

543 3363 829 3412 traditione
866 3363 1156 3413 domestica
1180 3393 1247 3400 —
1270 3381 1321 3413 v.
1352 3365 1481 3415 Jobi
1503 3364 1789 3431 Ludolphi,
1823 3365 2062 3416 Historia
2098 3364 2416 3431 aethiopica.
2454 3365 2705 3414 Francos.
2746 3366 2816 3415 ad
2851 3366 3036 3415 Moen.

544 3451 695 3499 1681.
733 3450 828 3512 ΙΙΙ,
870 3453 915 3498 2.
955 3451 1210 3500 Eiusdem
1247 3433 1503 3500 ad⁶suam
1541 3451 1818 3501 historiam
1841 3451 2210 3516 Aethiopicam
2248 3451 2475 3501 antehac
2513 3452 2713 3502 editam
2751 3451 3036 3502 Commen-

540 3537 746 3585 tarium.
785 3537 857 3586 ib.
899 3538 1049 3586 1691.
1086 3553 1137 3586 n.
1175 3538 1323 3587 XIII.
1361 3554 1401 3587 s.
1438 3555 1488 3603 p.
1528 3540 1645 3587 279.
1685 3555 1726 3588 s.
1764 3566 1824 3576 —
1864 3554 1974 3588 non
2019 3540 2210 3600 minus,
2261 3554 2422 3604 quam
2459 3555 2524 3588 ex
2559 3541 2879 3590 testimoniis
2929 3539 3039 3589 fide

543 3623 863 3686 dignissimis
904 3628 1140 3673 constat:
1175 3624 1623 3674 Frumentium
1661 3627 1934 3691 primum
1969 3627 2462 3675 Auxumitarum
2499 3641 2532 3675 a
2570 3627 2622 3676 S.
2660 3627 3036 3677 Athanasio

541 3709 917 3774 episcopum
956 3716 1243 3760 creatum
1279 3711 1484 3761 fuisse
1512 3741 1577 3748 —-
1604 3713 1667 3761 L.
1703 3727 1744 3760 s.
1770 3712 2052 3762 Athanasii
2086 3712 2350 3778 Archiep.,
2391 3713 2459 3763 ad
2489 3715 2613 3778 imp.
2653 3714 3035 3765 Constantium

540 3796 749 3861 apolog.
787 3813 838 3845 n.
878 3799 960 3846 31.
998 3798 1040 3859 Ι,
1078 3799 1195 3847 315.
1222 3813 1264 3847 s.
1295 3827 1357 3834 —
1386 3815 1655 3864 eumque
1695 3815 1835 3848 cum
1871 3800 2156 3850 Aedesio
2195 3817 2504 3866 germano
2543 3802 2913 3868 Aethiopes
2954 3803 3034 3852 ad

541 3888 763 3931 castra
801 3882 1050 3933 Christi
1088 3886 1428 3950 sequenda
1463 3887 1876 3952 perduxisse.
1915 3886 1996 3936 Cf.
2023 3887 2360 3951 Theodorou,
2399 3889 2467 3938 H.
2495 3891 2560 3939 E.
2597 3891 2640 3953 Ι,
2669 3893 2751 3940 23.
2791 3891 2875 3939 ed.
2908 3890 3033 3938 Val.

537 3986 588 4034 p.
627 3971 711 4018 54.
750 3968 1001 4033 Socratis,
1038 3971 1108 4020 H.
1144 3972 1210 4021 E.
1247 3973 1289 4034 1,
1330 3975 1410 4022 19.
1447 3990 1499 4038 p.
1538 3975 1619 4022 51.
1670 3973 1968 4036 Sozomeni,
2007 3975 2076 4024 H.
2117 3976 2182 4023 E.
2219 3976 2289 4038 H,
2327 3978 2410 4026 24.
2454 3993 2504 4041 p.
2543 3979 2660 4026 477.
2715 3976 2863 4026 Nihil
2899 3993 3036 4026 vero

537 4055 787 4105 similius:
846 4072 1006 4121 quam
1042 4059 1420 4109 duumviros
1470 4062 1664 4123 istos,
1715 4061 1854 4110 sicut
1889 4061 2136 4126 Ulphilas
2176 4063 2380 4125 Gothis,
2430 4063 2500 4113 ad
2548 4064 2932 4114 stabiliendam
2981 4069 3036 4113 et

534 4144 936 4208 propagandam
980 4147 1292 4210 religionem
1335 4147 1469 4196 Jesu
1508 4147 1567 4196 C.
1604 4149 1672 4197 D.
1711 4149 1774 4198 N.
1815 4150 1891 4198 de
1928 4151 2237 4200 versione
2278 4149 2329 4200 S.
2367 4151 2737 4202 Bibliorum
2777 4152 3033 4202 aethio—

534 4230 687 4292 pica
724 4231 1037 4281 adornanda
1073 4233 1407 4283 sollicitos
1446 4235 1728 4285 exstitisse.

743 4318 1030 4377 Quaeritur
1079 4325 1259 4368 autem
1305 4337 1479 4386 porro,
1534 4321 1674 4370 unde
1722 4322 1868 4372 facta
1916 4324 1986 4373 sit
2032 4325 2138 4374 ista
2184 4327 2396 4375 versio‘?
2455 4327 2574 4387 Qua
2623 4327 2689 4376 de
2734 4342 2791 4376 re
2842 4343 3033 4377 rursus

535 4402 858 4453 dissentiunt
906 4405 1127 4469 eruditi3
1181 4407 1450 4472 aliquibus
1498 4423 1563 4457 ex
1599 4407 1856 4471 ArabicO,
1908 4410 2027 4461 aliis
2075 4427 2104 4460 e
2154 4411 2403 4476 Coptico,
2461 4415 2629 4463 tertiis
2680 4414 2911 4479 denique
2965 4431 3032 4464 ex

535 4487 741 4539 Graeco
798 4493 1286 4556 interpretationem
1340 4494 1537 4543 factam
1594 4511 1712 4546 esse
1768 4495 2173 4548 affirmantibus.
2246 4499 2350 4549 Pro
2407 4499 2553 4550 fonte
2599 4502 2778 4551 Arabe
2834 4501 3034 4550 militat

532 4575 699 4639 Dorn,
725 4576 758 4624 l.
787 4593 830 4626 c.
856 4595 907 4643 p.
935 4581 982 4628 5.
1010 4595 1079 4643 s.;
1120 4596 1213 4644 pro
1240 4581 1412 4646 Copto
1439 4583 1503 4639 E,
1532 4583 1607 4632 St.
1634 4584 1978 4648 Assemanus,
2018 4585 2155 4634 Bibl.
2194 4587 2504 4636 Medicaeae
2545 4593 2598 4636 et
2625 4590 3030 4639 Laurentianae
