3309 5300
502 422 588 487 60
1178 435 1412 477 Commeat.
1444 434 1498 475 de
1527 435 1569 475 S.
1589 435 1804 487 scriptur.
1837 446 1930 488 cap.
1962 436 2090 487 prim.
2120 438 2226 477 sect.
2255 438 2313 478 11.

499 612 714 677 legendi
751 626 784 661 a
819 610 1107 678 Synagoga
1131 612 1198 662 ad
1224 612 1521 662 Ecclesiam
1549 612 1746 663 Christi
1780 615 2043 676 transiise,
2084 614 2315 663 dubitari
2352 630 2460 663 non
2496 618 2688 679 potest.
2727 615 2989 681 Tempore

501 701 608 749 iam
643 698 1016 764 Apostolorum
1062 702 1263 765 Legem
1315 716 1524 765 quoque
1576 706 1628 749 et
1676 700 1971 767 Prophetas
2020 701 2087 750 ad
2136 700 2371 749 fidelium
2426 717 2597 751 mores
2654 702 2988 765 excolendos,

503 787 1072 851 demonstrandumque
1097 786 1221 836 Filii
1247 787 1352 835 Dei
1376 788 1679 850 adventum,
1716 788 1999 836 Dominica
2031 788 2360 852 potissimum
2398 788 2499 849 die,
2536 789 2591 836 in
2618 804 2658 837 s.
2688 786 2989 853 Synaxibus

501 902 568 909 —
593 875 806 922 nomine
847 869 1098 935 ,,σῦναξις“
1141 876 1488 924 6011111111111161·
1510 874 1879 939 intelliguntur
1904 876 2041 923 sacri
2067 880 2376 937 conventus,
2416 891 2547 939 quos
2574 877 2780 941 antiqui
2807 873 2990 925 fideles

501 960 796 1023 faciebant3
824 959 1110 1025 aliquando
1139 963 1297 1011 etiam
1321 961 1712 1011 Eucharistiam
1737 979 1787 1011 v,
1808 962 1875 1011 H.
1896 962 1958 1010 R.
1981 962 2045 1011 N.
2072 962 2133 1011 T.
2160 978 2211 1026 p.
2237 963 2367 1024 112.,
2395 964 2429 1011 i.
2458 978 2503 1011 e.
2532 963 2689 1011 miss
2706 976 2802 1011 am
2828 961 2990 1012 deno-

501 1051 594 1109 tat,
644 1048 770 1111 quia
819 1048 1242 1097 conventualiter
1287 1048 1660 1099 celebrabatur
1684 1078 1751 1084 —
1774 1048 1987 1113 publice
2025 1050 2273 1098 recitatos
2311 1054 2364 1097 et
2406 1050 2473 1098 ab
2518 1048 2789 1113 Apostolis
2829 1049 2991 1114 expli·

503 1138 650 1183 catos
675 1134 855 1197 fuisse,
897 1135 1183 1185 eorundem
1209 1136 1344 1185 Acta
1369 1138 1452 1198 20,
1476 1139 1522 1185 7.
1551 1136 1757 1185 docent.
1796 1138 1927 1185 Post
1951 1136 2285 1201 promulgata
2309 1136 2624 1201 Evangelia,
2662 1138 2991 1202 scriptasque

500 1221 796 1285 Epistolas,
849 1236 1030 1271 earum
1081 1225 1239 1273 etiam
1287 1222 1445 1273 lectio
1498 1222 1549 1273 8.
1592 1222 1874 1289 Scripturis
1924 1224 2131 1272 Veteris
2180 1224 2520 1273 Instrumenti
2575 1223 2829 1273 adiuncta
2876 1223 2990 1272 fuit.

500 1308 575 1357 Ut
611 1309 836 1358 vidimus
877 1308 1076 1359 Comm.
1116 1310 1165 1359 h.
1205 1328 1256 1375 p.
1295 1314 1343 1359 9.
1400 1312 1529 1359 Post
1572 1309 1868 1359 Concilium
1906 1311 2201 1359 Nicaenum
2238 1312 2294 1359 in
2331 1310 2553 1375 singulis
2595 1310 2823 1376 publicis
2869 1326 2990 1359 eon-

500 1396 747 1445 ventibus
787 1396 1067 1447 Sacrarum
1103 1399 1402 1449 Literarum
1440 1400 1494 1446 in
1531 1399 1837 1446 universum
1875 1397 2092 1447 lectioni
2130 1397 2473 1447 Christicolas
2512 1412 2725 1462 operam
2764 1398 2991 1460 dedisse,

501 1488 725 1533 testatur
751 1484 800 1533 S.
827 1484 1122 1534 Basilius
1149 1484 1237 1546 M.‚
1263 1484 1440 1533 homil.
1466 1486 1522 1533 in
1547 1486 1632 1533 Ps.
1649 1487 1798 1534 59.n.
1815 1488 1861 1533 2.
1884 1486 1925 1547 Ι,
1946 1487 2060 1534 190.
2077 1500 2117 1533 s.
2144 1486 2407 1533 scribens:
2444 1484 2627 1545 „Ideo
2668 1490 2729 1534 et
2766 1490 2993 1534 nostra

502 1576 652 1619 sunt
689 1571 973 1621 oracula
1010 1572 1259 1633 divina,
1309 1577 1370 1621 et
1407 1574 1482 1621 ab
1521 1572 1853 1621 Ecclesia
1888 1572 2035 1633 Dei,
2082 1577 2393 1637 tanquam
2442 1572 2609 1621 dona
2646 1571 2991 1621 divinitus

502 1659 724 1720 missa,
751 1660 814 1707 in
852 1660 1138 1725 singulis
1178 1658 1614 1721 conventibus
1651 1658 1994 1723 leguntur,
2026 1658 2210 1707 velut
2246 1657 2635 1707 alimentum
2672 1658 2993 1725 quoddam

502 1746 887 1809 animarum,
941 1747 1118 1812 quod
1164 1762 1197 1797 a
1233 1746 1484 1811 Spiritu
1527 1745 2154 1796 subministretur.“
2222 1744 2327 1795 Sed
2366 1750 2418 1794 et
2454 1761 2723 1795 sacrorum
2762 1762 2993 1795 eonven-

500 1837 649 1881 tuum
685 1838 848 1899 atque
885 1833 1172 1883 lectionum
1207 1836 1262 1883 in
1300 1836 1364 1882 iis
1401 1835 1741 1883 recitatarum
1777 1849 2028 1881 numerus
2078 1835 2271 1882 mansit
2304 1834 2554 1883 incertus.
2608 1833 2748 1883 Illud
2785 1839 2994 1883 tantum

501 1919 620 1968 coll.
649 1918 883 1983 Socrate,
910 1921 980 1969 H.
1005 1922 1069 1970 E.
1109 1921 1198 1983 VI,
1227 1922 1274 1969 8.
1315 1921 1395 1969 6(1.
1422 1920 1540 1969 Val.
1579 1938 1630 1984 p.
1667 1922 1784 1969 313.
1843 1918 2156 1983 Sozbmeno,
2194 1921 2263 1969 H.
2302 1922 2366 1969 Ε.
2408 1921 2549 1982 VIII,
2588 1922 2635 1970 8.
2672 1921 2743 1970 ib.
2782 1938 2832 1986 p.
2874 1923 2992 1970 767.

501 2004 553 2055 8.
582 2006 618 2055 J
622 2022 794 2055 oanne
837 2006 1231 2072 Chrysostomo,
1268 2007 1446 2057 homil.
1475 2009 1566 2057 XI.
1603 2009 1660 2056 in
1690 2008 1885 2057 Joann.
1912 2024 1964 2056 n.
1994 2010 2039 2057 1.
2067 2008 2211 2070 VIII,
2240 2010 2321 2056 62.
2359 2008 2571 2057 Joanne
2610 2006 2885 2071 Cassiano,
2926 2008 2992 2057 de

501 2093 893 2145 Coenobiorum
926 2096 1178 2144 institutis
1204 2095 1300 2157 III,
1329 2097 1376 2144 2.
1402 2113 1454 2160 p.
1482 2098 1583 2158 30„
1624 2100 1769 2144 certo
1808 2092 2059 2143 affirmari
2094 2100 2295 2159 pot‘est:
2336 2093 2571 2144 Sabbato
2610 2100 2770 2159 atque
2806 2095 2991 2144 Domi-

498 2182 622 2233 nica
657 2183 758 2245 die,
798 2198 839 2232 S.
867 2198 1094 2247 synaxes
1132 2183 1342 2233 habitas
1382 2183 1562 2232 fuisse.
1613 2182 1761 2231 Idem
1800 2198 2011 2247 quoque
2048 2187 2198 2246 patet
2235 2198 2263 2229 e
2304 2182 2524 2231 Canone
2560 2182 2705 2231 XVI.
2744 2188 2798 2231 61
2820 2184 2991 2232 XVII.

501 2267 728 2318 Concilii
763 2270 1073 2319 Laodiceni.
1109 2285 1195 2335 ap.
1231 2270 1423 2332 Mansi,
1458 2271 1529 2333 II,
1567 2271 1686 2319 567.
1726 2269 1975 2319 Ceterum
2014 2268 2065 2318 S.
2106 2268 2527 2333 Chrysostomus,
2577 2269 2756 2319 homil.
2794 2270 2992 2332 LVIII,

499 2356 548 2404 4.
575 2356 630 2403 in
653 2356 848 2405 Joann.
885 2359 1058 2421 inquit
1082 2358 1146 2406 de
1171 2357 1398 2407 lectione
1425 2358 1477 2407 S.
1506 2357 1811 2423 Scripturae
1848 2356 1880 2406 l.
1909 2372 1953 2405 c.
1980 2372 2030 2420 p.
2058 2357 2174 2405 342.
2219 2357 2403 2417 „Nam
2441 2358 2495 2405 si
2532 2358 2677 2421 quis
2716 2358 2991 2407 assidue

501 2444 754 2505 veniat,
818 2445 1077 2493 etiamsi
1139 2444 1312 2492 domi
1374 2460 1500 2492 non
1561 2444 1767 2508 legat,
1830 2443 1941 2491 sed
2001 2442 2107 2490 hic
2166 2443 2380 2491 dictis
2441 2444 2767 2506 attendat,
2834 2445 2991 2493 anni

498 2532 703 2580 unius
741 2532 957 2595 spatio
995 2532 1251 2595 poterit
1299 2530 1508 2580 multa
1557 2531 1828 2580 discere.
1900 2531 2132 2594 Neque
2180 2531 2344 2578 enim
2382 2529 2583 2578 hodie
2634 2529 2779 2592 has,
2828 2545 2985 2579 cras

500 2618 667 2668 alias
707 2618 1107 2684 Scripturas
1155 2618 1460 2684 legimus,
1508 2619 1624 2668 sed
1671 2634 1922 2684 semper
1976 2617 2295 2668 easdem.“
2362 2616 2517 2666 Unde
2568 2619 2718 2683 sequi
2768 2617 2982 2667 videtur
3030 2624 3035 2628 ’

499 2712 672 2756 certas
699 2705 750 2755 S.
779 2706 1081 2770 Scripturae
1108 2709 1370 2756 sectiones
1398 2707 1620 2771 singulis
1646 2723 1741 2771 per
1766 2707 1892 2755 anni
1931 2705 2183 2755 circulum
2210 2704 2472 2753 habendis
2510 2706 2799 2768 synaxibus
2838 2719 2992 2754 acco-

498 2793 737 2842 modatas
775 2793 955 2842 fuisse.
1012 2793 1151 2854 Quin
1191 2799 1243 2843 et
1278 2796 1536 2843 vetustior
1571 2793 1949 2855 TertullianuS,
1987 2792 2121 2841 libro
2162 2792 2226 2840 de
2265 2793 2444 2840 anima
2480 2809 2530 2841 n.
2570 2794 2619 2841 9.
2646 2807 2687 2840 s.
2725 2807 2992 2856 synaxeos

500 2881 738 2929 ordinem
776 2881 1098 2942 describens,
1146 2882 1314 2946 primo
1354 2881 1406 2931 S.
1446 2881 1753 2945 Scripturae
1788 2880 2070 2929 lectionem
2107 2881 2257 2945 ponit
2292 2895 2343 2943 p.
2385 2880 2532 2942 179.;
2578 2883 2631 2927 61
2666 2879 2734 2928 ad
2771 2895 2993 2928 uxorem

497 2968 567 3030 11,
595 2969 642 3016 2.
667 2967 891 3033 loquens
929 2969 1038 3037 ait:
1070 2969 1424 3033 „Numquid
1461 2969 1538 3017 de
1577 2967 1704 3016 illo
1745 2967 2056 3032 Capitulo
2095 2966 2232 3015 sibi
2269 2965 2706 3015 blandiuntur
2740 2967 2991 3030 primae

500 3055 580 3105 ad
625 3054 1042 3104 Corinthios“
1078 3056 1128 3105 J.
1155 3072 1200 3105 6.
1229 3056 1268 3104 Ι.
1299 3057 1344 3117 7,
1378 3058 1424 3104 7.
1450 3072 1501 3120 p.
1530 3057 1610 3104 71.
1658 3056 1950 3118 Dionysius
1977 3068 2187 3119 quoque
2213 3051 2621 3114 Alexandrinus,
2653 3052 2797 3117 apud
2820 3054 2991 3103 Euse-

500 3143 643 3192 bium
681 3142 750 3191 H.
788 3143 852 3192 E.
879 3143 996 3204 VII,
1025 3144 1108 3191 25.
1139 3159 1190 3206 p.
1217 3143 1334 3191 272.
1373 3141 1752 3207 Apocalypsim
1789 3143 1844 3189 in
1883 3136 2152 3208 ‚xeepoikoucx‘
2192 3139 2413 3188 divisam
2452 3139 2633 3202 fuisse,
2672 3145 2858 3189 auctor
2894 3145 2991 3190 est.

501 3228 608 3278 Sed
645 3235 699 3278 et
733 3229 966 3294 reliquos
1007 3229 1057 3278 S.
1097 3227 1400 3294 Scripturae
1437 3228 1630 3277 Libros
1669 3228 1737 3276 ad
1774 3243 1928 3276 usum
1964 3227 2281 3291 lyturgicum
2317 3227 2373 3275 in
2412 3228 2676 3276 sectiones
2714 3232 2902 3288 certas,
2940 3233 2993 3278 et

500 3318 820 3382 procedente
858 3322 1094 3380 tempore
1131 3315 1280 3377 fixas,
1319 3316 1594 3365 distinctas
1631 3316 1795 3365 fuisse
1834 3315 2049 3364 tradunt
2086 3315 2320 3363 Veteres,

707 3405 827 3453 Non
865 3405 960 3452 abs
997 3419 1054 3452 re
1093 3409 1270 3453 autem
1309 3404 1407 3452 erit
1443 3402 1708 3467 quaedam
1762 3402 1869 3464 „de
1921 3406 2134 3466 etymo
2185 3407 2251 3450 et
2297 3416 2421 3450 usu
2470 3402 2987 3466 Pericoparum“

499 3490 940 3540 animadvertere.
985 3482 1254 3557 Περικοπὰς
1292 3489 1540 3538 dixerunt
1575 3504 1608 3538 a
1643 3490 1989 3554 pericope,
2041 3484 2303 3555 περικοπὴ;
2343 3503 2481 3553 quae
2508 3503 2541 3537 a
2582 3503 2692 3555 περι
2734 3494 2787 3538 61
2826 3483 2991 3538 κόπτω

497 3579 709 3643 proprie
747 3577 1013 3642 significat
1045 3591 1339 3640 resegmen,
1377 3576 1517 3641 quod
1553 3581 1841 3625 resecatur.
1904 3577 2207 3641 Usurpatur
2243 3575 2434 3624 deinde
2473 3576 2538 3625 (16
2578 3577 2719 3625 0111111
2756 3577 2993 3625 sectione

503 3667 700 3714 circum
737 3666 964 3725 concisa,
1002 3664 1258 3728 imprimis
1295 3678 1421 3711 vero
1461 3662 1525 3711 de
1563 3663 1825 3730 particula
1861 3662 1981 3712 libri
2008 3663 2091 3712 vel
2124 3665 2333 3728 scripti3
2372 3659 2637 3731 ,,περικοπὴ
2668 3659 2811 3731 μέρος
2836 3679 2884 3712 τι
2905 3664 2992 3726 τῆς

499 3748 827 3809 ὑποθέσεωςίι,
854 3751 1023 3814 inquit
1049 3750 1256 3812 Suidas,
1282 3751 1410 3798 Lex.
1432 3765 1473 3799 s.
1494 3749 1544 3798 h.
1566 3767 1615 3798 v.
1642 3750 1711 3812 ΙΙ,
1729 3753 1847 3799 213.
1888 3749 1941 3799 S.
1960 3750 2223 3813 sustinus,
2251 3750 2373 3800 dial.
2401 3767 2518 3801 cum
2538 3749 2721 3816 Triph.
2741 3767 2883 3798 num.
2910 3752 2991 3799 72.

497 3854 546 3902 p.
569 3839 686 3886 284.
713 3837 779 3885 de
798 3837 835 3886 J
839 3851 996 3885 erem.
1015 3837 1094 3898 11,
1114 3838 1192 3885 19.
1217 3841 1270 3885 61
1288 3852 1429 3885 1111111.
1449 3838 1562 3886 109.
1579 3854 1629 3902 p.
1645 3839 1764 3886 368.
1792 3837 1857 3886 de
1876 3836 2037 3887 Mich.
2054 3839 2103 3900 4,
2123 3841 2167 3887 1.
2187 3854 2226 3887 s.
2248 3838 2379 3887 locis
2406 3838 2625 3888 adhibet
2641 3853 2828 3887 vocem
2853 3854 2992 3905 περι-

499 3921 637 3986 κοπή.
665 3923 928 3984 Quoniam
953 3938 1079 3972 vero
1106 3939 1302 3972 nomen
1321 3922 1584 3972 Graecum
1606 3918 1951 3992 ,,ἀνάγνωσις“
1973 3925 2061 3973 vel
2086 3919 2388 3993 ἀνάγνωσμα
2411 3941 2519 3974 11011
2544 3924 2811 3990 significat
2834 3925 2991 3975 modo

497 4011 712 4077 legendi
749 4017 940 4073 actum,
979 4011 1074 4060 sed
1111 4013 1269 4060 etiam
1297 4012 1351 4060 id
1376 4012 1518 4077 quod
1554 4011 1771 4076 legitur3
1809 4013 1933 4061 inde
1966 4013 2181 4074 factum,
2208 4017 2267 4062 ut
2294 4011 2484 4062 Graeci
2509 4013 2695 4062 Patres
2732 4006 2992 4080 περικοπὰς

501 4098 834 4163 adpellarent
859 4093 1243 4166 ,,ἀναγνώσεις“,
1272 4104 1324 4149 61
1350 4093 1724 4167 ἀναγνώσματα.
1760 4100 1996 4149 Easdem
2020 4101 2202 4149 Latini
2228 4101 2287 4148 P.
2314 4100 2373 4148 P.
2403 4104 2455 4149 61
2480 4098 2533 4149 S.
2560 4101 2623 4149 E.
2662 4099 2992 4150 lectiones

496 4191 783 4249 vocarunt3
839 4186 980 4234 unde
1029 4186 1294 4252 hodieque
1343 4188 1399 4235 in
1436 4187 1602 4236 Missa
1642 4187 1886 4248 „lectio
1926 4186 2322 4252 epistolae“,
2376 4187 2501 4235 inde
2550 4187 2780 4252 denique
2832 4189 2994 4236 etiam

497 4272 724 4322 lectores
763 4278 816 4322 et
850 4259 1180 4322 lectionaria.
1217 4274 1334 4323 Act.
1373 4275 1421 4336 8,
1460 4275 1541 4323 32.
1581 4274 1767 4324 6ο(16111
1805 4290 1965 4324 sensu
2004 4275 2229 4324 occurrit
2265 4272 2487 4342 περιοχή.
2527 4273 2743 4324 Sensu
2778 4275 2993 4340 igitur

482 4359 751 4412 :latiore
787 4361 1136 4425 pericope,
1192 4360 1547 4425 periocha,
1603 4365 1969 4427 anagnosis
2020 4369 2084 4411 et
2137 4361 2353 4411 lectio
2408 4361 2721 4411 indicant
2774 4377 2992 4412 unam-

499 4462 836 4512 quamque
885 4447 1187 4496 alicuius
1224 4448 1416 4496 Libri
1461 4449 1862 4512 sectionem,
1916 4451 2239 4514 imprimis
2290 4455 2508 4499 tamen
2544 4449 2901 4498 Librorum
2937 4449 2989 4500 S.

497 4534 564 4584 U.
602 4534 693 4597 F.;
731 4536 1081 4585 strictiore
1119 4550 1322 4584 sensu
1360 4537 1707 4585 sectiones
1746 4536 1808 4586 V.
1837 4542 1901 4586 et
1935 4538 1997 4587 N.
2024 4537 2103 4598 T„
2143 4539 2419 4602 quaein
2453 4535 2777 4586 Ecclesia
2812 4551 2991 4602 prae-

497 4619 947 4686 legebantur,
1003 4627 1203 4686 atque
1255 4621 1378 4670 hoc
1425 4624 1570 4671 sive
1623 4625 1947 4674 continua
1994 4626 2169 4673 serie
2216 4641 2281 4674 se
2330 4625 2795 4691 excipiebant,
2847 4625 2990 4673 sive
