3309 5300
1063 407 1200 457 Super
1226 407 1395 448 ratione
1424 406 1595 446 Textus
1620 407 1672 448 A.
1707 408 1754 447 F.
1785 407 1952 448 critica.
2671 394 2757 458 95

255 579 486 630 exhibet
519 580 761 631 libellus:
798 588 960 628 numo
981 589 1131 644 mon,
1170 597 1326 646 quem
1361 582 1418 630 in
1452 581 1680 632 latinum
1711 597 2028 632 conversum
2053 587 2107 632 et
2130 582 2567 633 annotationibus
2593 581 2760 648 expli-

255 671 447 717 catum
486 668 651 718 edidit
692 667 744 717 J.
784 667 846 718 G.
886 667 1007 717 Chr.
1048 668 1227 718 Adler.
1264 668 1460 718 Hamb.
1502 671 1651 719 1779.

454 752 800 819 Collegerunt
825 755 1003 822 »ΠῬΟῼ
1024 744 1155 821 ''2231“
1194 755 1505 819 praesertim
1528 755 1649 804 illas
1675 756 2094 819 observationes,
2129 772 2268 821 quae
2293 762 2549 807 vocantur
2587 763 2659 825 ’Ἅι-ξ
2705 760 2760 805 et

255 857 391 918 Ξᾫξ,
438 855 603 915 atque
655 851 795 899 inter
845 849 1163 915 praecipuas
1216 849 1464 899 Masorae
1518 854 1700 914 partes
1753 854 2124 914 numerantur,
2180 851 2408 917 ideoque
2464 853 2758 903 attentione

256 945 462 1010 dignae
516 949 657 995 sunt.
728 945 1067 995 Masorethae
1121 945 1214 995 ubi
1269 945 1481 996 codices
1536 947 1861 997 recentiores
1915 946 1985 996 ad
2039 948 2369 1012 antiquiores
2424 954 2757 1011 revocarent,

250 1031 522 1097 ipsosque
558 1032 887 1097 antiquiores
922 1033 1062 1081 inter
1096 1047 1155 1082 se
1192 1033 1511 1095 conferrent,
1558 1049 1670 1083 non
1707 1039 2052 1084 correxerunt
2090 1034 2470 1097 aberrationes,
2509 1050 2648 1101 quae
2687 1036 2756 1084 ad

250 1117 513 1168 lectionis
549 1118 639 1168 vel
678 1118 1085 1184 orthographiae
1111 1119 1472 1170 diversitatem
1508 1120 1842 1185 spectabant,
1880 1120 1975 1169 sed
2014 1135 2106 1170 eas
2130 1122 2188 1168 in
2209 1122 2449 1186 margine
2486 1127 2756 1172 notarunt.

254 1205 410 1255 Hinc
460 1206 703 1272 duplex
749 1206 951 1256 lectio
1003 1206 1308 1257 exhibetur:
1352 1191 1405 1257 a.
1444 1207 1784 1258 textualis
1823 1208 2066 1257 nimirum
2102 1223 2241 1272 quae
2276 1209 2418 1258 intra
2454 1214 2758 1258 contextum

254 1297 543 1359 comparet
566 1298 622 1342 et
644 1292 859 1343 circello
886 1308 1050 1358 supra
1074 1310 1261 1344 vocem
1285 1296 1459 1360 posito
1485 1295 1784 1360 insignitur.
1831 1295 1895 1344 Id
1920 1299 2028 1344 est:
2065 1301 2139 1362 ³717,
2169 1285 2249 1362 rib]
2280 1301 2404 1364 any,
2432 1311 2570 1361 quae
2593 1295 2758 1347 lecto-

256 1405 378 1438 rem
414 1390 634 1439 remittit
668 1389 721 1438 b.
760 1389 829 1438 ad
855 1404 1041 1438 vocem
1076 1389 1498 1455 marginalem
1536 1397 1641 1458 2⁸13?
1666 1379 1746 1457 ab]
1767 1396 1840 1459 Ἢ
1877 1389 2032 1440 litera
2065 1396 2097 1455 Ρ
2127 1394 2382 1452 notatam,
2424 1405 2584 1456 quam
2619 1392 2759 1441 inter

253 1484 554 1550 legendum
572 1487 628 1534 in
645 1484 792 1536 illius
812 1484 1193 1550 sur-rogandam
1211 1484 1388 1534 locum
1408 1490 1746 1536 censuerunt.
1783 1485 2123 1536 Masorethae
2144 1487 2326 1551 itaque
2345 1501 2540 1535 novam
2561 1487 2758 1536 consti·

256 1577 487 1622 tuerunt
522 1587 779 1634 normam,
819 1587 927 1637 qua
951 1573 1151 1621 Textus
1184 1570 1333 1621 Sacri
1366 1589 1394 1622 e
1432 1587 1531 1622 sua
1567 1573 1820 1637 opinione
1844 1587 2025 1621 veram
2060 1571 2345 1622 lectionem
2383 1571 2758 1636 definiverunt}

259 1663 320 1708 et
358 1659 576 1724 quidem
612 1664 767 1708 tanta
802 1660 1134 1720 auctoritate,
1180 1663 1241 1707 ut
1277 1659 1346 1708 ad
1381 1659 1525 1709 illius
1564 1659 1756 1709 deinde
1793 1661 2049 1709 rationem
2090 1675 2272 1709 omnes
2311 1660 2519 1708 codices
2566 1659 2764 1709 fuerint

260 1745 541 1812 descripti.
613 1745 855 1811 Indeque
890 1746 1107 1808 factum,
1155 1745 1420 1795 nullum
1456 1747 1567 1795 fere
1613 1747 1842 1795 inveniri
1879 1746 2184 1796 codicem
2220 1747 2285 1796 V.
2321 1747 2385 1796 F.
2432 1763 2554 1796 mss·
2592 1747 2760 1797 inte-

259 1848 476 1897 grum,
527 1833 592 1882 de
632 1849 737 1898 quo
776 1837 968 1883 certo
1014 1833 1228 1899 probari
1264 1835 1433 1898 possit
1479 1833 1622 1883 illius
1660 1836 1890 1882 aetatem
1939 1833 2296 1884 saeculum
2332 1834 2762 1883 undecimum

260 1935 554 1985 superare3
591 1919 850 1986 neglectis
884 1921 991 1970 imo
1029 1919 1321 1985 repudiatis
1348 1935 1381 1969 a
1404 1919 1628 1970 Judaeis
1656 1922 1901 1970 omnibus
1928 1921 2202 1971 codicibus
2237 1936 2359 1970 mss.
2399 1925 2522 1970 ante
2559 1919 2762 1970 finitam

268 2007 648 2056 recensionem
699 2006 1108 2057 masorethicam
1146 2007 1474 2071 conscripti&
1530 2007 1592 2056 L.
1632 2005 1940 2072 Cappellus,
1985 2006 2214 2057 Criticae
2253 2023 2293 2056 s.
2330 2007 2427 2070 ΙΠ,
2465 2009 2513 2057 6.
2550 2025 2602 2073 p.
2644 2010 2759 2057 180.

262 2093 334 2142 de
384 2093 708 2144 lectionibus
747 2100 792 2157 Ρ.
832 2097 885 2143 et
917 2103 956 2143 D.
996 2093 1098 2142 hoc
1133 2093 1237 2142 fert
1270 2093 1553 2142 iudicium:
1613 2095 1863 2155 „Pauca
1907 2099 2058 2144 sunt
2104 2094 2446 2145 admodum
2499 2093 2647 2144 loca
2696 2095 2762 2142 in

263 2181 515 2244 quibus
564 2173 629 2230 τὸ
676 2181 841 2230 Keri
876 2179 1212 2230 meliorem
1249 2181 1477 2245 gignit
1523 2184 1589 2228 et
1638 2180 2137 2230 commodiorem
2181 2196 2429 2230 sensum
2466 2195 2663 2246 quam
2699 2173 2763 2230 τὸ

261 2267 478 2317 Ketib.
550 2267 687 2316 Imo
740 2283 868 2316 non
922 2281 1133 2332 pauca
1182 2270 1338 2315 sunt
1382 2268 1447 2314 in
1497 2266 1752 2331 quibus
1798 2259 1864 2316 τὸ
1913 2266 2108 2316 Ketib
2147 2283 2271 2316 non
2309 2268 2449 2316 sine
2486 2269 2763 2317 ratione

260 2354 477 2403 videri
531 2355 759 2420 possit
804 2353 1319 2420 praeferendum
1370 2354 1453 2421 τῷ
1500 2354 1706 2404 Keri.“
1770 2354 1927 2415 Quod
1973 2354 2156 2404 habita
2200 2356 2420 2404 istarum
2459 2354 2764 2405 lectionum

262 2441 497 2504 ratione,
534 2457 721 2490 verum
759 2456 877 2491 esse
914 2440 1341 2506 deprehenditur.

483 2528 589 2578 Per
635 2528 738 2578 hoc
781 2529 1035 2594 temporis
1083 2527 1425 2577 intervallum
1473 2526 1510 2575 J
1512 2527 1671 2577 udaei
1720 2529 1900 2577 conati
1949 2533 2088 2590 sunt,
2145 2529 2406 2578 rationem
2442 2533 2760 2594 punctorum

262 2616 544 2667 vocalium
595 2617 664 2666 ad
714 2620 888 2667 certas
934 2614 1149 2682 regulas
1196 2616 1546 2679 constituere3
1602 2614 1814 2680 sibique
1861 2616 1916 2664 in
1961 2615 2206 2666 omnibus
2256 2615 2388 2665 locis
2439 2615 2762 2666 conformem

264 2703 516 2753 reddere.
563 2704 773 2753 Vixisse
809 2704 1053 2752 feruntur
1090 2702 1306 2751 saeculo
1344 2701 1624 2751 undecimo
1661 2702 1882 2751 ineunte
1920 2702 2024 2751 duo
2050 2702 2309 2752 Rabbini:
2346 2701 2608 2753 Aharon
2645 2703 2766 2752 ben

264 2790 525 2841 Ascher
561 2793 615 2839 et
648 2789 859 2840 Jacob
898 2792 1020 2840 ben
1056 2789 1400 2855 Naphtali,
1440 2805 1666 2854 quorum
1700 2790 1846 2855 prior
1881 2790 1938 2838 in
1975 2789 2160 2839 schola
2182 2789 2500 2851 Tiberiadis,
2539 2789 2676 2839 alter
2710 2790 2763 2837 in

266 2876 580 2941 Babylonia
604 2878 809 2941 floruit3
841 2878 932 2942 qui
958 2892 1173 2943 operam
1198 2892 1351 2926 suam
1374 2878 1429 2925 in
1453 2892 1684 2926 novam
1709 2877 1956 2926 Textus
1981 2875 2283 2925 hebraici
2311 2877 2767 2926 recensionem

270 2963 623 3013 collocarunt.
661 2964 727 3013 V.
751 2964 805 3013 J.
832 2962 891 3012 G.
918 2964 1080 3025 Wolf,
1118 2962 1459 3013 Bibliotheca
1484 2964 1751 3013 Hebraea.
1777 2964 1972 3013 Hamb.
2003 2964 2154 3013 1715.
2179 2980 2230 3029 p.
2258 2965 2374 3012 299.
2413 2964 2483 3012 H.
2509 2962 2766 3028 Hupfeld,

272 3051 341 3101 de
396 3052 472 3101 rei
521 3052 898 3117 grammaticae
949 3051 1095 3116 apud
1130 3050 1368 3101 Judaeos
1417 3052 1597 3100 initiis.
1646 3050 1772 3099 Hal.
1813 3052 1963 3100 1846.
2000 3066 2052 3115 p.
2091 3052 2140 3099 2.
2177 3067 2219 3100 s.
2283 3048 2510 3100 Codices
2546 3051 2766 3099 istorum

272 3138 682 3188 duumvirorum
720 3138 921 3201 collati,
972 3143 1024 3187 et
1060 3137 1451 3203 discrepantiae
1489 3152 1627 3202 quae
1665 3138 1719 3185 in
1755 3141 1984 3201 utraque
2035 3138 2346 3187 recensione
2393 3136 2768 3186 inveniebatur

265 3227 327 3275 in
368 3226 599 3275 indicem
635 3225 840 3275 relatae
878 3230 1017 3275 sunt.
1074 3225 1178 3286 Qui
1214 3231 1357 3274 tomo
1394 3225 1485 3273 VI.
1523 3224 1662 3273 Bibl.
1700 3222 1813 3273 Pol.
1851 3223 2274 3273 Londinensium
2309 3222 2518 3287 legitur.
2575 3222 2760 3272 Omnis

268 3316 460 3361 autem
478 3314 711 3362 varietas
731 3312 870 3361 inter
894 3314 1233 3362 recensiones
1259 3313 1407 3373 istas,
1434 3311 1501 3360 ad
1528 3310 1673 3361 sola
1695 3311 1925 3375 pertinet
1947 3314 2149 3375 puncta
2173 3325 2248 3359 vo
2263 3310 2362 3359 cal
2377 3311 2464 3372 ia,
2491 3314 2544 3359 et
2568 3309 2767 3359 nullius

271 3400 396 3449 fere
446 3404 528 3449 est
574 3401 845 3449 momenti.
905 3399 1123 3449 Interim
1168 3399 1537 3448 recensionem
1572 3396 1796 3447 Ascheri
1845 3398 2191 3447 communiter
2242 3402 2536 3461 sequuntur
2571 3396 2768 3445 Judaei

272 3485 660 3536 Occidentales
700 3498 795 3535 seu
830 3487 1121 3550 Europaei,
1159 3486 1275 3535 Ben
1304 3484 1557 3550 Nephtali
1593 3484 1876 3533 lectionem
1913 3489 2207 3548 sequuntur
2234 3483 2555 3533 orientales.
2604 3484 2770 3531 Deni-

273 3589 387 3637 que
422 3572 643 3622 Masora
679 3573 1031 3622 diversimodo
1081 3573 1189 3621 iam
1225 3572 1417 3621 Textui
1456 3588 1498 3621 s.
1535 3572 1736 3634 iuncta,
1786 3572 1893 3619 iam
1941 3572 1997 3619 in
2046 3570 2321 3620 distinctos
2361 3570 2769 3619 commentarios

272 3660 480 3721 relata,
536 3659 853 3709 Christianis
903 3660 1015 3709 fere
1063 3661 1343 3709 inaccessa
1388 3658 1664 3720 manebat,
1717 3658 1888 3707 donec
1937 3671 2054 3707 eam
2098 3656 2315 3706 saeculo
2366 3656 2571 3706 decimo
2623 3661 2771 3706 sexto

274 3748 695 3812 Bombergus
744 3749 886 3812 typis
926 3748 1263 3797 exscriberet.
1320 3745 1400 3795 cf.
1438 3744 1830 3811 Hottingerum,
1868 3743 2025 3794 Thes.
2063 3743 2190 3810 phil.
2228 3743 2270 3793 Ι.
2311 3746 2359 3805 2,
2397 3745 2445 3792 4.
2484 3760 2535 3809 p.
2577 3746 2691 3792 106.
2729 3760 2771 3793 s.

334 4024 392 4104 ξ.
444 4026 547 4090 36.
600 4020 975 4087 Codicum
1024 4022 1742 4105 manuscriptorum
1786 4020 2367 4085 Hebraicorum
2415 4021 2718 4084 notitia.
2775 4005 2780 4009 ⁵

495 4232 791 4297 Opportune
826 4231 916 4283 Ῐιοο
948 4232 1058 4281 'loco
1094 4230 1156 4282 de
1192 4237 1370 4293 aetate,
1416 4230 1587 4281 indole
1625 4230 1890 4296 pretioque
1935 4229 2279 4279 hebraismum
2319 4228 2555 4279 Codicum
2599 4246 2772 4278 manw

276 4321 589 4383 scn'plorum
638 4319 1007 4369 observationes
1055 4318 1305 4382 quaedam
1352 4317 1630 4367 adduntur.
1695 4316 1982 4382 optandum
2027 4315 2226 4381 quidem
2275 4322 2415 4377 esset,
2465 4322 2521 4365 ut
2555 4314 2628 4366 dc>
2653 4333 2776 4379 apo-

274 4406 501 4473 graphis
534 4404 587 4483 S.
612 4404 670 4457 S.
706 4405 763 4456 V.
794 4405 851 4455 T.
889 4422 1019 4469 quae
1055 4410 1323 4470 supersunt
1358 4410 1522 4459 aetate
1556 4420 1860 4468 numeroque
1895 4411 2026 4454 certo
2062 4409 2308 4453 constaret
2320 4420 2338 4463 ,·
2373 4408 2427 4452 at
2465 4401 2530 4453 dc
2565 4408 2776 4466 utroque

278 4502 354 4551 ad
392 4502 529 4552 hunc
563 4517 721 4565 usque
758 4500 893 4551 diem
928 4501 1205 4551 laboratur.
1260 4502 1425 4564 Atque
1467 4506 1523 4548 ut
1570 4498 1643 4549 dc
1689 4504 1906 4549 aetate
1949 4497 2228 4548 codicum
2281 4498 2562 4562 loquamur,
2611 4496 2778 4547 cnudi-

278 4589 512 4641 tissimus
565 4595 612 4639 ct
666 4590 845 4639 karum
898 4606 1070 4639 rerum
1118 4589 1453 4652 peritissimus
1502 4586 1565 4637 dc
1614 4586 1827 4647 Rosci,
1890 4585 2071 4637 Variae
2124 4586 2234 4635 lect.
2279 4584 2334 4647 I,
2371 4585 2509 4649 prol.
2555 4601 2610 4648 p.
2667 4586 2776 4633 116.
