3309 5300
545 420 672 485 246
1256 428 1490 469 Commeat.
1521 427 1573 467 de
1602 429 1645 467 S.
1669 426 1828 477 Script.
1859 438 1953 477 cap.
1984 436 2070 466 sec.
2098 425 2227 465 tract.
2256 424 2311 464 11.

750 610 1043 687 Epistolas
1072 609 1133 667 S.
1167 608 1341 667 Pauli
1365 606 1385 645 ¹
1425 608 1490 665 in
1528 607 1922 680 hungaricam
1955 606 2274 664 transfusas
2304 606 2491 662 edidit
2519 605 2588 663 B.
2618 604 3052 680 Komjathy,

545 715 873 792 capellanus
888 692 1112 772 aulicus
1128 712 1487 770 catharinae
1504 713 1573 768 de
1588 712 1957 787 Frangepan.
1991 710 2288 769 Gabriel
2320 710 2728 768 Pannonius
2761 710 2806 766 P
2819 710 2988 767 esth
3001 710 3054 764 i-

544 840 701 892 nne,
744 818 1019 877 Albensis
1051 817 1375 875 canonicus
1410 820 1471 873 et
1499 816 1965 875 Archidiaconus
1993 815 2355 889 Ugotsiensis
2376 810 2420 885 ²,
2463 834 2604 873 vero
2633 815 2860 889 primus
2897 812 3052 883 fuit,

546 924 651 1002 qui
681 927 933 1001 quatuor
962 921 1425 1000 Evangeliorum
1455 921 1682 980 Divina
1710 920 2017 979 volumina
2045 920 2252 993 lingua
2279 919 2609 993 hungarica
2639 920 2854 976 donata
2876 916 3056 995 typis

546 1027 797 1085 describi
826 1027 969 1085 fecit
998 1046 1049 1085 a.
1091 1030 1275 1083 1536.
1299 1022 1324 1062 3
1386 1026 1696 1097 Integrum
1738 1025 1976 1084 Novum
2007 1023 2445 1081 Testamentum
2487 1023 2811 1096 hungarico
2840 1022 3054 1079 reddi-

546 1137 692 1203 tum,
720 1132 979 1209 quinque
1002 1131 1218 1188 abhinc
1241 1129 1430 1200 annis,
1458 1130 1660 1188 Novae
1683 1127 1946 1187 insulae4
1974 1127 2248 1201 vulgavit
2275 1128 2310 1183 J
2324 1146 2590 1184 oannes
2621 1126 2689 1184 Si
2706 1128 2987 1187 lvester
3005 1122 3054 1181 ⁵.

762 1392 798 1457 1)
838 1390 1060 1441 cracov,
1103 1390 1254 1438 1533.
1294 1404 1377 1453 ap.
1404 1389 1541 1437 Viet.
1604 1388 1644 1454 ²)
1687 1386 1794 1437 cfr.
1827 1388 1888 1437 A.
1920 1385 2180 1453 Horanyi,
2217 1388 2476 1437 Memoria
2511 1388 2693 1451 Hung.
2733 1392 2786 1437 et
2822 1388 3059 1437 Provin-

552 1478 674 1530 cial.
711 1480 891 1543 script.
930 1478 1051 1527 edit.
1090 1492 1141 1525 n.
1180 1476 1375 1525 Poson.
1418 1477 1566 1525 1777.
1605 1475 1704 1537 111,
1733 1477 1815 1525 69.
1878 1476 1918 1541 ³)
1957 1476 2200 1525 Viennae
2236 1475 2514 1524 Pannonie
2551 1475 2790 1525 Joannes
2831 1474 3059 1539 Singre-

548 1567 685 1628 nius,
722 1566 833 1615 suis
858 1580 923 1613 ac
946 1563 1175 1614 Joannis
1200 1562 1436 1626 Metzger
1471 1562 1816 1626 bibliopolae,
1843 1564 2090 1627 expensis
2115 1562 2285 1612 XVII.
2318 1562 2404 1611 die
2427 1562 2631 1611 Mensis
2653 1561 2788 1611 Julii
2819 1560 3057 1611 excude-

547 1654 659 1715 bat,
696 1653 755 1701 in
777 1652 924 1702 VIII.
950 1650 1081 1715 Pag.
1108 1652 1157 1699 2.
1193 1650 1454 1714 interpres
1494 1649 1651 1699 dicit:
1695 1650 2190 1714 „nemzetsegerewl
2229 1649 2456 1712 Mijser
2493 1647 3055 1711 nezetethewlwalo“;

550 1739 694 1805 quod
732 1738 795 1789 G.
833 1739 991 1801 Pray,
1025 1736 1193 1786 Index
1230 1751 1332 1784 rar.
1370 1734 1486 1785 libr.
1525 1735 1774 1784 Biblioth.
1815 1736 1973 1785 Univ.
2011 1752 2120 1800 reg.
2158 1736 2294 1784 Bud.
2334 1737 2486 1785 1780.
2522 1736 2565 1797 I,
2607 1736 2722 1784 152.
2761 1737 2836 1783 ita
2872 1734 3050 1799 expli-

553 1827 695 1875 cuit:
738 1822 942 1887 „credo
982 1839 1047 1872 ex
1071 1826 1280 1871 vetusto
1320 1822 1512 1887 gallico
1550 1823 1842 1884 Missire,
1882 1827 1936 1871 et
1972 1822 2150 1872 italico
2186 1824 2423 1872 Misser
2459 1828 2689 1871 sumtum
2728 1838 2862 1884 esse,
2901 1820 3060 1887 quod

553 1912 681 1962 viris
720 1928 784 1961 ex
821 1910 1004 1959 ordine
1053 1910 1285 1973 equestri
1336 1908 1461 1957 olim
1496 1908 1852 1972 tribuebatur,
1904 1926 1968 1958 ex
2007 1925 2112 1973 quo
2151 1908 2335 1959 ordine
2385 1913 2568 1958 noster
2603 1910 2865 1974 interpres
2903 1913 3058 1958 certe

550 1998 701 2048 fuit.“
766 1998 916 2058 Quae
956 1997 1161 2046 etiamsi
1212 1996 1343 2045 certi
1392 2011 1501 2045 non
1543 1996 1742 2058 forent,
1788 1994 1921 2045 illud
1967 1998 2180 2045 omnino
2219 2001 2419 2045 certum
2463 1996 2702 2045 manebit
2739 1994 3054 2045 Gabrielem

552 2084 812 2151 gentilitio
850 2084 1165 2149 cognomine
1197 2081 1397 2146 Mijser,
1434 2081 1601 2131 fuisse
1638 2084 1808 2131 virum
1847 2100 1898 2131 u.
1933 2082 1982 2132 d.
2021 2082 2308 2132 classice
2345 2083 2610 2132 cultum.
2658 2083 2948 2133 Enimvero
2986 2087 3053 2131 ut

552 2172 790 2237 quuitur
824 2172 881 2219 in
916 2170 1102 2235 praef„
1142 2185 1262 2218 cum
1286 2169 1508 2232 videret,
1534 2185 1718 2219 omnes
1751 2172 1994 2219 nationes
2035 2172 2200 2231 „mira
2221 2170 2632 2221 translationum
2657 2171 2815 2235 copia
2839 2175 3054 2219 scatere

554 2260 861 2324 passimque
911 2256 1014 2305 hac
1064 2258 1119 2305 in
1170 2272 1225 2305 re
1275 2270 1493 2321 operam
1545 2271 1768 2319 navare,
1827 2262 1886 2306 ut
1933 2258 1988 2305 in
2037 2256 2304 2305 cumulum
2357 2258 2564 2307 decoris
2613 2259 2816 2322 patriae
2865 2272 3058 2306 eorum

555 2360 764 2409 semper
800 2343 1005 2408 aliquid
1043 2344 1321 2405 adiiciant,
1372 2358 1477 2407 quo
1518 2348 1569 2391 et
1603 2342 1843 2407 linguam
1882 2348 1934 2393 et
1970 2344 2239 2407 ingenium
2279 2358 2495 2393 suorum
2534 2350 2754 2406 acuant,
2798 2349 2850 2393 et
2882 2344 3053 2393 latius

554 2431 869 2481 diffundant.
923 2429 1033 2479 Cur
1070 2445 1270 2494 quaeso
1308 2444 1415 2479 non
1441 2428 1603 2479 liceat
1638 2430 1765 2479 mihi
1797 2446 2042 2495 quoque3
2078 2431 2318 2495 linguam
2344 2436 2396 2479 et
2420 2432 2691 2495 ingenium
2729 2435 3054 2492 nostrorum,

554 2518 809 2568 doctrinis
846 2522 1086 2567 veterum
1133 2517 1447 2580 sapientum,
1497 2532 1594 2581 pro
1631 2531 1753 2565 mea
1788 2516 1928 2565 virili
1967 2532 2242 2579 exornare,
2287 2520 2342 2565 et
2376 2519 2662 2582 patriae3
2703 2519 2804 2565 cui
2841 2516 3052 2566 semel

556 2620 777 2656 omnes
826 2604 1158 2667 debemus,
1210 2602 1487 2654 studere?“
1553 2603 1652 2653 His
1691 2603 1868 2653 verbis
1918 2603 2176 2670 praelusit
2213 2619 2344 2654 suae
2380 2604 2704 2654 vernaculae
2740 2603 3052 2655 fabularum

557 2692 757 2758 Aesopi
794 2690 1148 2754 translationi,
1188 2705 1346 2755 quam
1384 2706 1429 2740 e.
1470 2705 1517 2740 a.
1556 2707 1623 2740 m.
1660 2691 1796 2756 Aug.
1833 2690 2036 2756 publici
2073 2693 2204 2741 iuris
2241 2693 2384 2741 fecit.
2429 2693 2491 2741 V.
2529 2693 2601 2741 M.
2637 2692 2823 2754 Denis,
2861 2692 3060 2740 Wiens

554 2777 1261 2843 Buchdruckergeschichte.
1302 2778 1476 2827 Wien.
1518 2779 1669 2828 1782.
1708 2795 1758 2842 p.
1797 2781 1915 2828 378.
1955 2795 1994 2828 s.
2057 2779 2108 2828 J.
2147 2779 2208 2828 A.
2246 2780 2500 2841 Fabricii,
2545 2779 2795 2829 Biblioth.
2837 2777 2929 2828 Gr.
2971 2779 3061 2827 ed.

554 2865 769 2916 Harles.
793 2867 989 2916 Hamb.
1019 2868 1167 2915 1790.
1192 2865 1233 2928 Ι,
1256 2867 1375 2914 659.
1413 2865 1454 2931 4)
1481 2865 1525 2916 Ι.
1553 2881 1598 2914 e.
1624 2865 1998 2930 Ujszigethini.
2039 2866 2080 2930 ⁵)
2107 2867 2454 2931 Epigraphen
2479 2866 2642 2916 habet
2664 2871 2800 2916 teste
2825 2865 3060 2930 Lelong‚

556 2952 699 3002 Bibl.
727 2951 781 3002 S.
806 2957 903 3002 art.
928 2953 1047 3014 VII,
1074 2953 1121 3001 5.
1150 2951 1231 3002 ed.
1257 2951 1427 3002 Paris.
1456 2953 1607 3001 1723.
1634 2953 1678 3014 Ι,
1698 2953 1816 3002 447.
1871 2953 2146 3013 „Quatuor
2171 2953 2486 3018 Evangelia,
2512 2952 2789 3018 Epistolae
2815 2952 2978 3001 Pauli
3003 2958 3064 3001 et

553 3038 907 3105 Apocalypsis
946 3055 987 3088 s.
1011 3038 1240 3087 Joannis
1276 3038 1605 3103 Hungarice,
1641 3039 1698 3087 in
1733 3039 1824 3088 IV.
1861 3039 2046 3088 Novae
2083 3039 2314 3101 Insulae,
2352 3038 2632 3088 Benedicti
2667 3039 2860 3088 Abadi.
2889 3040 3052 3088 1541.

561 3125 1067 3176 vindobonensibus
1094 3126 1233 3189 typis
1261 3125 1412 3174 1574.
1450 3125 1591 3174 idem
1616 3125 1680 3176 N.
1708 3126 1769 3174 T.
1806 3126 2022 3190 repetiit
2058 3125 2395 3176 Slain'boffer.
2445 3127 2604 3187 Quis
2643 3127 2804 3175 fuerit
2838 3126 2891 3175 J.
2921 3124 3061 3190 Syl-

558 3213 817 3262 vester?
866 3215 1265 3262 controversum
1315 3227 1433 3261 esse
1474 3212 1696 3261 videtur.
1738 3213 1836 3261 Jos
1873 3211 2128 3274 Benkss,
2179 3212 2584 3263 Transsilvania
2633 3213 2860 3262 Vindob.
2903 3215 3060 3262 1778.

556 3299 628 3361 ΙΙ,
654 3300 774 3350 333.
801 3299 850 3348 4.
881 3298 1093 3347 scribit:
1147 3298 1336 3359 „Joan.
1382 3297 1731 3348 Silvester
1768 3300 1879 3348 sive
1919 3297 2260 3364 Serestely
2299 3299 2812 3364 claudiopolitanus,
2851 3299 3061 3348 electus

559 3387 846 3451 episcopus
874 3381 1270 3447 Csanadiensis,
1304 3389 1357 3434 et
1376 3383 1707 3434 Ferdinandi
1732 3386 2074 3451 Imperatoris
2102 3386 2171 3435 ad
2199 3385 2498 3436 Concilium
2523 3384 2897 3435 Tridentinum
2923 3385 3060 3435 Ora-

559 3478 658 3534 tor,
697 3473 908 3521 Novum
935 3472 1350 3534 Testamentum,
1388 3472 1756 3536 Hungaricum
1780 3472 1923 3535 fecit,
1963 3477 2018 3522 et
2040 3474 2096 3521 in
2121 3471 2400 3537 Uj·Sziget
2421 3473 2751 3536 Hungariae,
2789 3473 3062 3522 sumtibus

560 3558 857 3609 Thomae
905 3555 1221 3608 Nadasdi
1268 3559 1581 3624 Hungariae
1626 3558 1886 3622 Palatini,
1935 3559 2279 3624 Tipographo
2327 3559 2620 3608 Benedicto
2673 3555 2878 3620 Abadi,
2938 3559 3058 3607 viro

561 3646 718 3696 docto
764 3651 817 3695 et
853 3645 1163 3695 academica
1205 3647 1632 3710 peregrinatione
1671 3644 1865 3695 illustri
1901 3661 2056 3707 usus,
2106 3645 2308 3710 publici
2357 3647 2486 3696 iuris
2523 3646 2696 3695 fecit.“
2759 3645 2850 3695 Fr.
2892 3643 3060 3710 Sigis-

561 3731 789 3782 mundus
819 3733 1197 3794 Ferrarius,
1236 3732 1299 3780 de
1328 3731 1489 3780 rebus
1514 3732 1859 3797 Hungaricae
1884 3732 2204 3782 Provinciae
2229 3731 2357 3781 Ord.
2380 3732 2834 3782 Praedicatorum.
2859 3733 3060 3782 Vienn-

564 3820 714 3869 1637.
764 3823 943 3870 autem
988 3836 1039 3884 p.
1077 3821 1195 3868 411.
1244 3821 1500 3868 testatur:
1558 3818 1680 3879 „Fr.
1729 3819 1969 3868 Joannes
2019 3819 2309 3884 Hungarus
2362 3818 2891 3884 claudiopolitanus,
2943 3821 3058 3868 sive

562 3905 1017 3968 colusvariensis,
1065 3905 1259 3954 virtute
1298 3910 1350 3954 et
1387 3904 1629 3954 doctrina
1664 3907 1916 3970 insignis,
1965 3920 1999 3954 a
2035 3906 2132 3955 Pio
2171 3906 2261 3955 IV.
2299 3905 2352 3956 S.
2391 3907 2450 3956 P.
2487 3907 2792 3971 Episcopus
2839 3906 3055 3956 Chana-

500 3984 508 3996 '
562 3992 762 4042 diensis
800 3998 1011 4043 creatus
1049 3997 1147 4042 est.
1207 3991 1455 4042 Interfuit
1489 3992 1798 4042 Tridentino
1838 3991 2100 4055 concili0,
2143 3994 2198 4042 in
2237 4009 2343 4058 quo
2383 3994 2541 4043 etiam
2581 3993 2721 4042 diem
2758 3997 3058 4043 extremum

561 4079 756 4129 clausit
791 4094 839 4128 a.
879 4080 937 4128 c.
966 4081 1115 4129 1562.
1154 4080 1237 4129 24.
1269 4080 1438 4128 Nov.“
1489 4079 1702 4129 Revera
1737 4080 1794 4128 in
1829 4081 1968 4128 serie
2004 4082 2376 4145 episcoporum
2413 4077 2860 4130 csanadiensium
2899 4096 3054 4146 repe-

560 4167 695 4216 ritur
743 4181 791 4215 a.
843 4167 993 4215 1561.
1044 4169 1092 4215 2.
1163 4166 1353 4217 Frater
1405 4165 1647 4215 Joannes
1697 4166 1844 4215 VIII.
1899 4166 2082 4217 Abbas
2140 4167 2766 4231 colosmonosteriensis3
2825 4167 2893 4216 de
2949 4182 3058 4232 quo

563 4251 628 4302 G.
663 4252 857 4317 Pray,
896 4251 1120 4315 Specim.
1158 4252 1367 4302 Hierar.
1405 4253 1585 4318 Hung.
1615 4254 1766 4303 1776.
1805 4253 1845 4316 1,
1881 4255 1999 4304 301.
2039 4258 2290 4304 annotatt
2331 4253 2791 4320 „cognomentum
2827 4255 3056 4304 Kelos-

563 4354 718 4404 vary
753 4339 1103 4404 probabiliter
1144 4337 1197 4406 [‘?
1234 4343 1288 4388 et
1324 4355 1419 4388 cur
1456 4355 1564 4389 non
1601 4354 1633 4387 a
1657 4338 1777 4389 loco
1803 4338 2008 4406 natali.]
2049 4340 2170 4390 ideo
2209 4340 2288 4389 illi
2325 4340 2645 4404 adhaeserit,
2687 4341 2833 4406 quod
2869 4341 3056 4392 Abbas

564 4426 784 4477 claustri
829 4426 1271 4476 Monostoriensis
1326 4431 1486 4476 esset.
1558 4427 1754 4476 Missus
1805 4431 1887 4475 est
1935 4431 2115 4476 orator
2162 4429 2374 4476 nomine
2425 4426 2570 4476 cleri
2617 4427 2936 4494 Hungariae
2989 4428 3058 4478 ad

565 4511 861 4562 concilium
899 4511 1283 4574 Tridentinum,
1320 4513 1413 4562 ubi
1451 4515 1499 4562 6.
1535 4512 1734 4577 Aprilis
1770 4512 2024 4562 mandata
2059 4513 2426 4564 Praelatorum
2471 4519 2524 4563 et
2561 4513 2706 4564 cleri
2740 4515 3055 4580 Hungariae

563 4599 811 4650 Patribus
848 4598 1085 4650 collectis
1120 4600 1379 4666 exposuit,
1416 4604 1477 4649 ut
1510 4599 1674 4650 habet
1711 4599 2036 4664 Servantius,
2073 4601 2132 4651 in
2155 4599 2326 4652 diario
2357 4615 2452 4652 ms.
2481 4601 2644 4654 Cone.
2671 4601 2818 4653 Trid.
2847 4618 2900 4670 p.
2927 4603 3040 4656 62.“
