<?xml version="1.0" encoding="UTF-8"?>
<!DOCTYPE html PUBLIC "-//W3C//DTD XHTML 1.0 Transitional//EN"
    "http://www.w3.org/TR/xhtml1/DTD/xhtml1-transitional.dtd">
<html xmlns="http://www.w3.org/1999/xhtml" xml:lang="en" lang="en">
 <head>
  <title>
</title>
<meta http-equiv="Content-Type" content="text/html;charset=utf-8" />
  <meta name='ocr-system' content='tesseract 3.04.00' />
  <meta name='ocr-capabilities' content='ocr_page ocr_carea ocr_par ocr_line ocrx_word'/>
</head>
<body>
  <div class='ocr_page' id='page_1' title='image "./historiarevelat02dankgoog_0042.png"; bbox 0 0 3309 5300; ppageno 0'>
   <div class='ocr_carea' id='block_1_1' title="bbox 596 379 2392 444">
    <p class='ocr_par' dir='ltr' id='par_1_1' title="bbox 596 379 2392 444">
     <span class='ocr_line' id='line_1_1' title="bbox 596 379 2392 444; baseline -0.001 -10"><span class='ocrx_word' id='word_1_1' title='bbox 596 379 681 443; x_wconf 81' lang='grc'><strong>20</strong></span> <span class='ocrx_word' id='word_1_2' title='bbox 1278 393 1523 434; x_wconf 75' lang='lat' dir='ltr'><strong>Commeat.</strong></span> <span class='ocrx_word' id='word_1_3' title='bbox 1553 392 1607 433; x_wconf 88' lang='lat' dir='ltr'><strong>de</strong></span> <span class='ocrx_word' id='word_1_4' title='bbox 1633 394 1679 433; x_wconf 85' lang='lat' dir='ltr'><strong>S.</strong></span> <span class='ocrx_word' id='word_1_5' title='bbox 1702 393 1912 443; x_wconf 74' lang='lat' dir='ltr'><strong>scriptur.</strong></span> <span class='ocrx_word' id='word_1_6' title='bbox 1942 405 2035 444; x_wconf 76' lang='lat' dir='ltr'><strong>cap.</strong></span> <span class='ocrx_word' id='word_1_7' title='bbox 2066 393 2189 444; x_wconf 81' lang='lat' dir='ltr'><strong>prim.</strong></span> <span class='ocrx_word' id='word_1_8' title='bbox 2220 394 2330 435; x_wconf 80' lang='lat' dir='ltr'><strong>sect.</strong></span> <span class='ocrx_word' id='word_1_9' title='bbox 2358 394 2392 434; x_wconf 93' lang='lat'><strong>1.</strong></span> 
     </span>
    </p>
   </div>
   <div class='ocr_carea' id='block_1_2' title="bbox 594 566 3078 633">
    <p class='ocr_par' dir='ltr' id='par_1_2' title="bbox 594 566 3078 633">
     <span class='ocr_line' id='line_1_2' title="bbox 594 566 3078 633; baseline 0.002 -18"><span class='ocrx_word' id='word_1_10' title='bbox 594 567 912 617; x_wconf 83' lang='lat' dir='ltr'><strong>Provinciae</strong></span> <span class='ocrx_word' id='word_1_11' title='bbox 936 566 1250 616; x_wconf 84' lang='lat' dir='ltr'><strong>Austriacae</strong></span> <span class='ocrx_word' id='word_1_12' title='bbox 1278 566 1397 617; x_wconf 86' lang='lat' dir='ltr'><strong>Soc.</strong></span> <span class='ocrx_word' id='word_1_13' title='bbox 1424 568 1460 616; x_wconf 88' lang='lat' dir='ltr'>J</span> <span class='ocrx_word' id='word_1_14' title='bbox 1463 583 1575 617; x_wconf 90' lang='lat' dir='ltr'><strong>esu.</strong></span> <span class='ocrx_word' id='word_1_15' title='bbox 1596 569 1787 617; x_wconf 88' lang='lat' dir='ltr'><strong>Vienn.</strong></span> <span class='ocrx_word' id='word_1_16' title='bbox 1811 571 1960 619; x_wconf 84' lang='lat'><strong>1856.</strong></span> <span class='ocrx_word' id='word_1_17' title='bbox 1985 585 2038 633; x_wconf 89' lang='lat' dir='ltr'><strong>p.</strong></span> <span class='ocrx_word' id='word_1_18' title='bbox 2064 570 2179 618; x_wconf 84' lang='lat'><strong>182.</strong></span> <span class='ocrx_word' id='word_1_19' title='bbox 2201 596 2261 605; x_wconf 86' lang='lat'><strong>—-·</strong></span> <span class='ocrx_word' id='word_1_20' title='bbox 2284 568 2591 618; x_wconf 74' lang='lat' dir='ltr'><strong>Auctoritas</strong></span> <span class='ocrx_word' id='word_1_21' title='bbox 2617 569 2910 633; x_wconf 79' lang='lat' dir='ltr'><strong>Utriusque</strong></span> <span class='ocrx_word' id='word_1_22' title='bbox 2933 570 3078 620; x_wconf 89' lang='lat' dir='ltr'><strong>Libri</strong></span> 
     </span>
    </p>
   </div>
   <div class='ocr_carea' id='block_1_3' title="bbox 493 653 3077 719">
    <p class='ocr_par' dir='ltr' id='par_1_3' title="bbox 493 653 3077 719">
     <span class='ocr_line' id='line_1_3' title="bbox 493 653 3077 719; baseline 0.001 -18"><span class='ocrx_word' id='word_1_23' title='bbox 493 679 502 695; x_wconf 64' lang='grc' dir='ltr'>ι</span> <span class='ocrx_word' id='word_1_24' title='bbox 593 653 840 702; x_wconf 84' lang='lat' dir='ltr'><strong>Machab.</strong></span> <span class='ocrx_word' id='word_1_25' title='bbox 880 668 1068 702; x_wconf 88' lang='lat' dir='ltr'><strong>canon.</strong></span> <span class='ocrx_word' id='word_1_26' title='bbox 1107 653 1227 703; x_wconf 88' lang='lat' dir='ltr'><strong>hist.</strong></span> <span class='ocrx_word' id='word_1_27' title='bbox 1265 653 1495 704; x_wconf 88' lang='lat' dir='ltr'><strong>adserta.</strong></span> <span class='ocrx_word' id='word_1_28' title='bbox 1541 656 1799 704; x_wconf 82' lang='lat' dir='ltr'><strong>Viennae.</strong></span> <span class='ocrx_word' id='word_1_29' title='bbox 1840 657 1990 704; x_wconf 81' lang='grc'><strong>1749.</strong></span> <span class='ocrx_word' id='word_1_30' title='bbox 2027 671 2079 719; x_wconf 90' lang='lat' dir='ltr'><strong>p.</strong></span> <span class='ocrx_word' id='word_1_31' title='bbox 2114 655 2199 704; x_wconf 85' lang='lat'><strong>48.</strong></span> <span class='ocrx_word' id='word_1_32' title='bbox 2233 671 2276 705; x_wconf 92' lang='lat' dir='ltr'><strong>s.</strong></span> <span class='ocrx_word' id='word_1_33' title='bbox 2316 659 2368 704; x_wconf 88' lang='lat' dir='ltr'><strong>et</strong></span> <span class='ocrx_word' id='word_1_34' title='bbox 2402 654 2465 704; x_wconf 84' lang='lat' dir='ltr'><strong>A.</strong></span> <span class='ocrx_word' id='word_1_35' title='bbox 2501 655 2865 717; x_wconf 85' lang='lat' dir='ltr'><strong>Vincenzi‚</strong></span> <span class='ocrx_word' id='word_1_36' title='bbox 2904 654 3077 705; x_wconf 81' lang='lat' dir='ltr'><strong>Sessio</strong></span> 
     </span>
    </p>
   </div>
   <div class='ocr_carea' id='block_1_4' title="bbox 579 740 3077 3498">
    <p class='ocr_par' dir='ltr' id='par_1_4' title="bbox 579 740 3077 3498">
     <span class='ocr_line' id='line_1_4' title="bbox 593 740 3075 807; baseline 0.001 -18"><span class='ocrx_word' id='word_1_37' title='bbox 593 745 787 804; x_wconf 87' lang='lat' dir='ltr'><strong>quarta</strong></span> <span class='ocrx_word' id='word_1_38' title='bbox 823 740 1050 789; x_wconf 89' lang='lat' dir='ltr'><strong>Concilii</strong></span> <span class='ocrx_word' id='word_1_39' title='bbox 1084 740 1229 789; x_wconf 85' lang='lat' dir='ltr'><strong>Trid.</strong></span> <span class='ocrx_word' id='word_1_40' title='bbox 1255 740 1400 789; x_wconf 83' lang='lat' dir='ltr'><strong>vind.</strong></span> <span class='ocrx_word' id='word_1_41' title='bbox 1437 741 1588 790; x_wconf 88' lang='lat' dir='ltr'><strong>Rom.</strong></span> <span class='ocrx_word' id='word_1_42' title='bbox 1618 743 1770 791; x_wconf 81' lang='grc'><strong>1844.</strong></span> <span class='ocrx_word' id='word_1_43' title='bbox 1806 742 1878 803; x_wconf 83' lang='grc' dir='ltr'><strong>ΙΙ,</strong></span> <span class='ocrx_word' id='word_1_44' title='bbox 1904 743 1953 791; x_wconf 87' lang='lat'><strong>8.</strong></span> <span class='ocrx_word' id='word_1_45' title='bbox 1980 758 2051 805; x_wconf 84' lang='lat' dir='ltr'><strong>s.;</strong></span> <span class='ocrx_word' id='word_1_46' title='bbox 2088 757 2313 806; x_wconf 87' lang='lat' dir='ltr'><strong>quorum</strong></span> <span class='ocrx_word' id='word_1_47' title='bbox 2350 746 2678 807; x_wconf 85' lang='lat' dir='ltr'><strong>argumenta,</strong></span> <span class='ocrx_word' id='word_1_48' title='bbox 2716 742 2914 792; x_wconf 88' lang='lat' dir='ltr'><strong>nostris</strong></span> <span class='ocrx_word' id='word_1_49' title='bbox 2948 756 3075 806; x_wconf 86' lang='lat' dir='ltr'><strong>pau-</strong></span> 
     </span>
     <span class='ocr_line' id='line_1_5' title="bbox 591 826 3076 893; baseline 0 -17"><span class='ocrx_word' id='word_1_50' title='bbox 591 826 754 892; x_wconf 87' lang='lat' dir='ltr'><strong>lisper</strong></span> <span class='ocrx_word' id='word_1_51' title='bbox 778 832 954 888; x_wconf 89' lang='lat' dir='ltr'><strong>aucta,</strong></span> <span class='ocrx_word' id='word_1_52' title='bbox 979 827 1061 876; x_wconf 89' lang='lat' dir='ltr'><strong>his</strong></span> <span class='ocrx_word' id='word_1_53' title='bbox 1086 827 1448 891; x_wconf 84' lang='lat' dir='ltr'><strong>produximus.</strong></span> <span class='ocrx_word' id='word_1_54' title='bbox 1486 829 1735 893; x_wconf 89' lang='lat' dir='ltr'><strong>Denique</strong></span> <span class='ocrx_word' id='word_1_55' title='bbox 1760 844 1887 878; x_wconf 91' lang='lat' dir='ltr'><strong>vero</strong></span> <span class='ocrx_word' id='word_1_56' title='bbox 1916 828 1967 877; x_wconf 87' lang='lat' dir='ltr'><strong>k.</strong></span> <span class='ocrx_word' id='word_1_57' title='bbox 1994 829 2038 876; x_wconf 88' lang='lat' dir='ltr'><strong>si</strong></span> <span class='ocrx_word' id='word_1_58' title='bbox 2064 828 2149 877; x_wconf 87' lang='lat' dir='ltr'><strong>vel</strong></span> <span class='ocrx_word' id='word_1_59' title='bbox 2172 833 2289 879; x_wconf 86' lang='lat' dir='ltr'><strong>tota</strong></span> <span class='ocrx_word' id='word_1_60' title='bbox 2310 828 2407 877; x_wconf 89' lang='lat' dir='ltr'><strong>illa</strong></span> <span class='ocrx_word' id='word_1_61' title='bbox 2436 829 2829 893; x_wconf 82' lang='lat' dir='ltr'><strong>argumentatio</strong></span> <span class='ocrx_word' id='word_1_62' title='bbox 2852 828 3076 893; x_wconf 82' lang='lat' dir='ltr'><strong>Josephi</strong></span> 
     </span>
     <span class='ocr_line' id='line_1_6' title="bbox 593 913 3077 975; baseline 0.002 -14"><span class='ocrx_word' id='word_1_63' title='bbox 593 913 812 975; x_wconf 83' lang='lat' dir='ltr'><strong>valeret,</strong></span> <span class='ocrx_word' id='word_1_64' title='bbox 850 914 1062 961; x_wconf 89' lang='lat' dir='ltr'><strong>minime</strong></span> <span class='ocrx_word' id='word_1_65' title='bbox 1099 918 1280 963; x_wconf 88' lang='lat' dir='ltr'><strong>tamen</strong></span> <span class='ocrx_word' id='word_1_66' title='bbox 1317 916 1638 965; x_wconf 85' lang='lat' dir='ltr'><strong>sententiam</strong></span> <span class='ocrx_word' id='word_1_67' title='bbox 1675 915 2046 965; x_wconf 82' lang='lat' dir='ltr'><strong>Hebraeorum</strong></span> <span class='ocrx_word' id='word_1_68' title='bbox 2081 915 2184 964; x_wconf 86' lang='lat' dir='ltr'><strong>sibi</strong></span> <span class='ocrx_word' id='word_1_69' title='bbox 2221 930 2542 966; x_wconf 85' lang='lat' dir='ltr'><strong>coaevorum</strong></span> <span class='ocrx_word' id='word_1_70' title='bbox 2576 916 2814 965; x_wconf 81' lang='lat' dir='ltr'><strong>referret.</strong></span> <span class='ocrx_word' id='word_1_71' title='bbox 2867 915 3077 965; x_wconf 86' lang='lat' dir='ltr'><strong>Etenim</strong></span> 
     </span>
     <span class='ocr_line' id='line_1_7' title="bbox 591 1000 3075 1067; baseline 0.001 -18"><span class='ocrx_word' id='word_1_72' title='bbox 591 1000 870 1049; x_wconf 86' lang='lat' dir='ltr'><strong>notissima</strong></span> <span class='ocrx_word' id='word_1_73' title='bbox 905 1016 989 1049; x_wconf 86' lang='lat' dir='ltr'><strong>res</strong></span> <span class='ocrx_word' id='word_1_74' title='bbox 1029 1006 1134 1063; x_wconf 78' lang='lat' dir='ltr'><strong>est,</strong></span> <span class='ocrx_word' id='word_1_75' title='bbox 1172 1000 1485 1065; x_wconf 87' lang='lat' dir='ltr'><strong>Josephum‚</strong></span> <span class='ocrx_word' id='word_1_76' title='bbox 1513 1001 1958 1067; x_wconf 83' lang='lat' dir='ltr'><strong>quemadmodum</strong></span> <span class='ocrx_word' id='word_1_77' title='bbox 1993 1003 2051 1050; x_wconf 91' lang='lat' dir='ltr'><strong>in</strong></span> <span class='ocrx_word' id='word_1_78' title='bbox 2087 1017 2189 1051; x_wconf 88' lang='lat' dir='ltr'><strong>sua</strong></span> <span class='ocrx_word' id='word_1_79' title='bbox 2221 1003 2334 1051; x_wconf 87' lang='lat' dir='ltr'><strong>vita</strong></span> <span class='ocrx_word' id='word_1_80' title='bbox 2368 1007 2551 1051; x_wconf 90' lang='lat' dir='ltr'><strong>narrat</strong></span> <span class='ocrx_word' id='word_1_81' title='bbox 2575 1019 2627 1051; x_wconf 93' lang='lat' dir='ltr'><strong>n.</strong></span> <span class='ocrx_word' id='word_1_82' title='bbox 2654 1004 2701 1050; x_wconf 88' lang='grc'><strong>2.</strong></span> <span class='ocrx_word' id='word_1_83' title='bbox 2726 1002 2798 1063; x_wconf 93' lang='lat'><strong>11,</strong></span> <span class='ocrx_word' id='word_1_84' title='bbox 2826 1004 2877 1051; x_wconf 88' lang='grc'><strong>2.</strong></span> <span class='ocrx_word' id='word_1_85' title='bbox 2903 1007 3075 1052; x_wconf 84' lang='lat' dir='ltr'><strong>sectae</strong></span> 
     </span>
     <span class='ocr_line' id='line_1_8' title="bbox 591 1086 3076 1153; baseline 0.001 -18"><span class='ocrx_word' id='word_1_86' title='bbox 591 1086 1096 1137; x_wconf 78' lang='lat' dir='ltr'><strong>Pharisaeorum</strong></span> <span class='ocrx_word' id='word_1_87' title='bbox 1143 1095 1197 1137; x_wconf 89' lang='lat' dir='ltr'><strong>et</strong></span> <span class='ocrx_word' id='word_1_88' title='bbox 1241 1087 1452 1153; x_wconf 88' lang='lat' dir='ltr'><strong>placitis</strong></span> <span class='ocrx_word' id='word_1_89' title='bbox 1489 1088 1759 1137; x_wconf 88' lang='lat' dir='ltr'><strong>addictum</strong></span> <span class='ocrx_word' id='word_1_90' title='bbox 1794 1089 1976 1139; x_wconf 84' lang='lat' dir='ltr'><strong>fuisse.</strong></span> <span class='ocrx_word' id='word_1_91' title='bbox 2034 1089 2097 1137; x_wconf 89' lang='lat' dir='ltr'><strong>V.</strong></span> <span class='ocrx_word' id='word_1_92' title='bbox 2134 1090 2204 1137; x_wconf 89' lang='lat' dir='ltr'><strong>H.</strong></span> <span class='ocrx_word' id='word_1_93' title='bbox 2242 1089 2463 1149; x_wconf 87' lang='lat' dir='ltr'><strong>Paret,</strong></span> <span class='ocrx_word' id='word_1_94' title='bbox 2510 1093 2563 1138; x_wconf 81' lang='lat' dir='ltr'><strong>ii.</strong></span> <span class='ocrx_word' id='word_1_95' title='bbox 2602 1089 2651 1138; x_wconf 89' lang='lat' dir='ltr'><strong>d.</strong></span> <span class='ocrx_word' id='word_1_96' title='bbox 2688 1087 3076 1138; x_wconf 65' lang='lat' dir='ltr'><strong>Pharisaismus</strong></span> 
     </span>
     <span class='ocr_line' id='line_1_9' title="bbox 591 1173 3075 1241; baseline 0.001 -19"><span class='ocrx_word' id='word_1_97' title='bbox 591 1174 685 1223; x_wconf 91' lang='lat' dir='ltr'><strong>des</strong></span> <span class='ocrx_word' id='word_1_98' title='bbox 721 1174 1010 1239; x_wconf 83' lang='lat' dir='ltr'><strong>Josephus,</strong></span> <span class='ocrx_word' id='word_1_99' title='bbox 1045 1176 1101 1223; x_wconf 89' lang='lat' dir='ltr'><strong>in</strong></span> <span class='ocrx_word' id='word_1_100' title='bbox 1137 1190 1261 1223; x_wconf 88' lang='lat' dir='ltr'><strong>ann.</strong></span> <span class='ocrx_word' id='word_1_101' title='bbox 1313 1174 1461 1223; x_wconf 85' lang='lat' dir='ltr'><strong>Stud.</strong></span> <span class='ocrx_word' id='word_1_102' title='bbox 1501 1192 1552 1224; x_wconf 93' lang='lat' dir='ltr'><strong>u.</strong></span> <span class='ocrx_word' id='word_1_103' title='bbox 1591 1175 1723 1224; x_wconf 89' lang='lat' dir='ltr'><strong>Krit.</strong></span> <span class='ocrx_word' id='word_1_104' title='bbox 1761 1177 1909 1225; x_wconf 86' lang='grc'><strong>1856.</strong></span> <span class='ocrx_word' id='word_1_105' title='bbox 1946 1191 1998 1240; x_wconf 90' lang='lat' dir='ltr'><strong>p.</strong></span> <span class='ocrx_word' id='word_1_106' title='bbox 2024 1176 2143 1225; x_wconf 83' lang='lat'><strong>809.</strong></span> <span class='ocrx_word' id='word_1_107' title='bbox 2169 1192 2211 1225; x_wconf 91' lang='lat' dir='ltr'><strong>s.</strong></span> <span class='ocrx_word' id='word_1_108' title='bbox 2261 1175 2312 1224; x_wconf 84' lang='lat' dir='ltr'><strong>J.</strong></span> <span class='ocrx_word' id='word_1_109' title='bbox 2338 1175 2579 1240; x_wconf 83' lang='lat' dir='ltr'><strong>Langen,</strong></span> <span class='ocrx_word' id='word_1_110' title='bbox 2618 1175 2713 1223; x_wconf 89' lang='lat' dir='ltr'><strong>der</strong></span> <span class='ocrx_word' id='word_1_111' title='bbox 2746 1174 2819 1224; x_wconf 89' lang='lat' dir='ltr'><strong>th.</strong></span> <span class='ocrx_word' id='word_1_112' title='bbox 2856 1173 3075 1241; x_wconf 85' lang='lat' dir='ltr'><strong>Standp.</strong></span> 
     </span>
     <span class='ocr_line' id='line_1_10' title="bbox 591 1259 3075 1326; baseline 0.001 -18"><span class='ocrx_word' id='word_1_113' title='bbox 591 1259 641 1309; x_wconf 89' lang='lat' dir='ltr'><strong>d.</strong></span> <span class='ocrx_word' id='word_1_114' title='bbox 677 1260 916 1323; x_wconf 86' lang='lat' dir='ltr'><strong>Flavius,</strong></span> <span class='ocrx_word' id='word_1_115' title='bbox 953 1262 1010 1309; x_wconf 91' lang='lat' dir='ltr'><strong>in</strong></span> <span class='ocrx_word' id='word_1_116' title='bbox 1048 1276 1169 1310; x_wconf 89' lang='lat' dir='ltr'><strong>ann.</strong></span> <span class='ocrx_word' id='word_1_117' title='bbox 1208 1263 1344 1311; x_wconf 84' lang='lat' dir='ltr'><strong>Tiib.</strong></span> <span class='ocrx_word' id='word_1_118' title='bbox 1382 1261 1745 1322; x_wconf 77' lang='lat' dir='ltr'><strong>Quartalschr.</strong></span> <span class='ocrx_word' id='word_1_119' title='bbox 1787 1263 1938 1311; x_wconf 81' lang='lat'><strong>1865.</strong></span> <span class='ocrx_word' id='word_1_120' title='bbox 1975 1278 2027 1326; x_wconf 90' lang='lat' dir='ltr'><strong>p.</strong></span> <span class='ocrx_word' id='word_1_121' title='bbox 2069 1265 2115 1311; x_wconf 91' lang='lat'><strong>1.</strong></span> <span class='ocrx_word' id='word_1_122' title='bbox 2150 1278 2192 1311; x_wconf 88' lang='lat' dir='ltr'><strong>s.</strong></span> <span class='ocrx_word' id='word_1_123' title='bbox 2240 1262 2365 1311; x_wconf 83' lang='lat' dir='ltr'><strong>Jam</strong></span> <span class='ocrx_word' id='word_1_124' title='bbox 2400 1277 2527 1311; x_wconf 83' lang='lat' dir='ltr'><strong>vero</strong></span> <span class='ocrx_word' id='word_1_125' title='bbox 2563 1261 2859 1322; x_wconf 84' lang='lat' dir='ltr'><strong>Pharisaei,</strong></span> <span class='ocrx_word' id='word_1_126' title='bbox 2898 1263 2989 1325; x_wconf 91' lang='lat' dir='ltr'><strong>qui</strong></span> <span class='ocrx_word' id='word_1_127' title='bbox 3023 1264 3075 1311; x_wconf 93' lang='lat' dir='ltr'><strong>in</strong></span> 
     </span>
     <span class='ocr_line' id='line_1_11' title="bbox 591 1347 3072 1413; baseline 0.002 -18"><span class='ocrx_word' id='word_1_128' title='bbox 591 1352 846 1397; x_wconf 85' lang='lat' dir='ltr'><strong>accurata</strong></span> <span class='ocrx_word' id='word_1_129' title='bbox 891 1347 1070 1412; x_wconf 86' lang='lat' dir='ltr'><strong>legum</strong></span> <span class='ocrx_word' id='word_1_130' title='bbox 1110 1350 1404 1413; x_wconf 89' lang='lat' dir='ltr'><strong>patriarum</strong></span> <span class='ocrx_word' id='word_1_131' title='bbox 1448 1350 1675 1397; x_wconf 86' lang='lat' dir='ltr'><strong>scientia</strong></span> <span class='ocrx_word' id='word_1_132' title='bbox 1712 1354 1765 1399; x_wconf 92' lang='lat' dir='ltr'><strong>et</strong></span> <span class='ocrx_word' id='word_1_133' title='bbox 1800 1347 2047 1399; x_wconf 86' lang='lat' dir='ltr'><strong>custodia</strong></span> <span class='ocrx_word' id='word_1_134' title='bbox 2090 1350 2230 1397; x_wconf 90' lang='lat' dir='ltr'><strong>inter</strong></span> <span class='ocrx_word' id='word_1_135' title='bbox 2264 1348 2399 1397; x_wconf 87' lang='lat' dir='ltr'><strong>alios</strong></span> <span class='ocrx_word' id='word_1_136' title='bbox 2436 1348 2755 1398; x_wconf 79' lang='lat' dir='ltr'><strong>videbantur</strong></span> <span class='ocrx_word' id='word_1_137' title='bbox 2801 1348 3072 1411; x_wconf 87' lang='lat' dir='ltr'><strong>excellere,</strong></span> 
     </span>
     <span class='ocr_line' id='line_1_12' title="bbox 589 1433 3074 1499; baseline 0.002 -18"><span class='ocrx_word' id='word_1_138' title='bbox 589 1433 693 1482; x_wconf 92' lang='lat' dir='ltr'><strong>hoc</strong></span> <span class='ocrx_word' id='word_1_139' title='bbox 737 1450 950 1499; x_wconf 88' lang='lat' dir='ltr'><strong>quoque</strong></span> <span class='ocrx_word' id='word_1_140' title='bbox 985 1434 1126 1482; x_wconf 88' lang='lat' dir='ltr'><strong>inter</strong></span> <span class='ocrx_word' id='word_1_141' title='bbox 1163 1434 1356 1484; x_wconf 78' lang='lat' dir='ltr'><strong>Sacra-s</strong></span> <span class='ocrx_word' id='word_1_142' title='bbox 1395 1434 1698 1499; x_wconf 84' lang='lat' dir='ltr'><strong>Scripturas</strong></span> <span class='ocrx_word' id='word_1_143' title='bbox 1745 1436 2029 1485; x_wconf 86' lang='lat' dir='ltr'><strong>discrimen</strong></span> <span class='ocrx_word' id='word_1_144' title='bbox 2074 1436 2359 1484; x_wconf 85' lang='lat' dir='ltr'><strong>commenti</strong></span> <span class='ocrx_word' id='word_1_145' title='bbox 2406 1439 2546 1483; x_wconf 88' lang='lat' dir='ltr'><strong>sunt.</strong></span> <span class='ocrx_word' id='word_1_146' title='bbox 2592 1436 2715 1484; x_wconf 87' lang='lat' dir='ltr'><strong>Non</strong></span> <span class='ocrx_word' id='word_1_147' title='bbox 2752 1450 2879 1499; x_wconf 89' lang='lat' dir='ltr'><strong>ergo</strong></span> <span class='ocrx_word' id='word_1_148' title='bbox 2916 1437 3074 1487; x_wconf 88' lang='lat' dir='ltr'><strong>totius</strong></span> 
     </span>
     <span class='ocr_line' id='line_1_13' title="bbox 589 1520 3074 1587; baseline 0.001 -18"><span class='ocrx_word' id='word_1_149' title='bbox 589 1525 644 1569; x_wconf 91' lang='lat' dir='ltr'><strong>et</strong></span> <span class='ocrx_word' id='word_1_150' title='bbox 679 1522 916 1569; x_wconf 75' lang='lat' dir='ltr'><strong>universi</strong></span> <span class='ocrx_word' id='word_1_151' title='bbox 950 1520 1136 1585; x_wconf 86' lang='lat' dir='ltr'><strong>populi</strong></span> <span class='ocrx_word' id='word_1_152' title='bbox 1173 1521 1545 1571; x_wconf 87' lang='lat' dir='ltr'><strong>Hebraeorum</strong></span> <span class='ocrx_word' id='word_1_153' title='bbox 1583 1524 1667 1575; x_wconf 87' lang='lat' dir='ltr'><strong>sui</strong></span> <span class='ocrx_word' id='word_1_154' title='bbox 1703 1523 1955 1587; x_wconf 87' lang='lat' dir='ltr'><strong>temporis</strong></span> <span class='ocrx_word' id='word_1_155' title='bbox 2002 1522 2164 1571; x_wconf 85' lang='lat' dir='ltr'><strong>refert</strong></span> <span class='ocrx_word' id='word_1_156' title='bbox 2199 1521 2517 1584; x_wconf 71' lang='lat' dir='ltr'><strong>doctrinam,</strong></span> <span class='ocrx_word' id='word_1_157' title='bbox 2566 1521 2661 1571; x_wconf 90' lang='lat' dir='ltr'><strong>sed</strong></span> <span class='ocrx_word' id='word_1_158' title='bbox 2696 1525 2901 1570; x_wconf 89' lang='lat' dir='ltr'><strong>tantum</strong></span> <span class='ocrx_word' id='word_1_159' title='bbox 2950 1537 3074 1572; x_wconf 87' lang='lat' dir='ltr'><strong>suae</strong></span> 
     </span>
     <span class='ocr_line' id='line_1_14' title="bbox 589 1607 3073 1673; baseline 0.002 -18"><span class='ocrx_word' id='word_1_160' title='bbox 589 1608 855 1656; x_wconf 84' lang='lat' dir='ltr'><strong>factionis.</strong></span> <span class='ocrx_word' id='word_1_161' title='bbox 915 1607 1069 1656; x_wconf 88' lang='lat' dir='ltr'><strong>Haec</strong></span> <span class='ocrx_word' id='word_1_162' title='bbox 1105 1612 1286 1657; x_wconf 89' lang='lat' dir='ltr'><strong>autem</strong></span> <span class='ocrx_word' id='word_1_163' title='bbox 1322 1609 1458 1657; x_wconf 89' lang='lat' dir='ltr'><strong>tanti</strong></span> <span class='ocrx_word' id='word_1_164' title='bbox 1494 1608 1748 1658; x_wconf 85' lang='lat' dir='ltr'><strong>facienda</strong></span> <span class='ocrx_word' id='word_1_165' title='bbox 1794 1614 1889 1670; x_wconf 86' lang='lat' dir='ltr'><strong>est,</strong></span> <span class='ocrx_word' id='word_1_166' title='bbox 1928 1609 2117 1673; x_wconf 87' lang='lat' dir='ltr'><strong>quanti</strong></span> <span class='ocrx_word' id='word_1_167' title='bbox 2152 1607 2605 1657; x_wconf 83' lang='lat' dir='ltr'><strong>Samaritanorum</strong></span> <span class='ocrx_word' id='word_1_168' title='bbox 2647 1613 2701 1657; x_wconf 90' lang='lat' dir='ltr'><strong>et</strong></span> <span class='ocrx_word' id='word_1_169' title='bbox 2737 1608 3073 1659; x_wconf 86' lang='lat' dir='ltr'><strong>Sadducaeo-</strong></span> 
     </span>
     <span class='ocr_line' id='line_1_15' title="bbox 591 1694 3073 1759; baseline 0.001 -17"><span class='ocrx_word' id='word_1_170' title='bbox 591 1710 731 1755; x_wconf 89' lang='lat' dir='ltr'><strong>rum,</strong></span> <span class='ocrx_word' id='word_1_171' title='bbox 784 1709 918 1758; x_wconf 88' lang='lat' dir='ltr'><strong>quos</strong></span> <span class='ocrx_word' id='word_1_172' title='bbox 968 1709 1140 1759; x_wconf 89' lang='lat' dir='ltr'><strong>aeque</strong></span> <span class='ocrx_word' id='word_1_173' title='bbox 1191 1694 1348 1745; x_wconf 88' lang='lat' dir='ltr'><strong>aliter</strong></span> <span class='ocrx_word' id='word_1_174' title='bbox 1396 1710 1430 1743; x_wconf 91' lang='lat' dir='ltr'><strong>a</strong></span> <span class='ocrx_word' id='word_1_175' title='bbox 1476 1710 1608 1744; x_wconf 86' lang='lat' dir='ltr'><strong>vera</strong></span> <span class='ocrx_word' id='word_1_176' title='bbox 1655 1696 1901 1744; x_wconf 88' lang='lat' dir='ltr'><strong>doctrina</strong></span> <span class='ocrx_word' id='word_1_177' title='bbox 1948 1696 2193 1744; x_wconf 86' lang='lat' dir='ltr'><strong>novimus</strong></span> <span class='ocrx_word' id='word_1_178' title='bbox 2244 1694 2311 1743; x_wconf 89' lang='lat' dir='ltr'><strong>de</strong></span> <span class='ocrx_word' id='word_1_179' title='bbox 2366 1694 2651 1759; x_wconf 86' lang='lat' dir='ltr'><strong>Scripturis</strong></span> <span class='ocrx_word' id='word_1_180' title='bbox 2700 1696 2959 1756; x_wconf 82' lang='lat' dir='ltr'><strong>sensisse,</strong></span> <span class='ocrx_word' id='word_1_181' title='bbox 3012 1695 3073 1745; x_wconf 89' lang='lat' dir='ltr'><strong>de</strong></span> 
     </span>
     <span class='ocr_line' id='line_1_16' title="bbox 589 1779 3069 1846; baseline 0.001 -17"><span class='ocrx_word' id='word_1_182' title='bbox 589 1780 774 1830; x_wconf 88' lang='lat' dir='ltr'><strong>eadem</strong></span> <span class='ocrx_word' id='word_1_183' title='bbox 811 1797 868 1829; x_wconf 88' lang='lat' dir='ltr'><strong>re</strong></span> <span class='ocrx_word' id='word_1_184' title='bbox 915 1782 1210 1831; x_wconf 88' lang='lat' dir='ltr'><strong>sententiae</strong></span> <span class='ocrx_word' id='word_1_185' title='bbox 1260 1780 1408 1830; x_wconf 87' lang='lat' dir='ltr'><strong>fiunt.</strong></span> <span class='ocrx_word' id='word_1_186' title='bbox 1469 1782 1532 1830; x_wconf 90' lang='lat' dir='ltr'><strong>V.</strong></span> <span class='ocrx_word' id='word_1_187' title='bbox 1574 1781 1636 1831; x_wconf 83' lang='lat' dir='ltr'><strong>G.</strong></span> <span class='ocrx_word' id='word_1_188' title='bbox 1678 1781 2050 1846; x_wconf 74' lang='lat' dir='ltr'><strong>GiildenapfeL</strong></span> <span class='ocrx_word' id='word_1_189' title='bbox 2100 1780 2327 1845; x_wconf 85' lang='lat' dir='ltr'><strong>Josephi</strong></span> <span class='ocrx_word' id='word_1_190' title='bbox 2374 1781 2439 1830; x_wconf 89' lang='lat' dir='ltr'><strong>de</strong></span> <span class='ocrx_word' id='word_1_191' title='bbox 2489 1780 2720 1830; x_wconf 87' lang='lat' dir='ltr'><strong>Sadduc.</strong></span> <span class='ocrx_word' id='word_1_192' title='bbox 2768 1779 2906 1830; x_wconf 86' lang='lat' dir='ltr'><strong>Can.</strong></span> <span class='ocrx_word' id='word_1_193' title='bbox 2942 1788 3069 1831; x_wconf 88' lang='lat' dir='ltr'><strong>sent.</strong></span> 
     </span>
     <span class='ocr_line' id='line_1_17' title="bbox 585 1866 3073 1933; baseline 0.001 -17"><span class='ocrx_word' id='word_1_194' title='bbox 585 1868 622 1916; x_wconf 86' lang='lat' dir='ltr'><strong>J</strong></span> <span class='ocrx_word' id='word_1_195' title='bbox 625 1883 706 1916; x_wconf 92' lang='lat' dir='ltr'><strong>en.</strong></span> <span class='ocrx_word' id='word_1_196' title='bbox 747 1869 899 1918; x_wconf 88' lang='grc'><strong>1804.</strong></span> <span class='ocrx_word' id='word_1_197' title='bbox 970 1866 1165 1932; x_wconf 90' lang='lat' dir='ltr'><strong>Opinio</strong></span> <span class='ocrx_word' id='word_1_198' title='bbox 1203 1868 1444 1932; x_wconf 86' lang='lat' dir='ltr'><strong>Josephi,</strong></span> <span class='ocrx_word' id='word_1_199' title='bbox 1482 1884 1516 1917; x_wconf 90' lang='lat' dir='ltr'><strong>a</strong></span> <span class='ocrx_word' id='word_1_200' title='bbox 1553 1873 1702 1917; x_wconf 88' lang='lat' dir='ltr'><strong>secta</strong></span> <span class='ocrx_word' id='word_1_201' title='bbox 1738 1883 1878 1933; x_wconf 88' lang='lat' dir='ltr'><strong>quae</strong></span> <span class='ocrx_word' id='word_1_202' title='bbox 1916 1883 2032 1917; x_wconf 90' lang='lat' dir='ltr'><strong>eam</strong></span> <span class='ocrx_word' id='word_1_203' title='bbox 2070 1869 2255 1933; x_wconf 87' lang='lat' dir='ltr'><strong>genuit</strong></span> <span class='ocrx_word' id='word_1_204' title='bbox 2290 1883 2399 1917; x_wconf 89' lang='lat' dir='ltr'><strong>non</strong></span> <span class='ocrx_word' id='word_1_205' title='bbox 2436 1868 2683 1933; x_wconf 89' lang='lat' dir='ltr'><strong>degener,</strong></span> <span class='ocrx_word' id='word_1_206' title='bbox 2723 1884 2788 1916; x_wconf 86' lang='lat' dir='ltr'><strong>ex</strong></span> <span class='ocrx_word' id='word_1_207' title='bbox 2826 1867 3073 1918; x_wconf 84' lang='lat' dir='ltr'><strong>affectata</strong></span> 
     </span>
     <span class='ocr_line' id='line_1_18' title="bbox 589 1953 3071 2020; baseline 0.001 -17"><span class='ocrx_word' id='word_1_208' title='bbox 589 1955 892 2003; x_wconf 87' lang='lat' dir='ltr'><strong>reverentia</strong></span> <span class='ocrx_word' id='word_1_209' title='bbox 940 1970 1068 2018; x_wconf 88' lang='lat' dir='ltr'><strong>erga</strong></span> <span class='ocrx_word' id='word_1_210' title='bbox 1105 1954 1316 2019; x_wconf 84' lang='lat' dir='ltr'><strong>Scripta</strong></span> <span class='ocrx_word' id='word_1_211' title='bbox 1352 1956 1562 2005; x_wconf 89' lang='lat' dir='ltr'><strong>Veteris</strong></span> <span class='ocrx_word' id='word_1_212' title='bbox 1609 1956 1867 2005; x_wconf 88' lang='lat' dir='ltr'><strong>Foederis</strong></span> <span class='ocrx_word' id='word_1_213' title='bbox 1903 1953 2355 2020; x_wconf 88' lang='lat' dir='ltr'><strong>proficiscebatur.</strong></span> <span class='ocrx_word' id='word_1_214' title='bbox 2416 1956 2511 2003; x_wconf 90' lang='lat' dir='ltr'><strong>Uti</strong></span> <span class='ocrx_word' id='word_1_215' title='bbox 2544 1956 2601 2003; x_wconf 93' lang='lat' dir='ltr'><strong>in</strong></span> <span class='ocrx_word' id='word_1_216' title='bbox 2636 1953 2883 2019; x_wconf 87' lang='lat' dir='ltr'><strong>pluribus</strong></span> <span class='ocrx_word' id='word_1_217' title='bbox 2919 1955 3071 2005; x_wconf 89' lang='lat' dir='ltr'><strong>rebus</strong></span> 
     </span>
     <span class='ocr_line' id='line_1_19' title="bbox 589 2040 3071 2107; baseline 0.001 -18"><span class='ocrx_word' id='word_1_218' title='bbox 589 2040 660 2089; x_wconf 89' lang='lat' dir='ltr'><strong>ad</strong></span> <span class='ocrx_word' id='word_1_219' title='bbox 707 2056 863 2091; x_wconf 85' lang='lat' dir='ltr'><strong>sacra</strong></span> <span class='ocrx_word' id='word_1_220' title='bbox 909 2042 1296 2105; x_wconf 84' lang='lat' dir='ltr'><strong>pertinentibus</strong></span> <span class='ocrx_word' id='word_1_221' title='bbox 1335 2069 1399 2077; x_wconf 86' lang='lat'><strong>--</strong></span> <span class='ocrx_word' id='word_1_222' title='bbox 1438 2059 1483 2091; x_wconf 92' lang='lat' dir='ltr'><strong>e.</strong></span> <span class='ocrx_word' id='word_1_223' title='bbox 1522 2059 1567 2091; x_wconf 92' lang='lat' dir='ltr'><strong>c.</strong></span> <span class='ocrx_word' id='word_1_224' title='bbox 1615 2044 1673 2091; x_wconf 93' lang='lat' dir='ltr'><strong>in</strong></span> <span class='ocrx_word' id='word_1_225' title='bbox 1717 2043 2003 2107; x_wconf 87' lang='lat' dir='ltr'><strong>synagogis</strong></span> <span class='ocrx_word' id='word_1_226' title='bbox 2040 2070 2107 2077; x_wconf 94' lang='lat'>—</span> <span class='ocrx_word' id='word_1_227' title='bbox 2145 2044 2223 2090; x_wconf 89' lang='lat' dir='ltr'><strong>sic</strong></span> <span class='ocrx_word' id='word_1_228' title='bbox 2271 2042 2433 2091; x_wconf 89' lang='lat' dir='ltr'><strong>etiam</strong></span> <span class='ocrx_word' id='word_1_229' title='bbox 2478 2040 2591 2103; x_wconf 84' lang='lat' dir='ltr'><strong>hic,</strong></span> <span class='ocrx_word' id='word_1_230' title='bbox 2644 2057 2711 2089; x_wconf 91' lang='lat' dir='ltr'><strong>ex</strong></span> <span class='ocrx_word' id='word_1_231' title='bbox 2758 2042 3071 2106; x_wconf 86' lang='lat' dir='ltr'><strong>antiquitate</strong></span> 
     </span>
     <span class='ocr_line' id='line_1_20' title="bbox 587 2128 3068 2194; baseline 0 -17"><span class='ocrx_word' id='word_1_232' title='bbox 587 2142 654 2177; x_wconf 86' lang='lat' dir='ltr'><strong>ea</strong></span> <span class='ocrx_word' id='word_1_233' title='bbox 690 2129 1098 2192; x_wconf 88' lang='lat' dir='ltr'><strong>arripiebantur,</strong></span> <span class='ocrx_word' id='word_1_234' title='bbox 1148 2144 1288 2193; x_wconf 88' lang='lat' dir='ltr'><strong>quae</strong></span> <span class='ocrx_word' id='word_1_235' title='bbox 1337 2130 1568 2194; x_wconf 85' lang='lat' dir='ltr'><strong>origines</strong></span> <span class='ocrx_word' id='word_1_236' title='bbox 1607 2129 1843 2179; x_wconf 87' lang='lat' dir='ltr'><strong>Canonis</strong></span> <span class='ocrx_word' id='word_1_237' title='bbox 1880 2128 2163 2177; x_wconf 86' lang='lat' dir='ltr'><strong>nobilitare</strong></span> <span class='ocrx_word' id='word_1_238' title='bbox 2200 2144 2360 2193; x_wconf 88' lang='lat' dir='ltr'><strong>posse</strong></span> <span class='ocrx_word' id='word_1_239' title='bbox 2396 2128 2504 2175; x_wconf 88' lang='lat' dir='ltr'><strong>illis</strong></span> <span class='ocrx_word' id='word_1_240' title='bbox 2541 2128 2879 2179; x_wconf 88' lang='lat' dir='ltr'><strong>videbantur.</strong></span> <span class='ocrx_word' id='word_1_241' title='bbox 2934 2129 3068 2189; x_wconf 80' lang='lat' dir='ltr'><strong>Quo-</strong></span> 
     </span>
     <span class='ocr_line' id='line_1_21' title="bbox 584 2214 3069 2280; baseline 0.001 -17"><span class='ocrx_word' id='word_1_242' title='bbox 584 2215 959 2280; x_wconf 89' lang='lat' dir='ltr'><strong>modocunque</strong></span> <span class='ocrx_word' id='word_1_243' title='bbox 997 2220 1174 2264; x_wconf 88' lang='lat' dir='ltr'><strong>autem</strong></span> <span class='ocrx_word' id='word_1_244' title='bbox 1212 2218 1572 2265; x_wconf 86' lang='lat' dir='ltr'><strong>examinemus</strong></span> <span class='ocrx_word' id='word_1_245' title='bbox 1609 2215 1969 2265; x_wconf 89' lang='lat' dir='ltr'><strong>conditionem</strong></span> <span class='ocrx_word' id='word_1_246' title='bbox 1994 2214 2119 2264; x_wconf 87' lang='lat' dir='ltr'><strong>fidei</strong></span> <span class='ocrx_word' id='word_1_247' title='bbox 2148 2220 2201 2263; x_wconf 91' lang='lat' dir='ltr'><strong>et</strong></span> <span class='ocrx_word' id='word_1_248' title='bbox 2234 2231 2437 2264; x_wconf 90' lang='lat' dir='ltr'><strong>morum</strong></span> <span class='ocrx_word' id='word_1_249' title='bbox 2476 2214 2623 2279; x_wconf 90' lang='lat' dir='ltr'><strong>apud</strong></span> <span class='ocrx_word' id='word_1_250' title='bbox 2645 2216 2929 2265; x_wconf 87' lang='lat' dir='ltr'><strong>Hebraeos</strong></span> <span class='ocrx_word' id='word_1_251' title='bbox 2953 2221 3069 2280; x_wconf 86' lang='lat' dir='ltr'><strong>post</strong></span> 
     </span>
     <span class='ocr_line' id='line_1_22' title="bbox 587 2301 3067 2367; baseline 0 -16"><span class='ocrx_word' id='word_1_252' title='bbox 587 2302 817 2363; x_wconf 87' lang='lat' dir='ltr'><strong>exilium,</strong></span> <span class='ocrx_word' id='word_1_253' title='bbox 844 2302 976 2351; x_wconf 91' lang='lat' dir='ltr'><strong>illud</strong></span> <span class='ocrx_word' id='word_1_254' title='bbox 999 2303 1156 2351; x_wconf 91' lang='lat' dir='ltr'><strong>modo</strong></span> <span class='ocrx_word' id='word_1_255' title='bbox 1183 2304 1314 2353; x_wconf 88' lang='lat' dir='ltr'><strong>satis</strong></span> <span class='ocrx_word' id='word_1_256' title='bbox 1340 2308 1578 2367; x_wconf 68' lang='lat' dir='ltr'><strong>constat,</strong></span> <span class='ocrx_word' id='word_1_257' title='bbox 1603 2303 1846 2353; x_wconf 84' lang='lat' dir='ltr'><strong>Judaeos</strong></span> <span class='ocrx_word' id='word_1_258' title='bbox 1882 2306 2006 2367; x_wconf 90' lang='lat' dir='ltr'><strong>post</strong></span> <span class='ocrx_word' id='word_1_259' title='bbox 2028 2307 2272 2366; x_wconf 89' lang='lat' dir='ltr'><strong>tempora</strong></span> <span class='ocrx_word' id='word_1_260' title='bbox 2293 2301 2619 2361; x_wconf 80' lang='lat' dir='ltr'><strong>Artaxerxis,</strong></span> <span class='ocrx_word' id='word_1_261' title='bbox 2646 2303 2891 2366; x_wconf 84' lang='lat' dir='ltr'><strong>quamvis</strong></span> <span class='ocrx_word' id='word_1_262' title='bbox 2928 2302 3067 2351; x_wconf 88' lang='lat' dir='ltr'><strong>debi-</strong></span> 
     </span>
     <span class='ocr_line' id='line_1_23' title="bbox 583 2382 3069 2455; baseline 0 -18"><span class='ocrx_word' id='word_1_263' title='bbox 583 2388 678 2450; x_wconf 88' lang='lat' dir='ltr'><strong>les,</strong></span> <span class='ocrx_word' id='word_1_264' title='bbox 718 2389 996 2438; x_wconf 88' lang='lat' dir='ltr'><strong>instabiles</strong></span> <span class='ocrx_word' id='word_1_265' title='bbox 1035 2394 1089 2438; x_wconf 93' lang='lat' dir='ltr'><strong>et</strong></span> <span class='ocrx_word' id='word_1_266' title='bbox 1125 2389 1194 2438; x_wconf 89' lang='lat' dir='ltr'><strong>ad</strong></span> <span class='ocrx_word' id='word_1_267' title='bbox 1230 2389 1393 2455; x_wconf 86' lang='lat' dir='ltr'><strong>Legis</strong></span> <span class='ocrx_word' id='word_1_268' title='bbox 1432 2382 1909 2455; x_wconf 79' lang='lat' dir='ltr'><strong>transgressionem</strong></span> <span class='ocrx_word' id='word_1_269' title='bbox 1945 2403 2176 2453; x_wconf 87' lang='lat' dir='ltr'><strong>pronos;</strong></span> <span class='ocrx_word' id='word_1_270' title='bbox 2226 2394 2461 2438; x_wconf 84' lang='lat' dir='ltr'><strong>attamen</strong></span> <span class='ocrx_word' id='word_1_271' title='bbox 2496 2390 2642 2437; x_wconf 87' lang='lat' dir='ltr'><strong>varie</strong></span> <span class='ocrx_word' id='word_1_272' title='bbox 2678 2389 2881 2438; x_wconf 86' lang='lat' dir='ltr'><strong>Divina</strong></span> <span class='ocrx_word' id='word_1_273' title='bbox 2915 2404 3069 2437; x_wconf 89' lang='lat' dir='ltr'><strong>manu</strong></span> 
     </span>
     <span class='ocr_line' id='line_1_24' title="bbox 584 2476 3067 2542; baseline 0 -18"><span class='ocrx_word' id='word_1_274' title='bbox 584 2491 866 2539; x_wconf 86' lang='lat' dir='ltr'><strong>percussos</strong></span> <span class='ocrx_word' id='word_1_275' title='bbox 916 2476 986 2525; x_wconf 90' lang='lat' dir='ltr'><strong>ad</strong></span> <span class='ocrx_word' id='word_1_276' title='bbox 1032 2478 1264 2541; x_wconf 91' lang='lat' dir='ltr'><strong>priorem</strong></span> <span class='ocrx_word' id='word_1_277' title='bbox 1300 2478 1507 2542; x_wconf 87' lang='lat' dir='ltr'><strong>Legum</strong></span> <span class='ocrx_word' id='word_1_278' title='bbox 1557 2483 1610 2526; x_wconf 89' lang='lat' dir='ltr'><strong>et</strong></span> <span class='ocrx_word' id='word_1_279' title='bbox 1656 2476 1951 2541; x_wconf 86' lang='lat' dir='ltr'><strong>Religionis</strong></span> <span class='ocrx_word' id='word_1_280' title='bbox 2002 2476 2400 2525; x_wconf 81' lang='lat' dir='ltr'><strong>observantiam</strong></span> <span class='ocrx_word' id='word_1_281' title='bbox 2434 2489 2679 2524; x_wconf 84' lang='lat' dir='ltr'><strong>reversos</strong></span> <span class='ocrx_word' id='word_1_282' title='bbox 2716 2490 2863 2537; x_wconf 88' lang='lat' dir='ltr'><strong>esse,</strong></span> <span class='ocrx_word' id='word_1_283' title='bbox 2914 2480 3067 2540; x_wconf 88' lang='lat' dir='ltr'><strong>atque</strong></span> 
     </span>
     <span class='ocr_line' id='line_1_25' title="bbox 582 2562 3067 2629; baseline 0 -19"><span class='ocrx_word' id='word_1_284' title='bbox 582 2562 744 2611; x_wconf 88' lang='lat' dir='ltr'><strong>nullis</strong></span> <span class='ocrx_word' id='word_1_285' title='bbox 781 2564 934 2613; x_wconf 87' lang='lat' dir='ltr'><strong>novis</strong></span> <span class='ocrx_word' id='word_1_286' title='bbox 973 2565 1280 2613; x_wconf 88' lang='lat' dir='ltr'><strong>criminibus</strong></span> <span class='ocrx_word' id='word_1_287' title='bbox 1311 2579 1439 2629; x_wconf 88' lang='lat' dir='ltr'><strong>prae</strong></span> <span class='ocrx_word' id='word_1_288' title='bbox 1464 2564 1757 2612; x_wconf 86' lang='lat' dir='ltr'><strong>maioribus</strong></span> <span class='ocrx_word' id='word_1_289' title='bbox 1795 2564 1907 2612; x_wconf 88' lang='lat' dir='ltr'><strong>suis</strong></span> <span class='ocrx_word' id='word_1_290' title='bbox 1930 2578 1989 2611; x_wconf 88' lang='lat' dir='ltr'><strong>se</strong></span> <span class='ocrx_word' id='word_1_291' title='bbox 2013 2562 2287 2627; x_wconf 83' lang='lat' dir='ltr'><strong>polluisse.</strong></span> <span class='ocrx_word' id='word_1_292' title='bbox 2324 2562 2457 2611; x_wconf 87' lang='lat' dir='ltr'><strong>Esto</strong></span> <span class='ocrx_word' id='word_1_293' title='bbox 2490 2576 2653 2626; x_wconf 90' lang='lat' dir='ltr'><strong>quam</strong></span> <span class='ocrx_word' id='word_1_294' title='bbox 2684 2563 2913 2611; x_wconf 87' lang='lat' dir='ltr'><strong>maxime</strong></span> <span class='ocrx_word' id='word_1_295' title='bbox 2949 2568 3067 2611; x_wconf 89' lang='lat' dir='ltr'><strong>ante</strong></span> 
     </span>
     <span class='ocr_line' id='line_1_26' title="bbox 586 2647 3069 2716; baseline 0 -18"><span class='ocrx_word' id='word_1_296' title='bbox 586 2647 880 2699; x_wconf 87' lang='lat' dir='ltr'><strong>Salvatoris</strong></span> <span class='ocrx_word' id='word_1_297' title='bbox 927 2650 1217 2702; x_wconf 85' lang='lat' dir='ltr'><strong>adventum</strong></span> <span class='ocrx_word' id='word_1_298' title='bbox 1260 2654 1315 2701; x_wconf 90' lang='lat' dir='ltr'><strong>in</strong></span> <span class='ocrx_word' id='word_1_299' title='bbox 1362 2654 1538 2702; x_wconf 88' lang='lat' dir='ltr'><strong>varias</strong></span> <span class='ocrx_word' id='word_1_300' title='bbox 1586 2652 1731 2701; x_wconf 90' lang='lat' dir='ltr'><strong>orbis</strong></span> <span class='ocrx_word' id='word_1_301' title='bbox 1778 2653 2023 2716; x_wconf 83' lang='lat' dir='ltr'><strong>regiones</strong></span> <span class='ocrx_word' id='word_1_302' title='bbox 2074 2655 2478 2716; x_wconf 86' lang='lat' dir='ltr'><strong>spargerentur,</strong></span> <span class='ocrx_word' id='word_1_303' title='bbox 2532 2648 2719 2700; x_wconf 88' lang='lat' dir='ltr'><strong>fideles</strong></span> <span class='ocrx_word' id='word_1_304' title='bbox 2766 2656 3069 2699; x_wconf 88' lang='lat' dir='ltr'><strong>manserunt</strong></span> 
     </span>
     <span class='ocr_line' id='line_1_27' title="bbox 582 2736 3067 2802; baseline 0 -18"><span class='ocrx_word' id='word_1_305' title='bbox 582 2736 876 2801; x_wconf 87' lang='lat' dir='ltr'><strong>Religionis</strong></span> <span class='ocrx_word' id='word_1_306' title='bbox 913 2743 1124 2802; x_wconf 88' lang='lat' dir='ltr'><strong>patrum</strong></span> <span class='ocrx_word' id='word_1_307' title='bbox 1161 2754 1376 2788; x_wconf 87' lang='lat' dir='ltr'><strong>suorum</strong></span> <span class='ocrx_word' id='word_1_308' title='bbox 1413 2739 1665 2788; x_wconf 90' lang='lat' dir='ltr'><strong>cultores.</strong></span> <span class='ocrx_word' id='word_1_309' title='bbox 1718 2739 1879 2788; x_wconf 92' lang='lat' dir='ltr'><strong>Unde</strong></span> <span class='ocrx_word' id='word_1_310' title='bbox 1914 2742 2049 2788; x_wconf 87' lang='lat' dir='ltr'><strong>teste</strong></span> <span class='ocrx_word' id='word_1_311' title='bbox 2086 2739 2203 2802; x_wconf 89' lang='lat' dir='ltr'><strong>ipso</strong></span> <span class='ocrx_word' id='word_1_312' title='bbox 2242 2753 2445 2786; x_wconf 78' lang='lat' dir='ltr'><strong>summo</strong></span> <span class='ocrx_word' id='word_1_313' title='bbox 2482 2736 2661 2785; x_wconf 91' lang='lat' dir='ltr'><strong>iudice</strong></span> <span class='ocrx_word' id='word_1_314' title='bbox 2694 2737 2831 2786; x_wconf 84' lang='lat' dir='ltr'><strong>Jesu</strong></span> <span class='ocrx_word' id='word_1_315' title='bbox 2868 2736 3067 2785; x_wconf 88' lang='lat' dir='ltr'><strong>Christo</strong></span> 
     </span>
     <span class='ocr_line' id='line_1_28' title="bbox 586 2823 3067 2890; baseline 0 -19"><span class='ocrx_word' id='word_1_316' title='bbox 586 2823 732 2887; x_wconf 84' lang='lat' dir='ltr'><strong>apud</strong></span> <span class='ocrx_word' id='word_1_317' title='bbox 786 2823 839 2872; x_wconf 88' lang='lat' dir='ltr'><strong>S.</strong></span> <span class='ocrx_word' id='word_1_318' title='bbox 876 2823 1207 2875; x_wconf 85' lang='lat' dir='ltr'><strong>Matthaeum</strong></span> <span class='ocrx_word' id='word_1_319' title='bbox 1254 2827 1344 2887; x_wconf 91' lang='lat'><strong>11,</strong></span> <span class='ocrx_word' id='word_1_320' title='bbox 1386 2827 1494 2874; x_wconf 87' lang='lat'><strong>13.:</strong></span> <span class='ocrx_word' id='word_1_321' title='bbox 1559 2825 1986 2890; x_wconf 84' lang='lat' dir='ltr'><strong>„Prophetae</strong></span> <span class='ocrx_word' id='word_1_322' title='bbox 2037 2829 2102 2874; x_wconf 91' lang='lat' dir='ltr'><strong>et</strong></span> <span class='ocrx_word' id='word_1_323' title='bbox 2153 2824 2291 2872; x_wconf 90' lang='lat' dir='ltr'><strong>Lex</strong></span> <span class='ocrx_word' id='word_1_324' title='bbox 2345 2839 2565 2888; x_wconf 79' lang='lat' dir='ltr'><strong>usque</strong></span> <span class='ocrx_word' id='word_1_325' title='bbox 2614 2823 2695 2872; x_wconf 90' lang='lat' dir='ltr'><strong>ad</strong></span> <span class='ocrx_word' id='word_1_326' title='bbox 2739 2823 3067 2872; x_wconf 88' lang='lat' dir='ltr'><strong>Joannem</strong></span> 
     </span>
     <span class='ocr_line' id='line_1_29' title="bbox 582 2909 3063 2976; baseline 0 -18"><span class='ocrx_word' id='word_1_327' title='bbox 582 2911 1201 2975; x_wconf 87' lang='lat' dir='ltr'><strong>prophetaverunt.“</strong></span> <span class='ocrx_word' id='word_1_328' title='bbox 1255 2911 1312 2960; x_wconf 90' lang='lat' dir='ltr'><strong>Si</strong></span> <span class='ocrx_word' id='word_1_329' title='bbox 1345 2912 1507 2976; x_wconf 89' lang='lat' dir='ltr'><strong>igitur</strong></span> <span class='ocrx_word' id='word_1_330' title='bbox 1542 2912 1845 2973; x_wconf 87' lang='lat' dir='ltr'><strong>Israelitae,</strong></span> <span class='ocrx_word' id='word_1_331' title='bbox 1882 2913 2109 2962; x_wconf 88' lang='lat' dir='ltr'><strong>testibus</strong></span> <span class='ocrx_word' id='word_1_332' title='bbox 2147 2909 2251 2960; x_wconf 89' lang='lat' dir='ltr'><strong>fide</strong></span> <span class='ocrx_word' id='word_1_333' title='bbox 2290 2910 2464 2974; x_wconf 82' lang='lat' dir='ltr'><strong>dignis</strong></span> <span class='ocrx_word' id='word_1_334' title='bbox 2506 2926 2559 2958; x_wconf 77' lang='lat' dir='ltr'><strong>v,</strong></span> <span class='ocrx_word' id='word_1_335' title='bbox 2597 2909 2666 2958; x_wconf 92' lang='lat' dir='ltr'><strong>H.</strong></span> <span class='ocrx_word' id='word_1_336' title='bbox 2703 2909 2766 2958; x_wconf 87' lang='lat' dir='ltr'><strong>R.</strong></span> <span class='ocrx_word' id='word_1_337' title='bbox 2804 2909 2874 2958; x_wconf 91' lang='lat' dir='ltr'><strong>D.</strong></span> <span class='ocrx_word' id='word_1_338' title='bbox 2910 2910 2971 2958; x_wconf 89' lang='lat' dir='ltr'><strong>V.</strong></span> <span class='ocrx_word' id='word_1_339' title='bbox 3008 2910 3063 2958; x_wconf 87' lang='lat' dir='ltr'><strong>T.</strong></span> 
     </span>
     <span class='ocr_line' id='line_1_30' title="bbox 581 2997 3067 3064; baseline 0 -20"><span class='ocrx_word' id='word_1_340' title='bbox 581 3013 634 3060; x_wconf 95' lang='lat' dir='ltr'><strong>p.</strong></span> <span class='ocrx_word' id='word_1_341' title='bbox 673 2999 792 3048; x_wconf 83' lang='grc'><strong>586.</strong></span> <span class='ocrx_word' id='word_1_342' title='bbox 830 3015 872 3048; x_wconf 87' lang='lat' dir='ltr'><strong>s.</strong></span> <span class='ocrx_word' id='word_1_343' title='bbox 889 3036 902 3060; x_wconf 97' lang='lat'><strong>,</strong></span> <span class='ocrx_word' id='word_1_344' title='bbox 957 3000 1227 3048; x_wconf 88' lang='lat' dir='ltr'><strong>constanti</strong></span> <span class='ocrx_word' id='word_1_345' title='bbox 1273 3000 1449 3047; x_wconf 89' lang='lat' dir='ltr'><strong>animo</strong></span> <span class='ocrx_word' id='word_1_346' title='bbox 1498 3014 1715 3048; x_wconf 89' lang='lat' dir='ltr'><strong>suorum</strong></span> <span class='ocrx_word' id='word_1_347' title='bbox 1762 3004 1971 3064; x_wconf 85' lang='lat' dir='ltr'><strong>patrum</strong></span> <span class='ocrx_word' id='word_1_348' title='bbox 2016 2998 2348 3062; x_wconf 87' lang='lat' dir='ltr'><strong>Religionem</strong></span> <span class='ocrx_word' id='word_1_349' title='bbox 2383 2997 2612 3062; x_wconf 88' lang='lat' dir='ltr'><strong>professi</strong></span> <span class='ocrx_word' id='word_1_350' title='bbox 2648 3001 2797 3058; x_wconf 86' lang='lat' dir='ltr'><strong>sunt,</strong></span> <span class='ocrx_word' id='word_1_351' title='bbox 2850 2997 3067 3045; x_wconf 90' lang='lat' dir='ltr'><strong>eundem</strong></span> 
     </span>
     <span class='ocr_line' id='line_1_31' title="bbox 581 3085 3063 3151; baseline -0.001 -17"><span class='ocrx_word' id='word_1_352' title='bbox 581 3085 842 3148; x_wconf 87' lang='lat' dir='ltr'><strong>spiritum,</strong></span> <span class='ocrx_word' id='word_1_353' title='bbox 880 3086 1212 3151; x_wconf 86' lang='lat' dir='ltr'><strong>eandemque</strong></span> <span class='ocrx_word' id='word_1_354' title='bbox 1251 3088 1510 3136; x_wconf 90' lang='lat' dir='ltr'><strong>rationem</strong></span> <span class='ocrx_word' id='word_1_355' title='bbox 1535 3087 1697 3135; x_wconf 89' lang='lat' dir='ltr'><strong>etiam</strong></span> <span class='ocrx_word' id='word_1_356' title='bbox 1723 3091 1847 3151; x_wconf 89' lang='lat' dir='ltr'><strong>post</strong></span> <span class='ocrx_word' id='word_1_357' title='bbox 1869 3085 2177 3134; x_wconf 83' lang='lat' dir='ltr'><strong>Artaxerxis</strong></span> <span class='ocrx_word' id='word_1_358' title='bbox 2213 3088 2445 3133; x_wconf 88' lang='lat' dir='ltr'><strong>aetatem</strong></span> <span class='ocrx_word' id='word_1_359' title='bbox 2474 3085 2834 3147; x_wconf 80' lang='lat' dir='ltr'><strong>retinuerunt3</strong></span> <span class='ocrx_word' id='word_1_360' title='bbox 2861 3112 2928 3119; x_wconf 94' lang='lat'>—</span> <span class='ocrx_word' id='word_1_361' title='bbox 2954 3099 3063 3131; x_wconf 91' lang='lat' dir='ltr'><strong>cum</strong></span> 
     </span>
     <span class='ocr_line' id='line_1_32' title="bbox 582 3169 3066 3238; baseline -0 -19"><span class='ocrx_word' id='word_1_362' title='bbox 582 3176 636 3219; x_wconf 88' lang='lat' dir='ltr'><strong>et</strong></span> <span class='ocrx_word' id='word_1_363' title='bbox 669 3173 728 3220; x_wconf 88' lang='lat' dir='ltr'><strong>in</strong></span> <span class='ocrx_word' id='word_1_364' title='bbox 769 3173 833 3221; x_wconf 89' lang='lat' dir='ltr'><strong>N.</strong></span> <span class='ocrx_word' id='word_1_365' title='bbox 869 3172 933 3221; x_wconf 82' lang='lat' dir='ltr'><strong>F.</strong></span> <span class='ocrx_word' id='word_1_366' title='bbox 971 3177 1260 3236; x_wconf 85' lang='lat' dir='ltr'><strong>antequam</strong></span> <span class='ocrx_word' id='word_1_367' title='bbox 1295 3173 1536 3222; x_wconf 84' lang='lat' dir='ltr'><strong>Joannes</strong></span> <span class='ocrx_word' id='word_1_368' title='bbox 1572 3175 1635 3222; x_wconf 90' lang='lat' dir='ltr'><strong>B.</strong></span> <span class='ocrx_word' id='word_1_369' title='bbox 1674 3173 1888 3238; x_wconf 90' lang='lat' dir='ltr'><strong>publice</strong></span> <span class='ocrx_word' id='word_1_370' title='bbox 1930 3187 2123 3221; x_wconf 88' lang='lat' dir='ltr'><strong>munus</strong></span> <span class='ocrx_word' id='word_1_371' title='bbox 2160 3172 2358 3232; x_wconf 90' lang='lat' dir='ltr'><strong>obiret,</strong></span> <span class='ocrx_word' id='word_1_372' title='bbox 2396 3169 2713 3231; x_wconf 85' lang='lat' dir='ltr'><strong>Zacharias,</strong></span> <span class='ocrx_word' id='word_1_373' title='bbox 2762 3169 2977 3219; x_wconf 88' lang='lat' dir='ltr'><strong>Simeon</strong></span> <span class='ocrx_word' id='word_1_374' title='bbox 3016 3174 3066 3218; x_wconf 89' lang='lat' dir='ltr'><strong>et</strong></span> 
     </span>
     <span class='ocr_line' id='line_1_33' title="bbox 579 3257 3063 3324; baseline -0 -17"><span class='ocrx_word' id='word_1_375' title='bbox 579 3258 738 3308; x_wconf 85' lang='lat' dir='ltr'><strong>Anna</strong></span> <span class='ocrx_word' id='word_1_376' title='bbox 785 3260 976 3323; x_wconf 82' lang='lat' dir='ltr'><strong>spiritu</strong></span> <span class='ocrx_word' id='word_1_377' title='bbox 1025 3263 1213 3309; x_wconf 89' lang='lat' dir='ltr'><strong>sancto</strong></span> <span class='ocrx_word' id='word_1_378' title='bbox 1263 3260 1492 3324; x_wconf 86' lang='lat' dir='ltr'><strong>praediti</strong></span> <span class='ocrx_word' id='word_1_379' title='bbox 1547 3260 1714 3310; x_wconf 84' lang='lat' dir='ltr'><strong>fuisse</strong></span> <span class='ocrx_word' id='word_1_380' title='bbox 1767 3259 2015 3324; x_wconf 87' lang='lat' dir='ltr'><strong>legantur</strong></span> <span class='ocrx_word' id='word_1_381' title='bbox 2058 3286 2123 3294; x_wconf 94' lang='lat'>—</span> <span class='ocrx_word' id='word_1_382' title='bbox 2167 3257 2311 3306; x_wconf 88' lang='lat' dir='ltr'><strong>unde</strong></span> <span class='ocrx_word' id='word_1_383' title='bbox 2359 3272 2455 3306; x_wconf 87' lang='lat' dir='ltr'><strong>cur</strong></span> <span class='ocrx_word' id='word_1_384' title='bbox 2507 3257 2752 3321; x_wconf 89' lang='lat' dir='ltr'><strong>privandi</strong></span> <span class='ocrx_word' id='word_1_385' title='bbox 2810 3262 2961 3306; x_wconf 90' lang='lat' dir='ltr'><strong>erant</strong></span> <span class='ocrx_word' id='word_1_386' title='bbox 3006 3272 3063 3306; x_wconf 93' lang='lat' dir='ltr'><strong>eo</strong></span> 
     </span>
     <span class='ocr_line' id='line_1_34' title="bbox 581 3343 3064 3411; baseline -0.001 -17"><span class='ocrx_word' id='word_1_387' title='bbox 581 3345 791 3395; x_wconf 88' lang='lat' dir='ltr'><strong>excelso</strong></span> <span class='ocrx_word' id='word_1_388' title='bbox 843 3361 1086 3409; x_wconf 87' lang='lat' dir='ltr'><strong>munere,</strong></span> <span class='ocrx_word' id='word_1_389' title='bbox 1137 3362 1242 3411; x_wconf 89' lang='lat' dir='ltr'><strong>quo</strong></span> <span class='ocrx_word' id='word_1_390' title='bbox 1291 3346 1523 3396; x_wconf 87' lang='lat' dir='ltr'><strong>Maiores</strong></span> <span class='ocrx_word' id='word_1_391' title='bbox 1573 3346 1786 3396; x_wconf 89' lang='lat' dir='ltr'><strong>illorum</strong></span> <span class='ocrx_word' id='word_1_392' title='bbox 1824 3347 1998 3396; x_wconf 89' lang='lat' dir='ltr'><strong>ornati</strong></span> <span class='ocrx_word' id='word_1_393' title='bbox 2032 3345 2209 3406; x_wconf 84' lang='lat' dir='ltr'><strong>fuere,</strong></span> <span class='ocrx_word' id='word_1_394' title='bbox 2261 3343 2687 3408; x_wconf 88' lang='lat' dir='ltr'><strong>diligentium</strong></span> <span class='ocrx_word' id='word_1_395' title='bbox 2730 3344 3064 3394; x_wconf 86' lang='lat' dir='ltr'><strong>custodum</strong></span> 
     </span>
     <span class='ocr_line' id='line_1_35' title="bbox 581 3431 2610 3498; baseline 0 -18"><span class='ocrx_word' id='word_1_396' title='bbox 581 3431 634 3480; x_wconf 88' lang='lat' dir='ltr'><strong>S.</strong></span> <span class='ocrx_word' id='word_1_397' title='bbox 671 3431 940 3482; x_wconf 87' lang='lat' dir='ltr'><strong>Codicis</strong></span> <span class='ocrx_word' id='word_1_398' title='bbox 976 3434 1240 3482; x_wconf 85' lang='lat' dir='ltr'><strong>Veteris</strong></span> <span class='ocrx_word' id='word_1_399' title='bbox 1278 3434 1692 3484; x_wconf 81' lang='lat' dir='ltr'><strong>Testamenti</strong></span> <span class='ocrx_word' id='word_1_400' title='bbox 1730 3433 1923 3483; x_wconf 89' lang='lat' dir='ltr'><strong>etiam</strong></span> <span class='ocrx_word' id='word_1_401' title='bbox 1959 3437 2112 3498; x_wconf 86' lang='lat' dir='ltr'><strong>post</strong></span> <span class='ocrx_word' id='word_1_402' title='bbox 2146 3432 2610 3482; x_wconf 81' lang='lat' dir='ltr'><strong>Artaxerxem?</strong></span> 
     </span>
    </p>
   </div>
   <div class='ocr_carea' id='block_1_5' title="bbox 580 3707 3061 4003">
    <p class='ocr_par' dir='ltr' id='par_1_5' title="bbox 580 3707 3061 4003">
     <span class='ocr_line' id='line_1_36' title="bbox 580 3707 3061 3788; baseline 0 -19"><span class='ocrx_word' id='word_1_403' title='bbox 580 3709 639 3788; x_wconf 71' lang='grc' dir='ltr'><strong>ξ.</strong></span> <span class='ocrx_word' id='word_1_404' title='bbox 673 3712 733 3775; x_wconf 88' lang='grc'><strong>6.</strong></span> <span class='ocrx_word' id='word_1_405' title='bbox 782 3708 1346 3774; x_wconf 87' lang='lat' dir='ltr'><strong>Testimonium</strong></span> <span class='ocrx_word' id='word_1_406' title='bbox 1387 3711 1729 3777; x_wconf 82' lang='lat' dir='ltr'><strong>Concilii</strong></span> <span class='ocrx_word' id='word_1_407' title='bbox 1769 3709 2227 3775; x_wconf 88' lang='lat' dir='ltr'><strong>Tridentini</strong></span> <span class='ocrx_word' id='word_1_408' title='bbox 2267 3710 2360 3775; x_wconf 90' lang='lat' dir='ltr'><strong>de</strong></span> <span class='ocrx_word' id='word_1_409' title='bbox 2396 3709 2716 3775; x_wconf 82' lang='lat' dir='ltr'><strong>Canone</strong></span> <span class='ocrx_word' id='word_1_410' title='bbox 2751 3707 3061 3773; x_wconf 88' lang='lat' dir='ltr'><strong>Veteris</strong></span> 
     </span>
     <span class='ocr_line' id='line_1_37' title="bbox 787 3822 2862 3910; baseline 0 -25"><span class='ocrx_word' id='word_1_411' title='bbox 787 3822 1277 3888; x_wconf 86' lang='lat' dir='ltr'><strong>Testamenti</strong></span> <span class='ocrx_word' id='word_1_412' title='bbox 1323 3849 1358 3889; x_wconf 90' lang='lat' dir='ltr'><strong>e</strong></span> <span class='ocrx_word' id='word_1_413' title='bbox 1409 3825 1777 3890; x_wconf 89' lang='lat' dir='ltr'><strong>doctrina</strong></span> <span class='ocrx_word' id='word_1_414' title='bbox 1824 3824 2125 3889; x_wconf 82' lang='lat' dir='ltr'><strong>Christi</strong></span> <span class='ocrx_word' id='word_1_415' title='bbox 2178 3834 2252 3889; x_wconf 90' lang='lat' dir='ltr'><strong>et</strong></span> <span class='ocrx_word' id='word_1_416' title='bbox 2295 3823 2862 3910; x_wconf 87' lang='lat' dir='ltr'><strong>Apostolorum</strong></span> 
     </span>
     <span class='ocr_line' id='line_1_38' title="bbox 1559 3938 2099 4003; baseline -0.002 -2"><span class='ocrx_word' id='word_1_417' title='bbox 1559 3938 2099 4003; x_wconf 87' lang='lat' dir='ltr'><strong>confirmatur.</strong></span> 
     </span>
    </p>
   </div>
   <div class='ocr_carea' id='block_1_6' title="bbox 577 4125 3063 4439">
    <p class='ocr_par' dir='ltr' id='par_1_6' title="bbox 577 4125 3063 4439">
     <span class='ocr_line' id='line_1_39' title="bbox 609 4125 3063 4211; baseline -0 -21"><span class='ocrx_word' id='word_1_418' title='bbox 609 4151 634 4180; x_wconf 71' lang='grc' dir='ltr'><strong>ο</strong></span> <span class='ocrx_word' id='word_1_419' title='bbox 787 4125 1190 4211; x_wconf 87' lang='lat' dir='ltr'><strong>Originem</strong></span> <span class='ocrx_word' id='word_1_420' title='bbox 1239 4127 1583 4192; x_wconf 84' lang='lat' dir='ltr'><strong>Canonis</strong></span> <span class='ocrx_word' id='word_1_421' title='bbox 1630 4127 2231 4193; x_wconf 81' lang='lat' dir='ltr'><strong>Catholicorum</strong></span> <span class='ocrx_word' id='word_1_422' title='bbox 2278 4149 2448 4192; x_wconf 91' lang='lat' dir='ltr'><strong>cum</strong></span> <span class='ocrx_word' id='word_1_423' title='bbox 2508 4151 2558 4192; x_wconf 90' lang='lat' dir='ltr'><strong>s.</strong></span> <span class='ocrx_word' id='word_1_424' title='bbox 2605 4127 3063 4192; x_wconf 87' lang='lat' dir='ltr'><strong>Tridentina</strong></span> 
     </span>
     <span class='ocr_line' id='line_1_40' title="bbox 577 4236 3060 4326; baseline 0 -24"><span class='ocrx_word' id='word_1_425' title='bbox 577 4236 897 4322; x_wconf 82' lang='lat' dir='ltr'><strong>Synodo¹</strong></span> <span class='ocrx_word' id='word_1_426' title='bbox 962 4239 1056 4302; x_wconf 88' lang='lat' dir='ltr'><strong>ad</strong></span> <span class='ocrx_word' id='word_1_427' title='bbox 1116 4241 1372 4326; x_wconf 87' lang='lat' dir='ltr'><strong>prima</strong></span> <span class='ocrx_word' id='word_1_428' title='bbox 1417 4241 1835 4305; x_wconf 89' lang='lat' dir='ltr'><strong>Ecclesiae</strong></span> <span class='ocrx_word' id='word_1_429' title='bbox 1899 4240 2196 4305; x_wconf 81' lang='lat' dir='ltr'><strong>Christi</strong></span> <span class='ocrx_word' id='word_1_430' title='bbox 2254 4240 2766 4323; x_wconf 87' lang='lat' dir='ltr'><strong>incunabula,</strong></span> <span class='ocrx_word' id='word_1_431' title='bbox 2828 4248 3060 4324; x_wconf 88' lang='lat' dir='ltr'><strong>atque</strong></span> 
     </span>
     <span class='ocr_line' id='line_1_41' title="bbox 579 4349 3058 4439; baseline 0.001 -27"><span class='ocrx_word' id='word_1_432' title='bbox 579 4349 775 4414; x_wconf 88' lang='lat' dir='ltr'><strong>adeo</strong></span> <span class='ocrx_word' id='word_1_433' title='bbox 839 4351 934 4416; x_wconf 90' lang='lat' dir='ltr'><strong>ad</strong></span> <span class='ocrx_word' id='word_1_434' title='bbox 997 4351 1570 4417; x_wconf 87' lang='lat' dir='ltr'><strong>divinissimum</strong></span> <span class='ocrx_word' id='word_1_435' title='bbox 1631 4352 2130 4418; x_wconf 86' lang='lat' dir='ltr'><strong>Salvatorem</strong></span> <span class='ocrx_word' id='word_1_436' title='bbox 2198 4355 2526 4439; x_wconf 90' lang='lat' dir='ltr'><strong>eiusque</strong></span> <span class='ocrx_word' id='word_1_437' title='bbox 2594 4351 3058 4439; x_wconf 85' lang='lat' dir='ltr'><strong>Apostolos:</strong></span> 
     </span>
    </p>
   </div>
   <div class='ocr_carea' id='block_1_7' title="bbox 788 4563 2192 4634">
    <p class='ocr_par' dir='ltr' id='par_1_7' title="bbox 788 4563 2192 4634">
     <span class='ocr_line' id='line_1_42' title="bbox 788 4563 2192 4634; baseline 0.002 -22"><span class='ocrx_word' id='word_1_438' title='bbox 788 4564 826 4628; x_wconf 84' lang='lat'><strong>¹)</strong></span> <span class='ocrx_word' id='word_1_439' title='bbox 879 4563 1128 4614; x_wconf 88' lang='lat' dir='ltr'><strong>Sessione</strong></span> <span class='ocrx_word' id='word_1_440' title='bbox 1166 4569 1373 4630; x_wconf 86' lang='lat' dir='ltr'><strong>quarta.</strong></span> <span class='ocrx_word' id='word_1_441' title='bbox 1436 4565 1522 4615; x_wconf 89' lang='lat' dir='ltr'><strong>De</strong></span> <span class='ocrx_word' id='word_1_442' title='bbox 1560 4565 1851 4616; x_wconf 77' lang='lat' dir='ltr'><strong>canonicis</strong></span> <span class='ocrx_word' id='word_1_443' title='bbox 1888 4564 2192 4634; x_wconf 86' lang='lat' dir='ltr'><strong>Scripturis.</strong></span> 
     </span>
    </p>
   </div>
   <div class='ocr_carea' id='block_1_8' title="bbox 3245 11 3288 4237">
    <p class='ocr_par' dir='ltr' id='par_1_8' title="bbox 3245 11 3288 4237">
     <span class='ocr_line' id='line_1_43' title="bbox 3245 11 3288 4237; baseline 0 0"><span class='ocrx_word' id='word_1_444' title='bbox 3245 11 3288 4237; x_wconf 95' lang='lat' dir='ltr'><strong> </strong></span> 
     </span>
    </p>
   </div>
   <div class='ocr_carea' id='block_1_9' title="bbox 3261 4557 3270 5248">
    <p class='ocr_par' dir='ltr' id='par_1_9' title="bbox 3261 4557 3270 5248">
     <span class='ocr_line' id='line_1_44' title="bbox 3261 4557 3270 5248; baseline 0 0"><span class='ocrx_word' id='word_1_445' title='bbox 3261 4557 3270 5248; x_wconf 95' lang='lat' dir='ltr'><strong> </strong></span> 
     </span>
    </p>
   </div>
  </div>
 </body>
</html>
