3309 5300
605 408 729 476 156
1312 420 1547 462 Comment.
1577 419 1631 462 de
1658 419 1702 461 S.
1725 420 1882 471 Script.
1912 431 2007 471 cap.
2037 431 2124 462 sec.
2152 420 2282 461 tract.
2311 419 2368 460 11.

599 602 655 659 d.
677 599 1281 659 Pseudo-Jonathanis
1300 601 1503 658 differt
1520 602 1825 678 Anonymi
1849 593 2123 674 Targum,
2150 601 2301 678 quod
2326 603 2636 672 incertum,
2662 620 2739 658 an
2764 620 2800 657 a
2819 600 3095 671 dialecto,

537 751 544 757 .
600 725 677 762 an
702 725 737 761 a
758 705 881 763 loco
904 705 1153 779 originis
1183 700 1381 776 ’12‘7w'1'1',
1416 705 2025 782 Hierosolymitanum
2048 703 2400 780 adpellatur.
2438 704 2585 761 Cum
2607 704 2804 780 priore
2833 704 3102 762 eiusdem

603 814 690 866 est
718 809 951 881 indolis,
1004 812 1175 867 varia
1202 830 1235 866 6
1262 811 1446 869 variis
1472 808 1488 847 ¹
1531 809 1702 867 libris
1732 810 1948 887 absque
1992 809 2210 866 iudicio
2241 809 2682 885 comprehendit
2719 809 3098 868 collectanea.

601 914 883 971 Abundat
912 913 1169 971 anilibus
1198 913 1433 984 fabulis,
1466 916 1792 991 meritoque
1821 914 2092 988 arguitur
2122 914 2553 972 recentissimae
2583 913 2828 986 originis
2845 909 2891 971 ².

807 1018 1092 1077 Onkeloso
1155 1019 1493 1094 proximum
1548 1022 1636 1076 est
1690 1018 1778 1076 II.
1837 1017 2095 1091 'Pargum
2153 1018 2519 1075 Jonathan
2580 1016 2946 1076 Uzielidis
3019 1019 3100 1074 in

598 1123 997 1196 Prophetas
1040 1128 1163 1182 tam
1204 1123 1425 1198 priores
1454 1141 1632 1199 quam
1663 1123 2026 1205 posteriores,
2060 1122 2319 1179 incertae
2349 1121 2558 1180 aetatis
2579 1118 2632 1190 33
2680 1121 2850 1180 valde
2883 1127 3102 1180 tamen

599 1225 924 1284 verisimile
969 1247 1104 1284 aera
1147 1227 1471 1286 christiana
1513 1227 1673 1283 haud
1721 1227 1920 1301 paucis
1968 1227 2140 1284 annis
2188 1226 2474 1301 posterius
2528 1245 2646 1282 esse
2667 1223 2712 1284 ⁴.
2787 1223 3100 1303 Quidquid

598 1330 775 1388 huius
807 1333 1015 1388 aetatis
1046 1331 1177 1402 erit,
1228 1330 1288 1387 id
1318 1335 1542 1388 certum
1572 1334 1687 1388 est:
1731 1331 1770 1386 J
1771 1332 2126 1388 onathanem
2174 1335 2390 1389 castam
2435 1330 2604 1388 illam
2648 1331 2990 1408 ceteroquin
3039 1334 3104 1388 et

598 1433 776 1491 fidam
802 1434 1097 1505 'Onkelosi,
1132 1436 1297 1492 cuius
1328 1435 1559 1492 utinam
1594 1434 1942 1508 religionem
1971 1435 2239 1493 imitatus
2254 1434 2492 1504 fuisset,
2540 1435 3100 1509 interpretationem

599 1539 755 1598 haud
788 1557 1057 1616 aequare.
1106 1539 1269 1596 Laxe
1298 1544 1553 1613 vagatur
1582 1539 1647 1596 in
1679 1539 2095 1614 posterioribus
2125 1539 2471 1614 cumprimis
2503 1538 2814 1613 Prophetis
2845 1540 3100 1595 redden-

599 1641 707 1714 dis,
742 1645 1017 1721 abestque
1044 1665 1079 1700 a
1102 1645 1285 1719 priori
1319 1643 1426 1701 illa
1454 1663 1606 1718 pura
1639 1643 1986 1720 babylonica
2015 1643 2240 1716 lingua.
2290 1642 2644 1729 Non-igitur
2673 1643 2928 1700 eiusdem
2959 1661 3102 1700 cum

600 1901 663 1950 Ε.
702 1917 751 1966 g.
790 1902 1006 1951 nomina
1040 1902 1188 1951 urbis
1227 1899 1857 1966 Constantinopolitanae
1894 1900 2048 1950 Num.
2087 1902 2170 1963 24,
2213 1902 2293 1950 19.
2342 1906 2396 1950 et
2431 1901 2664 1966 regionis
2701 1901 3103 1951 Lombardicae

600 1988 755 2037 Num.
794 1989 877 2050 24,
914 1990 997 2037 24.
1069 1987 1313 2037 Fabulae
1362 1987 1644 2036 manifesto
1696 2003 1724 2036 e
1763 1987 2023 2036 Talmude
2071 1989 2279 2052 positae
2317 1987 2460 2037 clare
2509 1988 2704 2036 docent
2751 1987 3102 2052 compilatum

602 2089 735 2139 opus
784 2076 1012 2124 recentis
1062 2076 1277 2136 aetatis,
1327 2074 1515 2124 saltem
1566 2073 1783 2124 saeculo
1835 2079 1984 2123 sexto
2033 2074 2178 2123 haud
2226 2075 2515 2139 antiquius.
2585 2074 2725 2134 Quid
2776 2075 2920 2139 quod
2969 2081 3103 2124 ante

600 2161 815 2211 Petrum
854 2161 1178 2223 Galatinum,
1222 2161 1310 2211 vel
1345 2160 1572 2210 Paulum
1597 2161 1946 2226 Burgensem,
1985 2160 2118 2210 nulli
2154 2162 2520 2226 interpretatio
2545 2162 2662 2210 ista
2697 2161 3030 2211 innotuerit?

814 2248 851 2313 ¹)
890 2248 1152 2314 Imprimis
1191 2263 1256 2297 ex
1294 2247 1585 2297 OnkelosO.
1648 2247 1688 2311 2)
1724 2249 1959 2314 Targum
1990 2231 2537 2312 Hierosolymitanum
2575 2249 2630 2296 in
2665 2248 3100 2297 Pentateuehum

602 2335 817 2385 exhibet
854 2334 1022 2384 codex
1060 2351 1183 2384 mss.
1222 2335 1655 2384 vindobonensis
1695 2333 1746 2384 S.
1783 2335 1944 2395 XIV„
1985 2350 2140 2398 quem
2178 2334 2460 2398 descripsit
2494 2334 2556 2384 A.
2581 2333 2766 2397 Krafft‚
2807 2333 2921 2384 Cat.
2963 2333 3102 2384 Cod.

599 2437 723 2472 mss.
761 2421 900 2471 Bibl.
939 2420 1111 2470 Palat.
1148 2421 1451 2472 Vindobon.
1495 2421 1555 2470 P.
1591 2422 1658 2470 H.
1700 2420 1830 2470 Cod.
1869 2420 2142 2470 Hebraici.
2190 2420 2349 2469 Wien
2390 2421 2540 2470 1847.
2586 2437 2638 2485 p.
2678 2423 2759 2470 28.
2797 2436 2838 2470 s.
2903 2420 2990 2470 cf.
3031 2421 3103 2470 de

600 2508 709 2558 his:
747 2509 951 2570 Winer,
990 2509 1055 2558 de
1092 2508 1413 2558 Jonathanis
1448 2509 1503 2556 in
1541 2509 1694 2558 Pent.
1732 2507 1988 2572 Paraphr.
2023 2506 2198 2556 chald.
2225 2523 2369 2572 spec.
2395 2507 2506 2556 Erl.
2536 2509 2687 2556 1823.
2738 2507 2791 2557 J.
2818 2509 2887 2557 Η.
2912 2508 3104 2556 Peter·

601 2610 778 2658 mann,
819 2596 883 2644 de
920 2595 1100 2644 indole
1126 2595 1381 2661 Paraphr.
1420 2609 1558 2661 quae
1594 2594 1918 2644 Jonathanis
1958 2594 2162 2643 dicitur.
2189 2593 2368 2642 Berol.
2397 2595 2547 2642 1839.
2596 2594 2747 2656 Levi,
2775 2598 2825 2643 ii.
2855 2593 3104 2643 Onkelos

602 2699 653 2732 u.
681 2700 724 2733 s.
749 2671 940 2733 I'Jbers.
980 2683 1029 2731 d.
1057 2684 1226 2744 Pent.,
1265 2684 1320 2732 in
1358 2682 1407 2731 d.
1434 2684 1574 2733 wisS.
1601 2682 1856 2732 Zeitschr.
1890 2682 1928 2731 f.
1947 2680 2064 2745 jud.
2092 2681 2278 2730 Theol.
2318 2679 2616 2745 Griinberg.
2645 2682 2794 2730 1844.
2840 2681 3104 2743 Frankel‚

601 2774 654 2819 u.
694 2770 742 2818 d.
780 2771 897 2819 Zeit
934 2770 983 2819 d.
1021 2770 1159 2819 frah.
1196 2758 1389 2819 Ubers.
1429 2769 1477 2818 d.
1509 2768 1571 2818 A.
1609 2770 1690 2831 T.‚
1727 2770 1783 2816 in
1821 2767 1872 2817 d.
1897 2768 2057 2817 Verh.
2096 2768 2145 2817 d.
2186 2783 2232 2816 e.
2258 2757 2410 2816 Vers.
2449 2766 2498 2816 d.
2525 2784 2578 2815 u.
2604 2780 2652 2817 a.
2692 2766 3101 2818 Orientalisten.

601 2856 786 2921 Leipz.
827 2858 977 2906 1845.
1036 2856 1209 2919 Idem,
1249 2857 1451 2920 einiges
1490 2872 1534 2905 z.
1572 2855 1622 2905 d.
1661 2855 1968 2919 Targumin,
2013 2856 2067 2903 in
2103 2854 2360 2903 Zeitschr.
2397 2853 2432 2903 f.
2472 2854 2521 2903 d.
2561 2854 2710 2919 relig.
2747 2855 3002 2905 Interess.
3042 2856 3095 2904 d.

602 2942 857 2993 Judenth.
898 2944 1048 2993 1846.
1086 2960 1138 3007 p.
1181 2945 1295 2992 110.
1334 2958 1376 2991 s.
1435 2941 1497 2991 A.
1537 2941 1748 3007 Geiger,
1786 2941 2003 2991 Urschr.
2040 2957 2092 2990 u.
2131 2928 2322 2990 Ubere.
2361 2939 2409 2989 d.
2446 2941 2602 2990 Bibel
2636 2941 2808 2990 Bresl.
2850 2943 3004 2991 1857.
3042 2958 3101 3005 p.

605 3031 721 3078 110.
760 3046 801 3079 s.
839 3031 956 3079 451.
993 3044 1037 3079 s.
1099 3030 1168 3078 H.
1208 3027 1513 3094 Seligsohn,
1560 3028 1649 3078 sb.
1689 3028 1740 3077 d.
1779 3026 1931 3095 Geist
1977 3027 2069 3077 der
2104 3014 2295 3077 iibere.
2343 3028 2393 3077 d.
2430 3028 2707 3078 Jonathan
2754 3030 2804 3077 b.
2841 3028 3012 3078 Usiei.
3050 3047 3100 3077 z.

602 3116 780 3178 Pent.,
818 3118 873 3165 in
909 3115 1171 3178 Frankel,
1216 3115 1540 3165 Monatschr.
1578 3116 1615 3165 f.
1655 3114 1848 3165 Gesch.
1887 3115 1938 3165 d.
1974 3114 2100 3165 Jud.
2136 3114 2326 3165 Dresd.
2369 3116 2520 3164 1857.
2559 3131 2608 3179 p.
2652 3118 2766 3164 110.
2805 3131 2850 3166 s.
2907 3115 2992 3165 Id.
3031 3116 3101 3166 de

604 3203 814 3253 duabus
850 3203 999 3252 Hier.
1036 3204 1189 3252 Pent.
1226 3203 1477 3268 paraphr.
1514 3201 1732 3251 Vratisl.
1762 3204 1912 3251 1858.
1977 3199 2021 3266 ⁸)
2060 3202 2144 3250 De
2181 3217 2246 3251 eo
2283 3202 2480 3251 Judaei
2515 3202 2732 3251 tradunt
2769 3218 2890 3251 cum
2925 3203 3100 3252 multa

604 3288 895 3354 hyperbole
933 3290 991 3338 in
1021 3289 1333 3339 Bababatra
1359 3306 1404 3338 6.
1431 3288 1578 3338 VIII.
1604 3289 1640 3337 f.
1672 3290 1785 3337 134.
1815 3291 1896 3338 11.
1934 3289 2105 3353 ipsum
2145 3304 2175 3337 e
2204 3304 2423 3338 numero
2462 3288 2844 3353 discipulorum
2880 3288 3100 3339 Hillelis

603 3376 796 3439 fuiss03
845 3376 1090 3441 adeoque
1137 3378 1245 3425 iam
1292 3380 1415 3425 ante
1464 3375 1732 3425 Christum
1775 3380 1958 3425 natum
2002 3374 2274 3424 claruisse.
2338 3374 2512 3435 Quam
2557 3380 2736 3424 tamen
2787 3376 3099 3439 opinionem

604 3478 766 3528 aegre
802 3462 1091 3513 conciliare
1128 3466 1406 3527 poterunt:
1456 3476 1503 3511 a.
1542 3478 1662 3511 cum
1707 3461 1919 3511 silentio
1957 3462 2244 3526 primorum
2281 3460 2616 3511 saeculorum
2654 3461 2708 3511 S.
2746 3462 2806 3511 P.
2845 3466 2899 3510 et
2933 3461 2990 3511 S.
3025 3462 3094 3510 E.

602 3549 749 3599 Idem
798 3550 1039 3614 sequitur
1091 3549 1143 3597 b.
1181 3564 1211 3597 e
1246 3548 1431 3613 lingua
1481 3564 1589 3613 qua
1634 3549 1804 3597 utitur
1851 3549 2025 3597 minus
2074 3562 2212 3612 pura
2258 3562 2415 3612 quam
2454 3546 2720 3611 Onkelos3
2777 3563 2822 3597 c.
2862 3564 2891 3597 6
2927 3549 3096 3597 variis

604 3635 800 3685 fabulis
838 3649 903 3685 ex
938 3652 1037 3686 suo
1074 3642 1240 3685 marte
1278 3635 1517 3697 adiectis,
1556 3636 1708 3701 queis
1744 3650 1880 3700 opus
1917 3649 2073 3686 suum
2110 3634 2362 3683 foedavit.
2418 3632 2642 3683 Accedit
2679 3634 2820 3699 quod
2857 3634 2908 3683 d.
2945 3635 3097 3685 testi-

602 3722 781 3771 monia
816 3722 882 3771 de
917 3723 1118 3773 Messia
1153 3722 1297 3772 haud
1332 3737 1452 3771 raro
1490 3726 1778 3787 pervertat.
1827 3722 1891 3771 Ε.
1918 3736 1968 3785 g.
1993 3722 2119 3770 Isai.
2146 3724 2194 3782 9,
2221 3722 2269 3769 6.
2297 3722 2378 3782 23,
2406 3722 2454 3769 5.
2483 3722 2567 3782 52,
2599 3722 2678 3770 13.
2727 3720 3098 3771 Clarissimum

604 3823 729 3857 vero
765 3808 1139 3859 documentum
1176 3824 1221 3858 e.
1260 3810 1469 3873 capitur
1506 3824 1571 3857 ex
1600 3808 1729 3857 lsai.
1756 3810 1838 3857 53.
1877 3812 1932 3857 et
1968 3810 2050 3869 63,
2082 3810 2258 3871 1-5.;
2295 3807 2386 3856 ubi
2414 3806 2540 3856 hinc
2575 3808 2678 3872 piis
2711 3807 2913 3869 tribuit,
2953 3822 3098 3872 quae

604 3894 669 3943 de
694 3894 895 3945 Messia
930 3895 1201 3959 dicuntur3
1239 3895 1365 3944 hinc
1401 3896 1457 3943 in
1480 3894 1810 3945 Judaeorum
1847 3894 2028 3943 hostes
2063 3898 2352 3958 retorquet,
2391 3907 2532 3957 quae
2569 3892 2634 3941 de
2659 3893 2900 3943 hostibus
2935 3894 3096 3959 spiri-

603 3980 854 4043 tualibus,
894 3996 1028 4046 quos
1064 3981 1291 4031 Messias
1330 3980 1633 4042 debellavit,
1672 3986 1798 4029 sunt
1833 3980 2198 4045 intelligenda.
2260 3980 2412 4040 Quae
2451 3980 2631 4028 omnia
2673 3984 3098 4029 commonstrant

602 4067 962 4117 Jonathanem
999 4066 1055 4115 id
1090 4082 1251 4133 agere
1289 4066 1553 4117 voluisse:
1590 4074 1651 4116 ut
1687 4068 1964 4132 opiniones
2012 4066 2256 4115 iudaicae
2292 4070 2532 4130 tempore
2570 4081 2674 4131 quo
2711 4067 2817 4114 iam
2855 4065 3098 4131 disputa·

602 4154 792 4215 tiones,
819 4168 981 4219 super
1004 4153 1126 4203 loca
1152 4167 1291 4218 quae
1314 4154 1566 4203 Messium
1593 4153 1900 4218 respiciunt,
1927 4154 2066 4203 inter
2090 4152 2330 4203 Judaeos
2357 4158 2409 4201 et
2436 4152 2767 4204 Christianos
2793 4152 3099 4214 fervebant,

604 4245 789 4289 contra
826 4240 1106 4289 veritatem
1154 4240 1499 4291 christianam
1534 4238 1720 4289 firmet.
1780 4239 2061 4289 Editiones
2097 4238 2374 4288 Jonathan
2421 4254 2724 4287 communes
2770 4239 2937 4289 habet
2973 4255 3102 4289 cum

603 4326 894 4389 Onkeloso,
932 4342 1165 4391 quocum
1202 4326 1438 4375 eiusdem
1464 4331 1545 4375 est
1569 4325 1714 4391 apud
1737 4325 1976 4375 Judaeos
2015 4326 2364 4375 auctoritatis.
2421 4326 2465 4390 ⁴)
2503 4325 2690 4389 Neque
2727 4326 2868 4374 enim
2893 4341 3100 4376 novum

604 4419 686 4465 est
732 4413 1059 4463 Talmudicis
1116 4412 1576 4478 compilatoribus,
1632 4417 1694 4462 ut
1743 4412 1880 4464 libro
1935 4412 2147 4461 cuidam
2201 4412 2454 4461 maiorem
2511 4410 2862 4461 conciliarent
2910 4416 3100 4463 aucto-

603 4502 829 4562 ritatem,
868 4501 1113 4564 specioso
1154 4499 1509 4565 antiquissimi
1546 4500 1820 4564 scriptoris
1857 4498 2011 4547 titulo
2047 4498 2301 4547 vestitum
2339 4512 2620 4562 exponere.
2669 4496 2751 4547 cf.
2789 4498 2844 4547 J.
2879 4497 3103 4559 Morini,

605 4602 775 4637 exerc.
814 4586 944 4636 bibl.
983 4586 1051 4635 11.
1090 4587 1139 4648 8,
1178 4588 1227 4635 2.
1264 4602 1315 4651 p.
1354 4587 1472 4634 321.
1511 4599 1553 4633 s.
