3309 5300
445 361 575 425 280
1138 372 1373 414 Commeat.
1402 370 1455 413 de
1482 371 1528 413 S.
1550 371 1764 422 scriptur.
1793 382 1886 423 cap.
1917 371 2021 412 tert.
2052 372 2160 411 sect.
2189 370 2224 411 1.

446 548 669 599 mirifica
704 550 896 599 virtute
930 550 1061 614 ipsis
1100 562 1133 597 a
1170 548 1454 599 Servatore
1502 562 1762 597 concessa
1809 546 2098 598 artificioso
2133 548 2418 597 verborum
2455 550 2644 597 ornatu
2692 544 2938 609 magistri

446 639 529 686 sui
564 642 854 702 praecepta
891 652 1156 701 exponere
1192 652 1365 700 neque
1402 640 1678 697 noverant,
1729 650 1903 701 neque
1953 636 2080 684 item
2125 635 2509 684 conabantur.“
2569 633 2721 682 Idem
2767 630 2936 680 habet

448 722 801 787 Origenes,
838 722 1081 788 plurimis
1116 725 1173 772 in
1208 722 1341 773 locis
1384 721 1503 771 libr.
1542 722 1662 771 adV.
1703 720 1841 771 Cels.
1881 720 1964 770 Cf.
1988 722 2030 783 I,
2061 722 2143 771 38.
2171 723 2254 771 62.
2289 721 2388 783 III,
2415 722 2499 769 39.
2534 720 2624 783 VI,
2653 722 2700 769 1.
2727 722 2775 769 2.
2813 718 2934 780 VII,

447 811 530 860 59.
570 811 652 860 60.
704 810 785 859 ed.
823 811 1027 860 Lomm.
1083 810 1281 873 XVIII,
1334 812 1415 859 76.
1457 811 1573 858 112.
1610 810 1730 859 302.
1769 825 1810 859 s.
1866 808 2010 870 XIX,
2049 809 2166 857 298.
2220 808 2339 870 XX,
2378 809 2461 857 91.
2499 808 2581 856 94.
2627 807 2697 856 D.
2737 804 2938 871 Chry-

446 899 819 958 sostomus,
857 898 911 944 in
936 896 978 945 Ι.
1007 894 1128 945 Cor.
1155 896 1253 957 III,
1280 897 1329 945 4.
1354 896 1419 957 X,
1448 896 1530 945 20.
1582 893 1635 944 S.
1662 896 2154 959 Hieronymus,
2191 895 2259 943 ad
2284 893 2540 945 Eustoch.
2564 894 2736 955 XXII,
2761 895 2846 943 30.
2881 909 2936 956 p.

450 983 566 1031 115.
593 996 634 1030 s.
663 980 781 1030 coll.
809 980 1010 1030 Comm.
1035 982 1090 1029 in
1118 997 1200 1045 ep.
1224 981 1293 1031 ad
1316 981 1517 1045 Ephes.
1538 982 1587 1043 3,
1615 984 1663 1031 1.
1689 981 1807 1044 VII,
1835 982 1952 1030 586.
1992 981 2134 1031 Nota
2159 987 2239 1030 est
2263 995 2394 1029 sane
2418 980 2621 1029 Juliani
2639 980 2938 1045 Apostatae

449 1069 515 1117 de
567 1068 688 1117 rudi
742 1068 971 1117 dictione
1026 1068 1089 1117 N.
1126 1069 1188 1119 F.
1226 1069 1541 1132 scriptorum
1578 1069 1878 1117 sententia:
1935 1064 2196 1135 ,,ήμέτεροι
2242 1064 2406 1133 φησὶν,
2453 1064 2500 1115 οἱ
2546 1062 2703 1134 λόγοι,
2751 1062 2832 1114 καὶ
2878 1058 2938 1114 τὸ

449 1150 713 1217 ἑλληνίζειν
716 1190 932 1213 ......
962 1150 1101 1221 ὑμῶν
1138 1150 1191 1202 δὲ
1225 1152 1253 1218 ἡ
1296 1147 1473 1221 ἀλογία
1508 1150 1589 1201 καὶ
1623 1152 1651 1218 ἡ
1695 1147 1968 1221 ἀγροικία.“
2006 1153 2162 1219 Apud
2189 1153 2242 1203 S.
2271 1152 2582 1217 Gregorium
2619 1154 2750 1201 Naz.
2783 1152 2938 1201 Orat.

447 1240 539 1289 IV.
577 1256 621 1289 c.
658 1239 859 1288 Julian.
892 1240 934 1302 I,
964 1242 1079 1289 102.
1106 1240 1149 1303 Ι,
1178 1242 1295 1289 636.
1324 1242 1370 1289 7.
1423 1240 1529 1289 Suo
1570 1256 1782 1305 quoque
1818 1244 2056 1305 tempore
2093 1239 2510 1289 Lactantius
2547 1239 2610 1300 V,
2652 1241 2697 1288 1.
2734 1238 2777 1301 I,
2817 1240 2938 1287 230.

449 1332 666 1392 questus
716 1331 811 1388 est,
863 1328 1130 1375 contemni
1167 1324 1463 1391 Scriptores
1504 1327 1695 1399 Sacros
1745 1329 1812 1377 ab
1853 1328 1934 1388 iis,
1987 1328 2079 1391 qui
2124 1327 2226 1375 nisi
2273 1326 2472 1377 diserta
2518 1326 2693 1390 legere
2733 1325 2940 1375 volunt.

452 1412 531 1462 cf.
571 1414 604 1462 i.
641 1414 811 1473 Lami,
854 1412 918 1461 de
957 1413 1105 1481 enid.
1143 1413 1326 1477 Apost.
1366 1428 1410 1462 c.
1452 1415 1535 1462 11.
1574 1431 1625 1478 p.
1665 1414 1783 1462 571.
1819 1413 2145 1477 Reithmayr‚
2181 1412 2324 1463 Einl.
2369 1430 2420 1478 p.
2463 1415 2576 1462 175.
2615 1429 2656 1463 s.

658 1500 813 1560 Quod
840 1500 908 1548 ad
932 1499 1149 1565 linguae
1179 1501 1463 1564 puritatem
1496 1501 1703 1563 attinet,
1740 1498 1888 1549 illam
1925 1515 2100 1564 neque
2129 1498 2456 1549 Graecorum
2491 1500 2723 1565 ingenio,
2762 1516 2942 1566 neque

452 1589 914 1653 grammaticorum
951 1586 1148 1652 regulis
1185 1587 1386 1651 ubique
1424 1588 1732 1649 convenire,
1769 1588 1897 1637 satis
1935 1591 2162 1637 constat.
2223 1586 2354 1647 Quis
2393 1588 2534 1635 enim
2574 1586 2734 1635 hodie
2770 1587 2836 1636 N.
2873 1587 2940 1635 F.

449 1674 635 1739 legens
678 1680 891 1739 praeter
926 1673 1094 1723 multa
1130 1673 1365 1722 hebraea
1397 1678 1449 1722 et
1480 1688 1731 1724 aramaea
1767 1674 2060 1735 vocabula,
2110 1689 2220 1723 non
2257 1680 2512 1738 agnoscet
2545 1673 2778 1739 plurima
2812 1673 2942 1735 alia,

385 1777 391 1782 ·
453 1776 590 1825 quae
636 1759 726 1809 vel
777 1762 834 1809 in
886 1776 1075 1822 sensu,
1130 1759 1219 1809 vel
1268 1761 1323 1808 in
1373 1761 1783 1825 compositione,
1839 1759 1925 1809 vel
1979 1762 2036 1808 in
2091 1762 2484 1810 constructione
2539 1760 2609 1809 ad
2662 1761 2942 1810 semiticae

448 1847 665 1912 linguae
720 1846 957 1896 indolem
1006 1861 1260 1895 revocare
1315 1861 1474 1911 posse
1522 1846 1785 1896 videatur.
1846 1848 1919 1895 Et
1965 1847 2119 1896 istam
2173 1847 2387 1911 quidem
2436 1847 2668 1897 indolem
2721 1847 2944 1912 linguae

451 1935 515 1983 N.
540 1934 601 1983 F.
629 1933 681 1983 J.
705 1934 757 1983 J.
786 1934 1113 1999 Scaliger,
1154 1932 1419 1982 animadv.
1446 1933 1515 1982 ad
1539 1933 1672 1982 Eus.
1698 1950 1750 1998 p.
1780 1935 1901 1983 134.
1925 1934 2126 1998 primus
2168 1932 2720 1994 „hellenisticam“
2761 1934 2946 1983 dicere

452 2019 666 2084 maluit3
714 2022 925 2069 nemine
963 2020 1105 2085 quod
1142 2021 1372 2069 sciamus
1411 2024 1758 2084 repugnante.
1815 2020 2013 2070 Verum
2050 2021 2144 2069 ubi
2179 2020 2248 2069 D.
2285 2019 2630 2082 Heinsius,
2677 2022 2735 2069 in
2767 2021 2944 2086 praef.

454 2108 522 2157 ad
570 2108 749 2157 Nonni
799 2124 881 2172 ep.
933 2107 1179 2172 paraphr.
1229 2108 1329 2157 Ev.
1367 2106 1652 2156 Johannei.
1701 2107 1873 2171 Lugd.
1922 2108 2044 2157 Bat.
2098 2108 2248 2156 1627.
2295 2107 2531 2156 Exercit.
2569 2107 2623 2157 S.
2669 2108 2740 2157 ad
2773 2108 2838 2157 N.
2878 2108 2946 2157 T.

452 2198 523 2245 ib.
564 2196 713 2244 1639.
774 2195 1006 2244 Exercit.
1045 2194 1111 2243 de
1148 2194 1333 2259 lingua
1370 2193 1728 2243 Hellenistica
1763 2199 1816 2243 et
1852 2193 2181 2243 Hellenistis.
2229 2194 2302 2243 ib.
2343 2195 2524 2257 1643.;
2578 2194 2944 2255 „dialecti“

454 2280 867 2347 adpellationem
904 2282 1006 2331 hac
1042 2283 1097 2330 in
1122 2297 1178 2330 re
1216 2285 1539 2345 usurpasset,
1578 2285 1769 2331 nactus
1807 2286 1890 2331 est
1927 2280 2262 2330 adversarios
2301 2281 2668 2345 gravissimos:
2709 2280 2768 2330 C.
2807 2281 2950 2332 Sal-

453 2370 747 2431 masium,
787 2369 852 2417 de
889 2368 1257 2417 Hellenistica.
1293 2366 1468 2433 Lugd.
1507 2367 1570 2417 B.
1606 2369 1757 2416 1643.
1796 2368 1983 2417 Funus
2018 2367 2150 2431 ling.
2185 2365 2310 2415 hell.
2347 2367 2418 2416 ib.
2445 2382 2491 2415 e.
2517 2365 2657 2417 a.'.J.
2683 2367 2950 2418 Croium

455 2455 583 2505 Obs.
620 2457 675 2504 in
711 2455 775 2504 N.
814 2456 875 2504 Τ.
928 2454 1062 2505 Gen.
1103 2456 1271 2516 1645„
1325 2454 1397 2503 Μ.
1438 2453 1629 2503 Cotte
1644 2455 1830 2516 rium,
1881 2470 2055 2503 exerc.
2101 2455 2167 2504 de
2203 2452 2415 2503 Hellen.
2467 2459 2520 2503 et
2564 2452 2692 2519 ling.
2728 2454 2950 2504 Hellen.

453 2543 669 2607 Argent.
710 2544 860 2591 1646.
914 2542 985 2590 Μ.
1026 2540 1412 2602 Sckokium,
1462 2540 1527 2589 de
1577 2540 1892 2591 Hellenistis
1943 2546 1995 2589 et
2042 2540 2225 2607 lingua
2273 2539 2470 2591 hellen.
2519 2540 2710 2590 Ultrai.
2760 2543 2950 2605 1651.;

455 2628 712 2693 aliosque.
750 2629 833 2678 De
860 2642 967 2693 qua
996 2634 1174 2678 tamen
1201 2626 1561 2693 adpellatione
1597 2643 1708 2677 non
1732 2633 1841 2677 tam
1864 2642 2078 2679 morosa
2113 2624 2267 2696 κρίσει
2302 2627 2634 2678 iudicassent
2667 2628 2950 2695 philologi,

456 2716 504 2764 si
540 2717 824 2779 observare
852 2714 1173 2765 voluissent:
1212 2715 1520 2764 rotundiore
1544 2717 1732 2780 magis,
1772 2729 1933 2781 quam
1960 2717 2164 2765 veriore
2189 2714 2342 2764 titulo
2385 2714 2451 2775 „h
2464 2713 2590 2763 elle
2602 2716 2950 2765 nisticam“

457 2806 701 2852 vocatam
759 2817 876 2852 esse
926 2802 1213 2851 dictionem
1269 2802 1334 2850 N.
1382 2802 1474 2866 T.;
1525 2818 1589 2851 eo
1641 2801 1785 2866 quod
1833 2817 2111 2850 commune
2159 2801 2384 2850 haberet
2431 2801 2636 2866 aliquid
2684 2817 2804 2851 cum
2851 2801 2958 2851 ina

457 2891 762 2954 graecitate,
800 2889 925 2938 licet
961 2890 1210 2939 usitatam
1235 2890 1351 2939 eius
1374 2888 1607 2939 indolem
1643 2905 1742 2954 per
1766 2890 1944 2938 omnia
1978 2903 2088 2938 non
2117 2890 2359 2938 retineat.
2409 2890 2494 2938 Ex
2529 2889 2754 2939 adversa
2785 2893 2954 2954 parte

457 2976 616 3025 facile
661 2975 940 3041 largimur:
990 2992 1115 3025 non
1167 2977 1511 3026 exstitisse
1567 2975 1921 3025 dialectum
1970 2975 2376 3041 peculiarem
2422 2975 2955 3037 hellenisticam,

457 3078 651 3112 nomen
704 3062 1267 3124 „hellenisticae“
1321 3064 1380 3112 in
1413 3068 1619 3112 tantum
1656 3062 2012 3124 admittenteS,
2048 3064 2106 3112 in
2143 3067 2402 3128 quantum
2436 3062 2570 3112 nihil
2603 3062 2751 3112 aliud
2785 3077 2956 3127 quam

458 3149 837 3211 characterem,
888 3155 947 3199 ut
994 3155 1193 3198 vocant
1228 3149 1558 3198 differentiae
1607 3149 1893 3214 specificae
1939 3151 1994 3198 in
2041 3149 2226 3215 lingua
2274 3164 2471 3214 graeca
2519 3150 2582 3199 N.
2618 3148 2681 3198 Τ.
2723 3150 2960 3199 innuere

460 3235 632 3285 debet.
670 3235 830 3284 Dial
847 3237 983 3285 ecti
1009 3235 1511 3286 Alexandrinae
1538 3251 1733 3284 nomen
1759 3235 1962 3300 placuit
1984 3236 2047 3284 Ε.
2077 3234 2275 3285 Grabio
2304 3236 2706 3286 accommodare
2728 3235 2960 3301 linguae

458 3323 624 3372 LXX.
649 3324 1012 3387 interpretum,
1052 3337 1115 3372 ac
1153 3323 1218 3371 de
1258 3323 1445 3371 eadem
1481 3321 1882 3386 diligentissime
1909 3322 2210 3386 disquisivit
2235 3321 2299 3371 F.
2327 3321 2389 3372 G.
2416 3322 2587 3384 Sturz,
2625 3323 2691 3372 de
2717 3322 2960 3372 dialecto

461 3408 825 3458 Alexandrina
874 3410 1080 3458 ratione
1127 3407 1284 3458 simul
1331 3409 1515 3458 habita
1561 3423 1700 3458 vers.
1749 3409 1811 3458 L.
1858 3409 1920 3458 L.
1959 3409 2021 3458 V.
2059 3409 2120 3458 T.
2159 3426 2234 3474 gr.
2283 3409 2432 3474 Lips.
2481 3411 2630 3460 1786.
2690 3410 2774 3458 De
2821 3409 2958 3459 dial.

464 3494 826 3544 Alexandrina
861 3496 903 3544 Ι.
940 3496 1012 3544 ΙΙ.
1050 3496 1197 3560 Lips.
1239 3497 1389 3545 1786.
1434 3496 1531 3545 ΙΠ.
1570 3494 1695 3544 Ger.
1733 3496 1882 3544 1788.
1943 3496 2190 3562 Denique
2228 3496 2295 3546 de
2333 3495 2560 3546 dialecto
2598 3497 2964 3547 Macedonica

463 3587 515 3634 ct
552 3582 915 3632 Alexandrina
950 3582 1097 3647 Lips.
1135 3583 1283 3632 1808.
1336 3582 1441 3632 Sed
1477 3581 1804 3647 peculiarem
1843 3582 2127 3632 dialectum
2165 3582 2584 3633 Alexandrinam
2617 3599 2856 3650 unquam
2891 3585 2964 3632 in

460 3685 636 3718 rerum
671 3674 865 3720 natura
902 3671 1182 3730 exstitisse,
1220 3671 1405 3719 merito
1443 3669 1648 3718 inficias
1688 3675 1818 3719 cunt
1852 3670 1959 3719 alii.
1999 3669 2316 3735 Cumprimis
2352 3670 2420 3720 H.
2448 3670 2672 3732 Planck,
2710 3671 2776 3720 de
2814 3686 2962 3720 vera

462 3760 653 3804 natura
689 3761 850 3821 atque
888 3756 1069 3805 indole
1106 3757 1359 3806 orationis
1399 3771 1625 3821 graecae
1663 3757 1726 3806 N.
1764 3757 1824 3806 Τ.
1864 3758 2255 3818 commentatio,
2293 3757 2349 3806 in
2383 3757 2767 3818 Rosenmiiller,
2806 3774 2964 3808 com-

465 3847 624 3891 ment.
655 3841 816 3894 theol.
842 3843 885 3892 Ι.
914 3845 960 3892 1.
990 3845 1105 3892 113.
1131 3857 1173 3892 s,
1222 3843 1357 3892 Nam
1396 3859 1533 3908 quae
1571 3842 2042 3892 Alexandrina
2079 3843 2341 3892 dialectus
2380 3844 2586 3905 dicitur,
2626 3849 2706 3893 est
2741 3859 2964 3894 sermo

462 3927 807 3994 vulgaris,
864 3931 1134 3991 mixtus,
1195 3930 1250 3977 in
1311 3930 1473 3978 variis
1534 3930 1841 3994 regionibus
1903 3935 1956 3978 et
2016 3930 2413 3980 civitatibus
2471 3945 2566 3996 per
2624 3929 2964 3980 Macedones

464 4017 797 4081 expugnatis.
848 4017 1134 4066 Enimvero
1173 4021 1301 4066 tunc
1338 4016 1567 4078 dialecti,
1604 4031 1744 4081 quae
1779 4015 2038 4067 hactenus
2075 4017 2132 4066 in
2171 4015 2398 4066 Graecia
2432 4031 2670 4066 seorsum
2708 4018 2964 4066 obtinue-

464 4107 603 4164 runt,
652 4105 708 4151 in
751 4118 916 4152 unum
963 4118 1293 4152 communem
1333 4104 1415 4166 τῆς
1452 4105 1611 4165 κοινῆς
1648 4103 1979 4153 coaluerunt.
2039 4104 2126 4152 Ex
2170 4104 2414 4152 omnibus
2457 4103 2661 4168 aliquid
2695 4103 2964 4165 habebat,

464 4190 624 4254 idque
677 4205 773 4254 pro
830 4189 1066 4238 locorum
1120 4205 1403 4254 rerumque
1466 4195 1798 4239 externarum
1853 4190 2160 4240 diversitate
2213 4191 2361 4240 varie
2391 4191 2764 4255 ‚compositum
2819 4195 2966 4240 erat.

465 4276 668 4336 Quodsi
703 4278 780 4325 ita
817 4281 911 4338 est,
963 4275 1120 4325 facile
1168 4274 1483 4340 intelligitur
1517 4275 1941 4326 Judaeorum
1991 4276 2582 4326 Alexandrinorum
2633 4276 2964 4341 linguam,

466 4362 749 4412 dialectum
784 4363 1203 4412 Alexandrinam
1241 4367 1427 4412 exacte
1466 4363 1570 4411 dici
1607 4378 1716 4412 non
1752 4379 1940 4428 posse;
1986 4365 2112 4427 quia
2146 4359 2400 4431 χαρακτὴρ
2439 4362 2655 4412 dialect-i
2692 4363 2966 4412 distincti-

465 4465 590 4514 vus,
638 4450 781 4514 quod
830 4450 1101 4516 linguae
1152 4450 1515 4500 communis
1565 4451 1653 4500 sit
1702 4449 2061 4499 diversitas
2111 4449 2459 4515 quaedam,
2513 4464 2732 4514 prorsus
2779 4450 2838 4499 in
2888 4465 2964 4502 eo

466 4551 707 4587 sermone
746 4537 1092 4588 desideratur.
