3309 5300
1111 348 1307 394 Nomina.
1337 347 1516 396 divisio,
1545 348 1728 389 effectus
1755 348 1798 388 S.
1832 350 1874 387 S.
2650 333 2735 397 63

268 528 550 585 Thomas,
588 523 1084 573 Bonaventura
1122 528 1186 573 et
1223 525 1443 573 ceteri
1479 539 1693 589 usque
1731 524 1799 573 in
1836 524 2009 573 hanc
2046 524 2213 572 diem
2248 522 2727 574 8611011181161.ιι

266 616 336 664 Ex
367 611 542 661 iisdem
568 610 980 660 Concordantiis
1004 611 1212 661 Latinis
1245 613 1500 676 originem
1539 616 1863 677 acceperunt
1888 610 2155 674 Graecae3
2192 626 2315 660 nam
2341 610 2408 659 ad
2434 610 2733 676 exemplum

267 700 483 766 Hugonis
518 697 776 747 Carensis
812 698 1170 748 Euthalius
1206 698 1525 762 Rhodius,
1565 699 1859 749 monachus
1897 700 2093 749 ordinis
2120 714 2160 748 s.
2186 698 2372 747 Basilii
2410 714 2457 747 a.
2482 699 2551 747 D.
2580 700 2731 748 1300.

267 802 432 854 graeco
467 801 712 834 sermone
753 785 1174 837 Concordantias
1211 788 1371 835 totius
1410 786 1714 852 Scripturae
1751 786 1815 835 V.
1856 791 1908 835 et
1942 787 2007 836 N.
2033 787 2094 836 T.
2134 788 2453 852 composuit3
2493 814 2559 821 —
2596 786 2731 836 refe-

266 880 394 926 rente
429 872 570 923 811110
610 871 859 936 Senensi,
895 873 1264 923 Bibliothecae
1302 872 1354 926 S.
1393 873 1428 923 l.
1465 874 1556 923 IV.
1596 873 1678 923 ed.
1716 873 1909 923 Franc.
1948 875 2098 922 1575.
2136 889 2188 937 p.
2214 875 2331 923 247.
2373 873 2455 922 Cf.
2480 873 2730 935 Fabricii,

266 962 383 1011 Bibl.
419 977 489 1026 gr.
524 960 618 1022 Di,
658 962 782 1010 289.
808 961 875 996 —'—
913 960 1007 1009 sed
1042 975 1334 1026 numquam
1371 961 1546 1010 editae
1584 960 1813 1010 fuerunt.
1870 958 2380 1010 Concordantiarum
2416 962 2731 1010 Latinarum

268 1049 520 1100 occasione
556 1047 847 1097 Hebraeae
885 1063 1099 1114 quoque
1135 1049 1192 1096 in
1228 1048 1290 1097 V.
1317 1048 1378 1097 T.
1419 1046 1671 1097 Codicem
1709 1052 1831 1096 sunt
1868 1049 2233 1097 concinnatae.
2286 1048 2487 1098 Auctor
2521 1047 2731 1097 illarum

265 1138 316 1186 R.
347 1137 491 1185 Isaac
541 1134 761 1184 Nathan
797 1163 863 1171 —
898 1136 988 1200 qui
1027 1134 1216 1185 claruit
1251 1150 1299 1184 a.
1339 1135 1398 1184 O.
1439 1136 1799 1185 1438-1448.
1844 1135 1925 1184 Cf.
1962 1135 2013 1184 J.
2055 1134 2114 1184 C.
2151 1134 2349 1197 Wolfii,
2396 1135 2733 1185 Bibliotheca

265 1223 504 1273 Hebraea.
529 1221 727 1272 Hamb.
753 1224 902 1272 1715.
929 1240 980 1287 p.
1003 1224 1119 1272 681.
1156 1222 1208 1271 J.
1233 1222 1408 1284 Fiirst,
1433 1222 1769 1272 Bibliotheca
1792 1222 2022 1271 iudaica.
2053 1222 2238 1287 Leipz.
2264 1224 2413 1272 1863.
2439 1223 2536 1285 ΙΠ,
2559 1224 2642 1272 23.
2662 1252 2729 1259 -

263 1311 570 1361 utilissimam
589 1311 827 1375 capitum
846 1310 1237 1359 distinctionem
1260 1311 1460 1375 primus
1479 1309 1667 1359 Bibliis
1686 1310 1971 1360 Hebraicis
1997 1310 2200 1373 intulit3
2225 1309 2351 1359 hinc
2369 1312 2425 1359 in
2446 1310 2731 1360 editionem

264 1397 482 1447 Danielis
516 1398 830 1463 Bombergii
852 1397 1093 1446 Venetiis
1121 1399 1272 1446 1523.
1311 1398 1646 1462 immigravit.
1684 1397 1945 1447 Nathanis
1982 1396 2265 1447 hebraicae
2304 1398 2730 1448 concordantiae

265 1485 474 1535 secundo
512 1484 690 1534 editae
729 1489 852 1534 sunt
886 1484 1134 1533 Basileae
1176 1486 1324 1534 1581.
1364 1484 1507 1549 apud
1543 1484 1880 1533 Ambrosium
1915 1484 2256 1546 Frobenium,
2304 1487 2459 1534 tertio
2500 1485 2729 1551 denique

265 1574 441 1621 Romae
477 1577 695 1622 auctore
731 1572 948 1621 Mario
987 1573 1063 1622 de
1102 1570 1403 1633 Calasio,
1443 1572 1552 1622 ord.
1577 1573 1708 1621 Min.
1736 1571 1864 1621 Obs.
1894 1578 1946 1621 et
1970 1574 2125 1637 Ling.
2152 1588 2193 1621 s.
2228 1572 2537 1621 Professore
2577 1573 2727 1621 1621.

266 1660 489 1709 Ceterum
524 1658 685 1709 huius
722 1659 828 1709 loci
865 1676 974 1709 non
1013 1663 1092 1708 est
1129 1658 1193 1707 de
1231 1664 1435 1721 aetate,
1485 1658 1711 1710 utilitate
1762 1664 1815 1708 et
1864 1661 2169 1709 auctoribus
2221 1659 2728 1709 Concordantiarum

266 1748 607 1811 commentari3
648 1748 1028 1812 praestiterunt
1064 1746 1165 1795 hoc
1189 1746 1240 1795 J.
1265 1746 1586 1809 Buxtorf,
1623 1748 1680 1794 in
1708 1746 2113 1796 Concordantiis
2138 1746 2431 1796 Bibliorum
2466 1745 2728 1796 hebraicis

267 1840 311 1885 et
333 1833 491 1883 chald.
516 1834 644 1883 Bas.
673 1836 824 1884 1632.
849 1834 1017 1899 praef.
1043 1834 1133 1883 fol.
1157 1834 1234 1883 IV
1236 1834 1462 1895 -XIV.,
1499 1835 1555 1882 in
1584 1833 1817 1883 editione
1853 1836 2215 1885 recentissima
2238 1835 2300 1883 B.
2326 1834 2483 1895 Baer,
2517 1832 2730 1882 Stettini

267 1923 397 1971 1861.
429 1922 464 1971 f.
497 1922 540 1971 I.
579 1921 682 1971 col.
718 1922 779 1971 V.
816 1937 856 1971 s.
917 1921 981 1971 A.
1019 1920 1308 1983 Glauch,
1367 1920 1700 1970 schediasma
1751 1921 1817 1970 de
1866 1937 1966 1971 usu
2016 1920 2523 1971 Concordantiarum
2570 1922 2627 1969 in
2674 1920 2726 1971 8.

265 2008 556 2073 Philologia,
582 2008 948 2074 Philosophia,
974 2008 1286 2073 Theologia.
1313 2009 1460 2074 Lips.
1490 2010 1639 2058 1668.
1678 2009 1729 2058 J.
1754 2008 1806 2058 le
1830 2010 1875 2057 L
1893 2025 2043 2073 ong,
2080 2008 2419 2057 Bibliotheca
2455 2023 2608 2057 sacra
2645 2008 2727 2058 ed.

265 2096 346 2144 ΠΙ.
379 2096 493 2145 Par.
533 2098 686 2146 1723.
737 2096 819 2146 Cf.
847 2114 892 2146 e.
919 2095 1174 2146 articulus
1211 2096 1275 2145 X.
1302 2096 1344 2157 I,
1371 2098 1488 2145 454.
1517 2112 1558 2145 s.
1605 2096 1656 2145 J.
1692 2096 1897 2158 Jahn,
1934 2096 2076 2145 Einl.
2115 2098 2171 2144 in
2208 2096 2291 2145 die
2330 2094 2477 2161 gottl.
2514 2094 2728 2145 Biicher

268 2183 346 2231 des
378 2182 436 2232 A.
471 2183 532 2233 B.
570 2184 731 2233 Wien
771 2186 922 2234 1802.
957 2184 1000 2247 I,
1039 2186 1156 2234 867.
1194 2200 1235 2233 8.
1293 2184 1351 2235 O.
1387 2184 1456 2233 H.
1491 2184 1767 2245 Brudcr,
1806 2183 2231 2233 Concordantiae
2269 2185 2503 2233 omnium
2537 2198 2727 2232 vocum

265 2271 319 2319 N.
340 2271 396 2319 T.
432 2287 504 2336 gr.
541 2272 690 2336 Lips.
721 2273 872 2321 1842.
910 2272 1076 2336 praef.
1116 2288 1165 2336 p.
1194 2274 1242 2321 3.
1269 2287 1309 2321 s.
1359 2270 1632 2334 Arnold,
1670 2272 1727 2319 in
1762 2261 1993 2335 Herzog,
2030 2271 2092 2319 R.
2125 2271 2189 2319 E.
2226 2271 2323 2333 ΙΙΙ,
2362 2272 2444 2320 58.
2483 2286 2555 2334 s.;
2594 2285 2726 2334 quos

266 2358 389 2408 adito
415 2360 457 2407 si
479 2358 645 2408 lubet.
683 2360 795 2409 Nos
826 2359 882 2407 id
906 2375 1069 2421 unum
1106 2359 1193 2407 hic
1231 2359 1473 2408 addimus
1512 2360 1951 2408 correctissimam
1989 2352 2272 2407 editionem
2300 2357 2725 2406 Concor-dantiae

266 2445 532 2495 Bibliorum
577 2446 860 2495 Sacrorum
906 2446 1170 2511 Vulgata-e
1227 2462 1343 2495 esse
1397 2446 1567 2508 illam,
1631 2462 1792 2511 quam
1847 2446 1916 2495 ad
1960 2461 2171 2510 recogn.
2222 2447 2257 2493 i.
2308 2444 2441 2494 Sixti
2488 2444 2553 2494 V.
2604 2444 2723 2493 adh.

265 2536 506 2582 recensuit
540 2538 700 2599 atque
739 2534 1044 2583 emendavit
1077 2534 1166 2583 Fr.
1192 2535 1418 2583 Lucas
1455 2534 1816 2599 Brugensis
1852 2533 2105 2582 Decanus
2132 2532 2724 2597 Audomaropolitanus.

267 2620 559 2686 Antverpiae
601 2638 663 2672 ex
703 2620 843 2672 offic.
881 2621 1111 2671 Plautin.
1149 2636 1234 2688 ap.
1270 2622 1333 2672 B.
1371 2622 1649 2671 Moretum.
1690 2622 1841 2671 1617.

445 2710 690 2775 Vulgaris
724 2715 906 2760 nostra
930 2726 1178 2760 versuum
1203 2710 1340 2759 Novi
1365 2710 1693 2758 Testamenti
1720 2708 1992 2774 dispositio
2030 2724 2223 2774 graeca
2258 2714 2530 2758 auctorem
2564 2708 2726 2758 habet

266 2796 528 2846 Robertum
564 2797 910 2862 Stephanum,
947 2799 1011 2848 N.
1049 2798 1110 2847 T.
1149 2797 1403 2847 editorem
1440 2813 1487 2846 a.
1531 2798 1707 2860 1551.;
1754 2798 1845 2861 qui
1891 2812 2012 2845 cum
2048 2796 2241 2845 Textui
2286 2811 2479 2862 graeco
2516 2801 2727 2860 praeter

265 2886 535 2934 versionem
559 2885 771 2934 Erasini
803 2884 1040 2948 latinam,
1066 2884 1352 2949 Vulgatam
1379 2901 1589 2949 quoque
1627 2884 1863 2946 adderet,
1896 2883 2043 2932 illam
2081 2885 2148 2933 ab
2174 2885 2405 2949 Hugone
2430 2884 2724 2948 profectam

267 2987 489 3021 versuum
523 2973 926 3038 dispositionem
961 2973 1195 3022 imitatus
1233 2977 1328 3021 est.
1365 2963 1513 3020 Idem
1540 2987 1588 3021 a.
1616 2973 1767 3022 1548.
1793 2973 1899 3020 iam
1923 2971 2188 3036 Vulgatae
2228 2970 2451 3020 eandem
2486 2971 2723 3019 inseruit.

267 3058 404 3118 Quod
435 3059 694 3125 reliquum
732 3065 827 3122 est,
876 3061 1296 3124 praetermittere
1334 3059 1478 3109 haud
1513 3075 1813 3125 possumus,
1851 3059 2049 3107 dudum
2086 3059 2192 3106 iam
2230 3059 2570 3108 observatum
2607 3073 2723 3106 esse

268 3148 324 3196 ab
367 3149 731 3213 interpretibus
778 3147 918 3196 hanc
954 3147 1216 3197 Textuum
1261 3147 1328 3196 U.
1367 3147 1427 3196 F.
1476 3163 1572 3212 per
1617 3147 1796 3213 capita
1841 3151 1893 3195 et
1927 3161 2113 3196 versus
2164 3146 2569 3207 distinctionem,
2623 3161 2723 3194 nec

268 3239 540 3283 accuratam
588 3237 718 3300 satis
767 3251 898 3298 esse,
946 3251 1046 3284 nec
1083 3239 1513 3299 argumentorum
1561 3235 1867 3284 cohaesioni
1904 3234 1991 3283 vel
2028 3234 2320 3284 diversitati
2356 3238 2480 3298 apte
2516 3248 2725 3297 semper

266 3321 586 3385 respondere3
634 3322 778 3371 unde
829 3321 1172 3371 Salmeron
1209 3339 1238 3370 e
1277 3321 1329 3371 S.
1366 3322 1418 3371 J.
1456 3321 1909 3386 praeclarissimus
1955 3320 2251 3386 theologus,
2292 3321 2493 3370 Comm.
2529 3321 2585 3369 in
2620 3321 2720 3369 Ev.

267 3407 385 3458 Hist.
421 3413 470 3457 et
502 3408 616 3458 Act.
655 3408 838 3474 Apost.
878 3408 996 3458 Col.
1036 3410 1185 3460 1612.
1234 3409 1522 3474 prolegom.
1568 3409 1663 3458 IX.
1714 3424 1830 3458 can.
1879 3411 1960 3458 22.
1998 3409 2040 3470 I,
2081 3410 2196 3458 104.
2241 3408 2444 3473 pridem
2489 3409 2721 3457 monuit:

267 3510 441 3558 posse
484 3511 597 3546 nos
645 3497 1002 3559 interdum,
1059 3499 1111 3546 si
1160 3497 1336 3546 ratio
1394 3502 1458 3546 et
1505 3497 1899 3545 auctoritas
1952 3497 2481 3561 patrocinentur,
2537 3510 2721 3559 prae-

270 3582 538 3632 cedentia
591 3585 987 3648 superioris
1037 3585 1278 3648 capitis
1323 3585 1536 3634 verba
1585 3600 1721 3633 cum
1772 3585 2131 3649 prioribus
2180 3584 2523 3649 sequentis
2579 3599 2721 3631 con-

269 3675 528 3734 nectere3
567 3672 666 3720 etsi
697 3670 969 3720 meliorem
995 3675 1048 3720 et
1073 3671 1375 3720 solidiorem
1411 3687 1624 3720 sensum
1648 3671 2015 3736 praeseferant
2051 3670 2333 3736 explicare,
2361 3674 2414 3718 et
2436 3669 2523 3719 vel
2558 3671 2722 3734 priori

269 3755 337 3803 vel
377 3760 612 3822 sequenti
659 3758 822 3822 capiti
871 3757 1128 3807 eiusmodi
1166 3760 1328 3807 verba
1375 3759 1608 3807 tribuere
1657 3763 1819 3823 atque
1869 3757 2156 3823 applicare.
2216 3757 2405 3822 Neque
2443 3757 2622 3821 dispar
2666 3757 2721 3804 in

269 3843 489 3894 Versibus
529 3843 897 3910 Capitulorum
934 3846 998 3894 L.
1035 3844 1100 3894 L.
1139 3843 1190 3894 S.
1229 3845 1295 3895 U.
1333 3847 1394 3895 F.
1433 3847 1693 3910 reperitur
1728 3847 1880 3895 ratio.

265 4141 309 4219 ξ.
350 4145 444 4208 21.
501 4138 617 4204 Ι)6
667 4139 948 4204 ordine
993 4139 1414 4205 Librorum
1464 4139 1885 4206 Sacrorum
1929 4139 2267 4205 Veteris
2314 4139 2716 4204 FoederiS.

443 4353 734 4416 Postquam
783 4351 1019 4400 diversos
1066 4352 1250 4401 modos
1298 4354 1679 4416 recensuimus,
1736 4353 2029 4402 secundum
2073 4368 2207 4418 quos
2254 4352 2307 4402 S.
2358 4352 2410 4402 S.
2448 4351 2515 4402 U.
2551 4351 2614 4400 F.
2662 4351 2719 4400 in

263 4443 416 4500 partes
451 4455 544 4488 seu
582 4438 876 4503 generales,
916 4454 1011 4488 seu
1048 4439 1308 4503 speciales
1345 4441 1822 4503 distribuebantur3
1870 4441 2107 4505 sequitur
2142 4457 2299 4502 nunc,
2338 4445 2397 4489 ut
2434 4445 2485 4488 et
2519 4438 2719 4503 peculi—

261 4525 400 4572 ariter
432 4526 774 4590 inquiramus,
815 4541 919 4591 quo
959 4525 1142 4574 ordine
1181 4524 1376 4590 singuli
1411 4527 1562 4575 Libri
1598 4526 1663 4575 V.
1691 4531 1743 4575 et
1766 4527 1830 4574 N.
1854 4526 1917 4575 F.
1948 4541 2004 4576 se
2043 4527 2324 4591 excipiant.
2360 4526 2469 4574 Iste
2508 4526 2719 4590 quidem
