3309 5300
1163 378 1224 419 ΒΘ
1253 379 1424 420 Canone
1453 379 1683 421 s.1.ibror.
1716 380 1812 421 νει.
1844 379 1963 420 rest.
2722 368 2805 429 29

310 554 513 614 Quini
549 582 614 590 —
655 559 884 603 sextae
921 554 1155 619 synodi
1191 555 1294 603 sibi
1329 554 1511 604 favere
1537 559 1744 619 putant,
1772 555 1997 604 eandem
2034 560 2086 604 et
2122 554 2277 604 nobis
2303 554 2485 603 favere
2510 554 2805 604 concedere

310 639 451 689 ultro
489 645 773 705 urgentur3
815 640 958 705 quod
995 641 1182 690 eadem
1219 656 1426 689 canone
1459 641 1527 689 II.
1553 656 1663 690 non
1699 642 1872 690 minus
1912 642 2071 690 etiam
2111 640 2546 705 Carthaginensis
2593 640 2806 690 concilii

313 725 532 776 decreta
581 728 974 792 approbaverit.
1305 782 1310 786 ,

522 812 832 864 Succedunt
851 813 1152 863 Concilia
1175 813 1525 863 Ecclesiae
1548 813 1818 864 African
1832 829 1928 878 ae3
1957 815 2383 879 frequentissima
2406 814 2593 864 habita
2612 830 2729 864 esse
2749 816 2806 863 in

308 899 495 949 Africa
523 899 784 962 Concilia,
823 917 1110 965 eorumque
1147 904 1270 949 acta
1292 901 1380 950 vel
1403 902 1524 965 ipsa
1558 901 1894 951 multitudine
1933 916 2046 963 sua,
2086 905 2139 950 et
2176 902 2334 950 etiam
2373 916 2531 951 aerae
2558 916 2665 967 qua
2702 902 2803 967 sig-

307 987 598 1048 nabantur,
627 986 953 1038 difficultatis
973 986 1174 1052 aliquid
1196 988 1484 1051 continere,
1509 989 1649 1037 inter
1675 1004 1857 1038 omnes
1884 992 2110 1038 constat.
2136 988 2325 1038 Ternis
2345 990 2550 1038 vicibus
2571 989 2636 1038 de
2653 989 2803 1037 Divi-

305 1088 504 1122 norum
539 1074 880 1123 Voluminum
915 1089 1134 1123 numero
1174 1076 1544 1139 quaestionem
1577 1075 1743 1125 fuisse
1767 1075 2032 1125 Africanis
2069 1075 2337 1137 PatribuS,
2378 1092 2441 1124 ex
2478 1076 2801 1125 transmissis

306 1174 497 1210 eorum
534 1161 604 1210 ad
640 1177 738 1211 nos
777 1162 926 1224 actis,
965 1190 1031 1197 —
1069 1176 1208 1226 quae
1243 1178 1340 1227 pro
1377 1177 1524 1211 more
1560 1177 1658 1211 suo
1699 1162 2099 1227 diligentissime
2147 1165 2399 1210 eruerunt
2433 1162 2495 1211 F.
2534 1161 2803 1224 Ballerini‚

303 1246 432 1297 Vol.
457 1248 556 1297 ΙΙΙ.
585 1247 686 1313 Op.
725 1247 778 1297 S.
804 1249 1002 1299 Leonis
1026 1248 1098 1297 M.
1126 1249 1208 1298 ed.
1233 1249 1368 1299 Ven.
1398 1251 1550 1299 1757.
1576 1267 1626 1315 p.
1655 1252 1738 1301 78.
1758 1265 1799 1301 s,
1826 1268 1877 1316 p.
1900 1252 1982 1300 98.
2003 1266 2044 1299 s.
2080 1277 2138 1285 —
2172 1248 2531 1314 intelligimus.
2568 1250 2804 1297 Primum

305 1348 506 1399 nempe
551 1336 610 1384 in
659 1334 901 1384 Concilio
949 1336 1516 1402 Hippone-regio
1574 1336 1919 1386 celeberrimo
1970 1337 2095 1385 anni
2144 1338 2270 1397 393,
2328 1335 2472 1400 quod
2519 1335 2805 1384 Africanae

305 1420 630 1488 disciplinae
665 1422 1016 1472 fundamenta
1049 1424 1188 1484 iecit,
1234 1428 1395 1488 atque
1433 1438 1466 1472 a
1503 1440 1544 1473 s.
1569 1424 1867 1487 Augustino
1895 1453 1961 1459 —-
1986 1424 2219 1472 Retract.
2255 1422 2299 1484 I,
2330 1425 2409 1471 17.
2463 1422 2621 1487 Oper.
2648 1422 2692 1483 I,
2722 1424 2804 1471 27.

304 1506 395 1556 Cf.
443 1506 724 1573 Cuperum,
758 1508 809 1557 S.
847 1507 915 1570 J.,
962 1510 1018 1557 in
1061 1508 1176 1558 Act.
1217 1508 1397 1559 Sanct.
1444 1509 1696 1559 Bollandi
1742 1510 1813 1558 M.
1854 1509 1987 1574 Aug.
2026 1509 2117 1571 VI,
2156 1511 2258 1558 429
2298 1537 2363 1545 —
2404 1508 2804 1573 „plenarium

303 1595 520 1643 totius
559 1594 824 1645 Africae
863 1596 1244 1645 concilium“
1283 1602 1534 1661 vocatur3
1575 1597 1748 1647 editus
1788 1602 1869 1647 est
1906 1596 2094 1646 Canon
2128 1596 2390 1658 XXXVI„
2430 1596 2522 1661 qui
2560 1595 2627 1644 de
2665 1594 2716 1644 S.
2746 1593 2800 1643 S.

303 1683 532 1730 statuit:
571 1718 604 1743 ,‚
618 1681 682 1731 Ut
707 1686 922 1745 praeter
957 1680 1252 1747 Scripturas
1286 1684 1555 1733 canonicas
1589 1684 1719 1733 nihil
1755 1683 1809 1733 in
1844 1683 2053 1734 ecclesia
2090 1684 2287 1748 leqatur
2309 1684 2401 1732 sub
2436 1684 2637 1732 ‘nomine
2672 1681 2803 1732 divi-

302 1784 494 1817 narum
520 1766 921 1833 Scripturarum.
973 1768 1100 1819 Sunt
1135 1776 1300 1819 autem
1330 1772 1600 1821 canonicae
1625 1769 1951 1835 Smipturae:
2002 1769 2226 1832 Genesis,
2264 1768 2495 1835 Emodus,
2535 1768 2804 1830 Leviticae,

305 1853 545 1917 Numeri,
584 1855 1046 1919 Deuteronomium‚
1074 1856 1197 1905 Jesu
1220 1856 1381 1919 Nave,
1418 1856 1674 1920 Judicum,
1712 1857 1867 1907 Ruth.
1894 1857 2181 1922 Reynorum
2217 1857 2337 1905 libri
2372 1864 2602 1920 quatuor.
2641 1856 2807 1905 Para·

307 1942 602 2005 lipomenon
638 1942 762 1993 libri
796 1942 915 1996 ἀπο.
951 1942 1066 1994 Job.
1103 1944 1412 1994 Psalterium
1439 1943 1750 1995 davidicum.
1787 1942 2077 1994 Salomonis
2112 1943 2235 1993 libri
2257 1942 2488 2008 quinque.
2526 1942 2805 1993 Duodecim

304 2028 434 2079 libri
478 2030 864 2099 prophetarum.
935 2030 1144 2097 Esojas,
1197 2031 1463 2094 Jeremicw,
1519 2031 1726 2093 Daniel,
1783 2030 2031 2092 Ezechiel,
2093 2031 2290 2093 Tobiae,
2344 2029 2543 2091 Judith,
2599 2030 2802 2095 Hester,

308 2116 550 2167 Hesdrae
583 2118 707 2167 libri
739 2117 856 2181 duo,
883 2116 1304 2168 Machabaeorum
1341 2118 1460 2168 libri
1493 2118 1649 2168 duo.“
1686 2119 1951 2168 Putarunt
1976 2120 2186 2183 quidem
2213 2119 2418 2168 nonulli
2452 2118 2803 2167 recentiorum

307 2206 657 2269 scriptorum,
710 2205 844 2255 duos
892 2206 1343 2257 Machabaeorum
1390 2206 1554 2256 libros
1599 2208 1738 2254 inter
1786 2206 2087 2271 Scripturas
2135 2205 2435 2255 Canonicas
2482 2221 2589 2254 non
2640 2205 2804 2254 fuisse

307 2294 605 2342 recensitos
643 2294 698 2342 in
735 2293 838 2342 hac
873 2294 1107 2357 synodo3
1146 2310 1246 2343 nec
1281 2294 1338 2341 in
1376 2292 1785 2357 Carthaginensi
1822 2294 1919 2343 ΠΙ.
1958 2295 2107 2357 397.;
2155 2293 2248 2343 sed
2286 2292 2454 2342 solum
2492 2294 2548 2340 in
2585 2292 2804 2340 Cartha·

307 2379 520 2443 ginensi
547 2380 638 2428 VI.
667 2395 712 2428 a.
741 2382 860 2430 419.
897 2380 1082 2429 habita
1105 2385 1342 2445 tempore
1366 2380 1568 2429 Bonif
1576 2380 1707 2428 acii
1741 2381 1801 2428 P.
1844 2379 1914 2428 At
1936 2379 2033 2429 hos
2061 2396 2273 2444 quoque
2299 2380 2491 2429 Libros
2518 2380 2574 2426 in
2600 2378 2801 2442 synodo

307 2465 651 2530 Hipponensi
686 2466 854 2517 fuisse
889 2468 1029 2517 inter
1066 2467 1367 2516 Canonicos
1417 2467 1729 2531 descriptOS‚
1764 2466 2065 2531 ,probarunt
2099 2466 2372 2527 Ballerini,
2411 2466 2445 2515 l.
2485 2482 2529 2514 c.
2568 2469 2699 2514 nota
2735 2464 2803 2514 ad

307 2550 362 2600 h.
400 2568 446 2601 c.
483 2552 599 2601 Imo
639 2553 809 2602 codex
844 2570 966 2603 mss.
1007 2555 1396 2603 vetustissimus
1435 2554 1502 2603 ab
1540 2553 1821 2601 Harduino
1861 2552 1929 2601 ad
1968 2553 2083 2602 cod.
2124 2568 2241 2601 can.
2278 2552 2427 2601 Eccl.
2461 2552 2571 2600 Afr.
2609 2552 2801 2600 XXIV.

309 2638 576 2688 adductus
613 2639 1024 2691 Pithoeanus
1061 2640 1104 2702 Ι,
1138 2641 1272 2702 878.,
1315 2640 1529 2690 eosdem
1565 2655 1663 2689 suo
1700 2638 1819 2689 loco
1856 2640 1911 2688 in
1946 2639 2161 2704 Synodo
2198 2640 2537 2705 Hipponensi
2574 2638 2803 2689 exhibet.

309 2726 548 2776 Dubium
585 2743 746 2791 porro
784 2743 904 2778 esse
953 2729 1139 2792 nequit
1172 2729 1310 2777 inter
1351 2733 1473 2776 acta
1519 2727 1746 2776 Concilii
1785 2725 1981 2776 Carth
1996 2728 2333 2791 aginensis
2371 2726 2469 2774 III.
2519 2728 2646 2774 anni
2684 2729 2801 2788 397,

313 2812 622 2878 catalogum
657 2814 800 2863 hunc
849 2817 1020 2880 ipsum
1058 2816 1372 2864 Divinarum
1411 2814 1801 2879 Scripturarum
1840 2841 1907 2851 --
1945 2815 2036 2878 qui
2074 2815 2241 2863 idem
2278 2818 2360 2863 est
2396 2829 2459 2862 ac
2494 2813 2585 2862 ille
2622 2830 2804 2878 quem

312 2898 690 2949 Concilium
727 2900 1186 2951 Tridentinum
1224 2901 1441 2950 tradidit
1477 2917 1596 2949 cum
1635 2902 1825 2950 ceteris
1850 2900 2149 2949 XXXVIII.
2187 2901 2353 2950 fuisse
2384 2902 2690 2965 repetitum3
2728 2902 2804 2949 ita

314 2986 619 3038 volentibus
658 2987 763 3036 illis
787 2989 1055 3051 Patribu8‚
1092 3004 1161 3038 ne
1199 2988 1504 3037 eorumdem
1539 2989 1796 3037 memoria
1832 2993 1925 3037 aut
1952 2988 2235 3053 disciplina
2258 3003 2495 3052 unquam
2522 2988 2801 3037 excideret.

309 3073 449 3123 Vide
473 3073 666 3135 Mansi,
688 3075 785 3137 III,
813 3077 932 3124 892.
971 3075 1114 3141 apud
1151 3091 1306 3140 quem
1335 3074 1562 3124 Concilii
1591 3073 2026 3140 Carthaginensis
2051 3080 2171 3124 tert.
2200 3091 2317 3140 cap.
2342 3076 2563 3124 XLVII.
2590 3077 2645 3122 in
2670 3075 2804 3124 haec

312 3161 482 3210 verba
521 3161 744 3211 desinit:
798 3163 948 3224 „Hoc
987 3165 1143 3212 etiam
1191 3163 1340 3211 fratri
1378 3167 1432 3211 et
1467 3162 1839 3211 consacerdoti
1891 3168 2072 3212 nostro
2110 3162 2323 3210 Bonif
2330 3163 2511 3224 acic,
2562 3162 2648 3210 vel
2686 3163 2804 3212 aliis

315 3263 496 3297 earum
527 3251 758 3314 partium
785 3252 1067 3315 episcopis,
1104 3266 1200 3314 pro
1240 3248 1600 3298 confirmando
1625 3250 1729 3299 isto
1758 3265 1962 3298 canone
1999 3251 2316 3311 innotescat,
2356 3251 2482 3314 quia
2505 3265 2539 3297 a
2564 3251 2803 3315 patribus

311 3362 380 3372 —
408 3350 483 3384 sc.
511 3337 767 3386 Nicaenis
805 3353 1028 3400 quorum
1055 3335 1388 3385 definitiones
1417 3352 1482 3384 ex
1507 3337 1897 3401 exemplaribus
1923 3353 2019 3401 per
2046 3336 2406 3385 Caecilianum
2442 3336 2617 3386 allatis
2644 3353 2804 3386 nove-

311 3427 440 3470 runt
464 3450 533 3458 --
559 3423 663 3471 ista
699 3425 1002 3489 accepimus
1041 3425 1094 3472 in
1132 3422 1364 3472 ecclesia
1392 3423 1671 3488 legenda.“
1713 3422 1818 3472 Sed
1854 3423 1956 3472 hoc
1994 3423 2413 3473 additamentum
2450 3423 2667 3472 eruditis
2702 3423 2805 3472 hoc

310 3507 434 3557 loco
471 3513 817 3573 praepostere
855 3511 1085 3574 positum
1124 3525 1242 3559 esse
1279 3509 1530 3573 habetur3
1582 3513 1634 3558 et
1670 3509 2098 3558 transferendum
2148 3509 2216 3558 ad
2264 3511 2475 3559 serius
2522 3509 2806 3559 concilium

311 3595 510 3644 Carth
528 3597 846 3660 aginense
893 3596 1118 3658 videtur,
1169 3597 1262 3646 ubi
1309 3596 1448 3645 idem
1497 3595 1775 3661 catalogus
1824 3598 2077 3646 recitatus
2116 3602 2221 3660 est3
2262 3625 2327 3633 --
2375 3612 2501 3646 nam
2535 3597 2593 3645 in
2629 3597 2804 3646 certis.

309 3685 372 3730 ut
403 3682 441 3730 l.
481 3698 527 3731 c.
566 3683 698 3732 dicit
731 3683 923 3744 Mansi,
975 3683 1364 3748 exemplaribus
1413 3682 1604 3732 dicitur
1650 3699 1768 3734 esse
1819 3683 2255 3748 Carthaginensis
2302 3683 2516 3733 concilii
2551 3682 2806 3732 celebrati

307 3773 436 3834 post
478 3769 600 3818 XII.
650 3770 879 3819 Honorii
930 3769 1295 3831 Consulatum,
1345 3774 1398 3818 et
1446 3769 1733 3821 Theodosii
1784 3775 2050 3820 octavum.
2098 3797 2163 3805 —
2213 3785 2261 3820 a.
2299 3772 2416 3819 419.
2454 3787 2505 3818 v.
2542 3772 2679 3831 420„
2716 3770 2801 3834 qui

310 3857 442 3905 anni
484 3861 709 3906 currunt
745 3857 844 3907 sub
870 3857 1151 3906 Bonifacio
1177 3857 1346 3922 Papa.
1395 3857 1471 3906 Ut
1504 3857 1638 3907 adeo
1668 3858 1941 3923 catalogus
1978 3862 2161 3908 noster
2197 3874 2226 3906 e
2252 3857 2479 3907 concilio
2514 3857 2803 3906 Nicaeno

307 3944 366 3992 in
416 3943 655 4009 aliquam
700 3943 982 3994 Africae
1029 3945 1128 3993 sub
1177 3943 1485 3995 Caeciliano
1537 3944 1835 4008 Synodum,
1883 3945 2008 3994 hinc
2052 3947 2109 3994 in
2154 3946 2703 4011 Hipponensem,
2754 3948 2807 3993 et

311 4029 506 4079 exinde
543 4032 684 4080 inter
720 4031 936 4080 decreta
974 4029 1534 4096 Carthaginensia
1567 4031 1843 4082 traductus
1880 4033 2055 4081 fuerit.
2092 4032 2258 4082 Plura
2295 4033 2359 4082 de
2395 4034 2513 4082 istis
2551 4031 2805 4081 Conciliis

314 4118 660 4182 reperiuntur
695 4118 840 4182 apud
876 4118 1069 4181 Welte,
1107 4119 1242 4168 iiber
1279 4118 1374 4167 das
1413 4118 1600 4167 kirchl.
1638 4118 1892 4168 Ansehen
1917 4118 1967 4168 d.
1994 4119 2043 4167 d.
2070 4119 2123 4168 k.
2160 4119 2388 4181 Biicher‚
2426 4120 2481 4168 in
2519 4134 2641 4168 ann.
2667 4117 2803 4166 Tiib.

311 4203 681 4263 Quartalschr.
722 4207 872 4254 1839.
911 4221 959 4269 p.
1000 4206 1118 4255 268.
1157 4219 1198 4252 s.

527 4290 738 4340 Omisso
775 4291 1045 4341 Damasi
1081 4292 1140 4340 P.
1170 4291 1415 4357 catalogo
1451 4321 1504 4328 -
1537 4292 1586 4341 d.
1615 4309 1665 4356 q.
1690 4309 1741 4341 v,
1781 4291 1951 4353 ThieI,
1990 4292 2055 4340 de
2081 4291 2276 4340 decret.
2304 4290 2504 4340 Gelasii
2529 4308 2579 4355 p.
2610 4292 2689 4340 15.
2720 4293 2804 4340 21.

315 4404 382 4413 -
418 4381 761 4428 transeamus
799 4378 868 4426 ad
902 4395 1012 4428 rem
1061 4378 1333 4428 saeculi
1383 4380 1626 4442 quinti.
1686 4379 2123 4443 Exsuperius
2162 4380 2445 4443 episcopus
2483 4377 2714 4428 Tolosae
2750 4379 2808 4426 in

316 4462 514 4526 Gallia,
553 4463 692 4514 datis
716 4464 885 4514 literis
911 4463 981 4514 ad
1003 4465 1375 4515 Innocentium
1411 4464 1455 4515 Ι.
1480 4465 1558 4527 Ρ.,
1598 4443 1720 4514 eum
1746 4465 1811 4514 de
1837 4466 1996 4515 rebus
2021 4465 2184 4513 variis
2211 4465 2491 4528 consuluit,
2523 4466 2579 4513 in
2612 4465 2806 4529 quibus

314 4552 476 4601 etiam
513 4552 580 4602 de
615 4551 884 4602 Canone
921 4553 1304 4602 Divinorum
1341 4552 1739 4616 Bibliorum3
1784 4553 1871 4601 cui
1909 4568 1992 4617 ep.
2030 4552 2121 4600 VI.
2158 4567 2210 4600 n.
2251 4553 2297 4600 7.
2328 4579 2387 4588 -
2419 4551 2500 4600 ed.
2538 4551 2805 4617 Epistola-
