3309 5300
1197 451 1457 503 Disquisitio
1484 452 1539 493 de
1565 464 1720 493 sensus
1747 452 1792 493 S.
1824 453 1868 493 S.
2648 440 2778 505 267

301 634 777 703 indicandam,
834 653 1012 711 quae
1064 634 1377 691 nondum
1428 634 1725 705 existit,
1773 634 1892 691 sed
1944 638 2136 691 certe
2187 632 2580 711 aliquando
2625 652 2778 691 eve-

300 738 457 797 niet.
518 737 671 795 Cum
714 758 851 812 ergo
894 741 961 795 in
1000 743 1173 815 typo
1218 758 1445 813 semper
1474 738 1840 813 significetur
1869 738 2232 809 futurum,
2267 758 2384 796 non
2413 739 2568 796 male
2599 741 2784 804 etiam¹

298 843 693 919 symbolum
740 844 1269 919 propheticum,
1320 845 1437 902 imo
1486 849 1545 901 et
1588 843 1986 920 Prophetia
2029 848 2302 914 vocatur;
2361 848 2536 921 atque
2578 862 2778 901 sensus

299 948 581 1025 typicus
624 949 807 1005 idem
850 967 999 1005 cum
1031 948 1447 1023 prophetico
1484 968 1601 1005 esse
1633 953 1919 1005 censetur.
1974 948 2132 1005 Deus
2163 948 2265 1025 qui
2295 967 2400 1023 per
2430 948 2778 1005 omniscien-

298 1053 432 1109 tiam
461 1051 669 1109 omnia
695 1052 897 1109 futura
928 1052 1235 1126 cognoscit,
1270 1071 1362 1108 res
1392 1053 1720 1139 quasdam
1704 1072 1770 1109 111
1799 1052 1873 1109 V.
1899 1052 1967 1109 F.
2001 1052 2088 1108 ita
2117 1052 2524 1123 conformavit,
2559 1056 2628 1109 ut
2657 1053 2780 1111 sint

297 1156 573 1229 imagines
588 1156 946 1215 futurarum.
974 1156 1069 1212 Sic
1087 1156 1276 1229 igitur
1294 1156 1605 1231 interpreti
1627 1159 1702 1213 A.
1720 1156 1786 1211 Τ.
1810 1158 2048 1213 0111111110
2066 1160 2197 1231 post
2214 1158 2525 1214 inventum
2545 1176 2776 1214 sensum

297 1260 581 1318 literalem
614 1261 1075 1336 dispiciendum
1074 1260 1208 1332 erit,
1240 1265 1442 1317 utrum
1473 1261 1551 1317 sit
1580 1259 1913 1336 symbolum
1943 1261 2039 1319 vel
2070 1260 2285 1337 typus?
2314 1261 2552 1335 Semper
2573 1266 2774 1320 autem

299 1383 533 1421 sensus
573 1364 1017 1441 symbolicus
1056 1368 1123 1421 et
1160 1367 1455 1441 typicus
1504 1369 1870 1435 nascatur,
1927 1366 2304 1441 supposito
2356 1364 2639 1423 literali
2693 1386 2778 1422 ex

298 1470 597 1543 ipsamet
637 1469 1031 1539 sententia3
1068 1489 1187 1527 non
1217 1470 1506 1527 violenter
1536 1489 1642 1525 1166
1676 1474 1954 1527 contorte.
2005 1469 2172 1532 Quod
2203 1470 2440 1547 quidem
2470 1474 2536 1527 ut
2565 1472 2774 1527 melius

297 1571 684 1645 intelligatur,
719 1573 945 1650 aliquas
976 1574 1231 1631 cautelas
1254 1575 1319 1630 in
1343 1574 1688 1649 explicando
1719 1591 1890 1630 sensu
1920 1575 2118 1649 typico
2150 1575 2537 1632 observandas
2567 1575 2777 1631 addere

298 1678 471 1747 iuvat,
524 1696 577 1733 a.
629 1677 766 1734 Non
809 1697 979 1735 omne
1024 1679 1177 1755 quod
1222 1678 1289 1733 in
1338 1679 1413 1735 A.
1456 1678 1523 1735 F.
1572 1682 1898 1753 respectum
1941 1679 2120 1735 habet
2163 1678 2240 1735 N.
2287 1678 2356 1736 F.
2403 1684 2580 1754 typus
2627 1682 2714 1735 est
2739 1676 2778 1735 ¹.

298 1784 349 1839 b.
378 1780 455 1837 In
476 1800 563 1857 re,
598 1800 778 1858 quam
808 1786 1033 1839 constat
1063 1784 1325 1858 typicam
1348 1802 1485 1853 esse,
1518 1802 1637 1839 non
1662 1802 1859 1839 omnes
1891 1787 2086 1858 partes
2116 1783 2332 1840 idcirco
2359 1785 2590 1859 typicae
2621 1771 2794 1840 sunt(

299 1904 342 1942 c.
372 1882 533 1946 Quae
563 1885 635 1942 in
665 1906 786 1943 una
808 1888 1119 1964 eademque
1146 1906 1209 1943 re
1234 1905 1657 1963 nonnunquam
1689 1886 1942 1961 exprimi
1975 1887 2134 1944 haud
2165 1890 2500 1962 potuerunt,
2535 1886 2781 1945 subinde

298 2010 329 2047 a
348 1989 467 2046 Deo
498 1990 664 2048 inter
693 1990 886 2065 plures
917 1990 1141 2049 divisae
1169 1990 1414 2048 fuerunt
1432 1986 1475 2048 2.
1520 1992 1576 2047 d.
1602 1990 1808 2047 Omnis
1839 1995 2016 2067 typus
2048 1990 2400 2048 imbecillior
2429 2011 2548 2048 esse
2579 1992 2783 2049 debuit

298 2092 565 2169 antitypo
582 2092 625 2151 3.

543 2371 603 2447 ξ.
658 2371 799 2434 114.
847 2368 1330 2432 Referuntur
1378 2378 1451 2431 et
1497 2367 2061 2453 expenduntur
2106 2370 2274 2454 typi
2321 2368 2402 2433 V.
2452 2362 2528 2432 F.

499 2558 705 2643 Typi
760 2558 842 2623 V.
898 2556 973 2621 F.
1039 2560 1236 2642 igitur
1303 2569 1452 2622 sunt
1512 2560 1899 2623 vaticinia
1965 2559 2248 2643 realia,
2318 2558 2608 2623 exhibita
2666 2582 2785 2643 per

302 2680 508 2735 certas
579 2694 685 2735 res
753 2680 1007 2756 gestas3
1079 2693 1275 2756 quae
1344 2681 1408 2736 et
1469 2681 1864 2756 quatenus
1925 2695 1964 2736 a
2024 2672 2267 2758 Spiritu
2326 2671 2391 2736 S.
2449 2672 2534 2735 ad
2593 2695 2782 2757 prae-

299 2783 591 2849 notanda
658 2784 879 2849 futura
937 2783 1275 2848 ordinatae
1347 2794 1413 2864 et
1472 2794 1892 2870 comparatae
1953 2784 2235 2849 fuerunt.
2313 2785 2370 2848 T
2381 2807 2582 2870 ypos
2649 2786 2785 2848 sive

299 2898 609 2976 vaticinia
651 2896 855 2960 realia
913 2919 1068 2960 vere
1131 2875 1198 2960 111
1246 2895 1311 2960 S.
1361 2896 1426 2962 S.
1474 2897 1555 2961 V.
1602 2897 1679 2962 F.
1742 2898 2013 2983 reperiri
2070 2906 2358 2961 constat:
2423 2921 2459 2960 e
2511 2919 2783 2981 genera-

299 3005 717 3092 libus-dictis
748 3010 1137 3074 Divinarum
1197 3009 1567 3073 Literarum
1612 3011 1690 3074 N.
1737 3011 1813 3073 F.
1871 3033 1928 3074 a.
1975 3011 2278 3077 Docente
2327 3010 2476 3074 divo
2523 3009 2728 3074 Paulo
2751 3014 2776 3058 4

300 3122 517 3208 plures
542 3164 552 3174 -
582 3144 906 3209 personae
968 3132 1033 3186 et
1097 3144 1232 3205 reS,
1300 3143 1425 3186 nec
1497 3145 1630 3187 non
1694 3132 1968 3186 eventus
2026 3123 2464 3187 Historiarum
2529 3123 2783 3188 Veteris

300 3235 616 3300 Foederis
672 3235 986 3320 peculiari
1043 3234 1330 3319 quodam
1378 3235 1644 3299 consilio
1703 3245 1898 3321 atque
1944 3237 2232 3300 instituto
2282 3235 2368 3299 ad
2411 3235 2480 3299 id
2526 3236 2782 3300 confor-

299 3348 684 3414 mabantur:
730 3357 804 3412 ut
848 3348 1119 3413 futura
1166 3348 1549 3433 quaedam
1594 3350 2070 3433 praesertim
2117 3348 2211 3411 ad
2259 3347 2662 3412 Christum
2709 3359 2788 3413 et
2893 3389 2896 3392 ·

303 3462 469 3524 eius
523 3460 994 3525 Ecclesiam
1068 3462 1589 3546 pertinentia,
1666 3461 2036 3525 rudioribus
2106 3460 2305 3524 veluti
2377 3461 2787 3526 lineamentis

300 3574 927 3659 praesignificarent.
973 3573 1087 3638 Uti
1118 3583 1333 3638 erant.
1367 3573 1754 3638 Adamus5
1754 3572 2506 3656 ,Melchisedecus⁶,
2553 3574 2786 3638 Isaac

511 3779 549 3844 ¹)
589 3779 749 3828 Hane
798 3777 971 3842 legem
997 3778 1297 3826 ‘observare
1333 3776 1569 3842 neglexit
1614 3776 1712 3825 Ph.
1749 3777 2052 3839 Krementz,
2087 3778 2146 3826 in
2179 3776 2374 3827 libellis
2413 3777 2462 3826 d.
2500 3777 2563 3826 A.
2601 3778 2661 3827 Τ.
2701 3777 2784 3827 als

301 3864 524 3914 Vorbild
562 3864 613 3915 d.
650 3865 716 3914 N.
757 3862 909 3913 Cobl.
950 3864 1099 3913 1866.
1138 3868 1191 3912 et
1226 3863 1277 3912 d.
1314 3863 1573 3928 Evangel.
1609 3865 1684 3912 im
1719 3864 1780 3912 B.
1809 3863 2051 3913 Genesis.
2089 3865 2161 3914 ib.
2191 3866 2341 3914 1867.
2404 3864 2444 3926 2)
2483 3864 2788 3914 Notandum

301 3957 483 4001 tamen
526 3953 585 4000 in
634 3943 917 4015 Prophetis
955 3955 1009 3999 et
1044 3950 1271 3999 Psalmis
1319 3951 1443 3999 huie
1490 3950 1710 4015 regulae
1760 3950 2046 4015 aliquando
2095 3950 2272 4000 locum
2320 3967 2429 4000 non
2477 3967 2612 4013 esse,
2663 3953 2790 4017 quia

300 4038 528 4088 subinde
566 4039 635 4088 ab
673 4052 784 4086 una
818 4053 875 4086 re
914 4038 984 4086 ad
1020 4037 1178 4087 aliam
1213 4038 1378 4087 Vates
1416 4038 1662 4087 avolant:
1701 4053 1734 4087 a
1763 4037 1934 4102 figura
1971 4038 2040 4087 ad
2075 4054 2186 4088 rem
2221 4037 2520 4102 figuratam,
2556 4044 2629 4100 ut,
2670 4053 2804 4093 cum,

302 4125 367 4174 de
404 4126 629 4176 diversis
668 4126 826 4174 rebus
862 4124 1112 4174 videatur
1148 4141 1267 4175 esse
1313 4141 1510 4186 sermo,
1552 4125 1968 4190 deprehenditur
2003 4131 2183 4174 tamen
2218 4129 2358 4173 totus
2397 4129 2676 4174 contextus
2724 4124 2790 4173 de

303 4212 493 4262 eadem
527 4228 586 4262 re
624 4227 760 4276 esse,
808 4213 1036 4262 maxime
1083 4213 1177 4262 ubi
1225 4212 1411 4261 eodem
1458 4213 1674 4260 nomine
1725 4217 1776 4261 et
1825 4227 1908 4260 res
1947 4217 2000 4261 et
2034 4211 2206 4276 figura
2242 4211 2486 4260 afficitur.
2543 4211 2624 4260 Of.
2661 4212 2788 4263 Bas.

302 4299 490 4349 Poncii
540 4299 762 4364 Legion.
799 4299 1096 4364 Angustia„
1144 4302 1349 4363 quaest.
1402 4312 1581 4362 expos.
1636 4301 1684 4360 1,
1735 4301 1782 4346 1.
1831 4299 1890 4346 in
1934 4298 2219 4347 Menochio
2275 4297 2448 4362 suppl.
2498 4314 2551 4362 p.
2591 4300 2709 4347 123.
2746 4313 2787 4347 s.

302 4385 370 4434 H.
407 4386 471 4435 R.
508 4386 577 4436 D.
615 4386 679 4435 V.
716 4386 776 4435 Τ.
816 4403 869 4450 p.
907 4387 1025 4435 281.
1062 4402 1104 4435 s.
1178 4385 1218 4450 ³)
1256 4385 1545 4432 Enimvero
1584 4384 1986 4449 qualiscumque
2023 4384 2231 4433 demum
2265 4386 2444 4448 imago
2483 4391 2606 4449 apte
2643 4385 2789 4434 facta

304 4471 537 4538 aliquam
572 4474 653 4522 rei
688 4473 850 4522 etiam
884 4473 1119 4521 nondum
1154 4473 1301 4521 visae
1338 4472 1611 4520 notionem
1646 4473 1874 4520 intuenti
1911 4471 2150 4534 exhibet3
2190 4470 2284 4520 sed
2323 4477 2572 4520 accurate
2611 4472 2678 4520 ab
2718 4487 2784 4520 eo

307 4559 516 4609 demum
548 4559 881 4624 intelligitur,
920 4561 1011 4624 qui
1048 4553 1317 4628 ἀρχέτυπον
1352 4561 1529 4624 ipsum
1566 4557 1735 4608 oculis
1771 4560 2064 4623 usurpavit.
2137 4558 2179 4621 ⁴)
2215 4557 2367 4608 Rom.
2400 4559 2450 4620 5,
2477 4560 2558 4607 14.
2595 4559 2638 4607 Ι.
2667 4557 2788 4607 Cor.

306 4648 389 4710 10,
415 4649 464 4696 6.
492 4649 573 4698 11.
613 4646 819 4698 Coloss.
847 4648 895 4710 2,
924 4647 1004 4696 17.
1056 4646 1096 4713 ⁵)
1119 4646 1346 4711 Rom..5,
1376 4648 1457 4695 14.
1500 4645 1699 4710 „Adae,
1726 4647 1818 4714 qui
1841 4649 1922 4695 est
1944 4645 2117 4696 forma
2141 4643 2353 4696 futuri.“
2407 4644 2446 4714 ⁶)
2473 4644 2640 4695 Hebr.
2672 4645 2719 4708 7,
2743 4648 2788 4694 1.
