3309 5300
1118 367 1180 407 De
1209 368 1379 409 Canone
1409 368 1452 408 S.
1481 368 1650 409 Libror.
1682 368 1790 409 Nov.
1818 368 1943 408 Tcst.
2692 356 2777 419 49

281 548 462 601 dicere
489 543 525 603 ¹.
603 548 804 611 Quarti
867 548 1292 621 Evanqetiorum
1348 548 1622 602 Johannis
1677 568 1743 603 ex
1798 549 2103 620 discipulis.
2181 548 2596 603 Cohortantibus
2651 567 2776 603 con-

280 652 577 722 discipulis
624 658 672 706 et
717 652 1010 722 Episcopis
1055 654 1170 705 suis
1223 652 1403 707 dimit:
1471 652 1825 722 Conjeiunate
1882 654 2015 708 mihi
2072 654 2229 708 hodie
2290 654 2491 722 iridem,
2552 660 2599 707 et
2644 652 2779 724 quid

283 756 474 827 cuique
507 755 692 825 fuerit
735 758 1026 811 revelatum
1073 757 1393 811 alte-rutrum
1438 757 1594 811 nobis
1638 750 1968 815 ena'rremus.
2031 759 2243 812 Eadem
2288 765 2441 811 nocte
2484 758 2776 812 revelatum

283 861 536 915 Andreae
577 879 644 914 ex
673 860 964 931 Apostolis‚
1009 868 1068 914 ut
1097 861 1591 934 recoynoseentibus
1637 864 1843 916 cunctis
1872 863 2147 924 Johannis
2190 882 2287 917 suo
2330 863 2541 917 nomine
2586 868 2780 917 cuncta

285 965 612 1021 describeret
633 960 674 1023 ².
751 968 826 1019 Et
869 967 990 1020 ideo
1051 968 1173 1020 licet
1225 966 1388 1021 varia
1451 968 1685 1039 sinyulis
1730 968 2158 1039 Evanyeliorum
2205 968 2395 1021 Libris
2446 963 2781 1038 Principia-⁹>

287 1072 602 1140 doceantur,
670 1072 811 1124 nihil
875 1078 1052 1125 tamen
1112 1072 1295 1140 differt
1363 1074 1691 1125 credentium
1752 1072 1931 1141 Fidei,
2000 1091 2118 1127 cum
2178 1092 2287 1126 uno
2348 1092 2415 1127 ac
2463 1073 2779 1144 principali

283 1177 491 1246 spiritu
551 1176 836 1230 declarata
903 1177 1016 1229 sint
1074 1176 1133 1230 in
1193 1176 1438 1230 omnibus
1478 1177 1689 1264 zomnia
1758 1178 1822 1230 de
1867 1177 2193 1245 Nativitate‚
2255 1179 2320 1231 de
2365 1178 2646 1247 Passione,
2714 1180 2779 1232 de

284 1282 720 1349 Resurrectione,
767 1282 832 1333 de
878 1281 1279 1335 conversatione
1327 1299 1445 1334 cum
1491 1281 1802 1351 Dis-cipalis
1844 1282 1978 1351 suis,
2038 1287 2086 1335 et
2130 1283 2195 1335 de
2238 1282 2451 1353 qemino
2508 1282 2623 1336 eius
2666 1286 2777 1339 Ad-

286 1392 462 1441 ventu.
530 1386 720 1439 Primo
765 1384 824 1438 in
871 1385 1172 1440 humilitate
1217 1387 1510 1455 despectas,
1557 1386 1703 1456 quod
1747 1404 1809 1439 ro
1838 1425 2078 1443 ......
2105 1382 2130 1421 4
2185 1388 2477 1440 secundam
2513 1395 2781 1459 potestate

287 1490 492 1563 Reqali
526 1491 901 1561 praeclarum,
965 1492 1107 1561 quod
1151 1490 1406 1558 futurum
1454 1498 1545 1547 est.
1623 1490 1770 1553 Quid
1828 1509 1954 1563 erqo
2012 1491 2211 1544 mirum
2256 1492 2306 1545 si
2348 1492 2625 1549 Johannes
2670 1502 2781 1549 tam

288 1602 602 1649 constanter
645 1596 868 1677 singula
916 1596 1078 1649 etiam
1123 1596 1182 1648 in
1229 1595 1476 1665 epistolis
1520 1598 1636 1649 suis
1672 1594 1929 1665 proferat
1974 1596 2158 1649 dicens
2188 1595 2248 1650 in
2278 1598 2583 1668 semetipso:
2631 1599 2783 1662 Quae

282 1701 530 1753 vidimus
593 1702 764 1755 oculis
826 1702 1028 1754 nostris
1074 1706 1121 1754 et
1167 1700 1396 1753 auribus
1444 1701 1759 1754 audivimus
1806 1706 1853 1754 et
1896 1718 2093 1754 manus
2136 1708 2353 1757 nostrae
2388 1703 2779 1775 palpaverunt,

283 1805 420 1859 haec
463 1806 800 1875 scripsimus,
861 1804 954 1859 Sic
1000 1805 1139 1858 enim
1183 1823 1292 1858 non
1337 1806 1508 1858 solum
1554 1805 1778 1858 visorem
1826 1804 1923 1859 sed
1967 1807 2058 1874 [se
2093 1807 2179 1875 et]
2224 1808 2542 1877 auditorem,
2596 1810 2691 1863 secl
2734 1817 2782 1864 et

282 1911 607 1980 scriptorem
667 1910 903 1963 omnium
968 1909 1304 1963 mirabilium
1349 1909 1580 1963 Domini
1614 1928 1721 1980 per
1765 1911 2007 1963 ordinem
2043 1911 2349 1981 profitetur.
2418 1914 2559 1967 Aeta
2604 1896 2780 1969 autem

287 2016 531 2070 omnium
565 2015 941 2085 Apostolorum
988 2016 1085 2067 sub
1131 2032 1238 2067 uno
1279 2015 1418 2067 libro
1462 2014 1671 2083 scripta
1717 2021 1844 2067 sunt
1872 2016 2057 2068 Lucas
2093 2017 2218 2085 [ea]
2265 2017 2460 2087 optime
2496 2018 2781 2088 Theophile

287 2119 704 2190 comprehendit,
762 2120 891 2189 qaia
938 2120 1035 2172 sub
1077 2118 1390 2188 praesentia
1436 2114 1593 2171 eius5
1648 2119 1871 2191 sinqula
1913 2122 2255 2191 yerebantur‚
2312 2122 2457 2177 sicut
2500 2129 2549 2176 et
2590 2129 2783 2177 semote

288 2224 609 2278 Passionem
657 2224 814 2277 Petri
879 2224 1149 2277 evidenter
1211 2224 1485 2293 declarat,
1553 2225 1648 2276 sed
1700 2224 2091 2293 profectionem
2148 2227 2321 2279 Pauli
2382 2228 2452 2281 ab
2512 2229 2641 2281 urbe
2690 2229 2782 2304 *ad

289 2327 566 2399 Spaniam
604 2320 1001 2398 proficiscentis
1024 2325 1065 2383 6.
1113 2328 1366 2398 Epistola
1413 2335 1588 2382 autem
1631 2329 1817 2398 Pauli,
1865 2348 2002 2400 qaae
2048 2349 2082 2384 a
2129 2349 2231 2401 quo
2278 2332 2391 2384 loco
2435 2331 2517 2384 vel
2560 2349 2669 2401 qua
2714 2348 2780 2385 ex

289 2452 461 2487 causa
517 2434 718 2488 directe
762 2433 872 2485 sint
914 2434 1284 2486 voluntatibus
1327 2433 1663 2505 intelliyere5
1715 2434 1831 2503 ipse
1877 2435 2179 2490 declarant.
2257 2436 2505 2489 Primum
2552 2438 2784 2491 omnium

299 2536 602 2593 Corinthiis
657 2538 890 2592 schisma
943 2540 1178 2592 haeresis
1238 2538 1580 2608 interdicens,
1640 2540 1891 2609 deinceps
1943 2538 2206 2595 C'allactis
2226 2535 2248 2574 ⁷
2306 2540 2780 2596 circumcisionem.

291 2644 564 2697 Romanis
609 2650 788 2698 autem
834 2644 1022 2698 ordine
1043 2638 1068 2679 8
1115 2642 1530 2714 Scripturarum
1561 2645 1656 2699 sed
1686 2652 1735 2699 et
1761 2644 2101 2714 principium
2146 2662 2330 2698 earum
2368 2663 2475 2700 esse
2514 2642 2787 2721 Christum

293 2747 579 2816 intimans,
621 2747 902 2818 prolixius
946 2747 1167 2818 scripsit
1187 2744 1240 2815 9,·
1286 2750 1350 2801 de
1381 2750 1572 2818 quibus
1617 2751 1856 2820 sinyulis
1886 2767 2091 2803 necesse
2122 2755 2196 2804 est
2228 2769 2263 2804 a
2294 2751 2448 2804 nobis
2480 2750 2759 2820 disputari
2767 2767 2790 2817 ‚⁰

293 2870 410 2906 cum
435 2853 552 2922 ipse
578 2853 786 2906 Beatus
812 2852 1099 2922 Apostolus
1123 2853 1338 2906 Paulus
1360 2871 1578 2922 sequens
1591 2855 2029 2922 praedecessoris
2050 2855 2137 2908 sui
2158 2855 2431 2910 Jolaaumis
2455 2855 2699 2908 ordinem
2720 2849 2785 2924 ¹⁰,

508 3147 546 3214 1)
596 3147 740 3197 Hinc
786 3147 1178 3197 demonstratur
1219 3148 1401 3212 priora
1434 3147 1530 3196 illa
1562 3147 1851 3212 Evangelii
1889 3148 2090 3212 capita,
2140 3161 2279 3211 quae
2328 3147 2379 3196 d.
2414 3148 2599 3196 Lucae
2636 3147 2785 3196 abiu-

297 3236 474 3285 dicare
500 3235 756 3286 haeretici
785 3251 902 3285 cum
927 3239 1153 3298 veteres,
1191 3239 1303 3284 tum
1335 3235 1661 3284 recentiores
1698 3236 2009 3299 gestierunt,
2048 3234 2357 3285 authentica
2394 3249 2528 3284 esse.
2587 3233 2627 3300 2)
2652 3235 2784 3283 Nar-

295 3325 431 3373 ratio
478 3325 586 3374 ista
635 3323 793 3372 etiam
832 3322 882 3372 d.
919 3323 1274 3387 HieronymO,
1323 3323 1490 3388 praef.
1528 3338 1715 3372 comm.
1762 3338 1923 3386 super
1965 3321 2295 3371 Matthaeum
2332 3322 2450 3385 VII,
2490 3323 2537 3370 6.
2588 3322 2789 3372 exstitit

295 3416 440 3460 nota.
502 3410 542 3477 ³)
580 3410 790 3460 Initia
827 3411 919 3459 alii
954 3412 1288 3476 interpreteS,
1327 3411 1552 3476 capita
1588 3409 1681 3459 alii
1715 3408 2038 3474 intelligunt.
2098 3406 2139 3475 4)
2164 3410 2326 3459 Vario
2364 3409 2520 3458 modo
2557 3425 2786 3459 vacuum

297 3499 442 3564 quod
465 3513 634 3565 penes
662 3499 1012 3548 Muratorium
1044 3498 1272 3562 spatium
1311 3497 1644 3562 relinquitur,
1684 3497 1896 3562 explere
1934 3498 2113 3546 conati
2149 3501 2274 3546 sunt
2295 3497 2392 3545 viri
2431 3495 2589 3546 docti.
2642 3496 2787 3556 Quas

295 3587 624 3635 Muratorius
661 3585 846 3635 literas
881 3585 1014 3650 legit
1053 3589 1194 3646 „ro“‚
1235 3585 1448 3635 easdem
1491 3587 1670 3650 potius
1711 3585 1828 3646 „fo“
1868 3583 2123 3648 legendas
2168 3583 2351 3634 retulit
2383 3585 2472 3634 Fr.
2509 3583 2787 3633 Wieseler.

299 3672 438 3733 Quid
474 3673 579 3723 sibi
626 3672 794 3722 velint
839 3673 976 3721 istae
1023 3672 1228 3734 literae,
1278 3672 1334 3720 in
1385 3677 1610 3737 utroque
1662 3687 1791 3721 casu
1844 3670 2057 3720 difficile
2096 3675 2177 3720 est
2225 3670 2480 3720 divinare.
2547 3671 2783 3732 „Fore“

298 3759 500 3810 nullum
549 3760 775 3826 praebet
821 3775 1052 3810 sensum.
1125 3759 1536 3824 „Prophetatum
1591 3763 1722 3822 est“‚
1778 3759 1989 3824 longius
2044 3759 2268 3806 incisum
2322 3757 2572 3820 habetur,
2629 3773 2787 3822 quam

299 3863 468 3897 vacuo
495 3849 672 3913 spatio
699 3847 1039 3896 membranae
1065 3847 1186 3912 capi
1212 3847 1395 3911 possit.
1447 3846 1681 3896 Censent
1716 3846 1809 3894 alii
1848 3850 2086 3908 „ratum
2122 3847 2271 3907 est“‚
2310 3845 2410 3894 fuit
2434 3843 2520 3894 vel
2547 3845 2783 3905 „factus“

300 3934 686 4000 supplendum3
735 3933 928 3999 quodsi
972 3934 1006 3984 1.
1047 3935 1098 3983 b.
1136 3949 1326 3998 parum
1370 3938 1572 3984 rectum
1607 3934 1877 3995 videatur,
1926 3948 2036 3981 rem
2072 3933 2127 3981 in
2166 3932 2337 3981 medio
2384 3931 2789 3998 relinquendam

299 4022 541 4071 fatemur.
617 4023 658 4086 5)
711 4022 911 4072 Cuius?
957 4021 1241 4086 Theophili
1289 4023 1624 4086 neutiquam,
1677 4027 1737 4070 ut
1784 4021 2025 4085 sequitur
2075 4037 2104 4069 e
2140 4020 2273 4070 Luc.
2310 4020 2411 4069 Ev.
2451 4024 2499 4082 1,
2536 4021 2614 4083 4.;
2662 4035 2787 4084 ergo

302 4108 351 4158 S.
389 4109 592 4158 Lucae.
653 4109 776 4158 Non
814 4109 1028 4174 quidem
1065 4109 1207 4158 omni
1246 4124 1310 4158 ex
1347 4113 1498 4174 parte
1537 4125 1733 4172 verum,
1773 4109 1869 4158 sed
1905 4109 2086 4158 sensui
2124 4109 2427 4158 Priscorum
2465 4108 2788 4157 conveniens

301 4201 394 4258 est,
435 4196 583 4262 quod
619 4195 704 4244 hic
743 4198 810 4245 ab
848 4196 1128 4260 Anonymo
1177 4196 1420 4246 traditur.
1495 4196 1534 4261 ὓ)
1573 4197 1725 4257 Quae
1761 4212 1890 4245 vero
1939 4195 2045 4245 loci
2080 4195 2238 4245 huius
2277 4195 2600 4259 explicatio?
2658 4195 2788 4244 For-

300 4287 444 4334 tasse
499 4287 702 4335 semote
758 4284 938 4349 posuit
990 4285 1216 4348 scriptor
1269 4300 1364 4349 pro
1425 4286 1817 4346 „seorsum“‚
1874 4284 1907 4332 i.
1961 4299 2004 4332 e.
2062 4283 2190 4332 alibi
2246 4297 2403 4348 quam
2457 4283 2513 4330 in
2566 4281 2789 4330 Actibus

301 4369 680 4435 Apostolorum
715 4371 886 4420 relata
924 4385 1066 4434 esse,
1115 4373 1421 4437 passionem
1456 4371 1604 4420 Petri
1651 4375 1705 4420 et
1749 4372 1849 4420 iter
1884 4371 2042 4443 Pauli
2076 4372 2133 4419 in
2175 4370 2507 4434 Hispaniam.
2584 4369 2623 4433 ⁷)
2659 4369 2702 4417 I.
2743 4384 2787 4418 e.

304 4441 533 4520 GalatiS,
581 4463 642 4507 ut
687 4474 809 4508 mox
856 4459 1079 4510 inferius
1128 4459 1336 4524 legitur.
1411 4458 1452 4525 8)
1488 4459 1873 4508 Testimonium
1898 4458 1957 4506 --V
1960 4495 1973 4507 .
2012 4458 2073 4506 T.
2112 4473 2207 4522 pro
2258 4455 2579 4505 stabiliendo
2618 4455 2788 4506 Novo.

303 4545 343 4610 ⁹)
378 4546 558 4596 Verba
609 4545 896 4610 „prolixius
945 4547 1188 4612 scripsit⁶‘
1243 4545 1313 4594 ad
1362 4561 1544 4596 omnes
1582 4545 1855 4610 Epistolas
1893 4545 2215 4609 praemissas
2254 4546 2477 4608 spectat.
2558 4542 2618 4608 ¹⁰)
2668 4543 2791 4593 Non

403 4637 615 4688 Danko,
646 4638 763 4680 nist.
794 4639 1091 4680 nevelationis
1120 4639 1305 4680 divinae.
1337 4640 1412 4680 111.
2448 4631 2481 4682 4
