3309 5300
551 383 632 447 16
1232 398 1471 439 Commeat.
1501 396 1554 439 de
1583 399 1625 438 S.
1647 396 1868 457 Scriptus.
1892 409 1985 448 cap.
2016 398 2139 449 prim.
2171 397 2279 439 sect.
2310 394 2344 439 Ι.

544 598 760 662 versio
785 596 1236 661 Alexandrina
1258 599 1574 661 maiorem
1597 596 1912 663 librorum
1940 600 2191 684 copiam
2214 620 2373 683 prae
2401 597 2698 683 originali
2721 597 3035 663 Hebraeo

545 748 628 758 —
683 709 991 774 videlicet
1035 709 1112 773 L.
1147 710 1222 773 L.
1276 709 1548 793 Tobiae,
1595 690 1912 793 Judith,
1958 720 2226 796 partes
2270 710 2700 792 Estherae,
2732 710 3039 774 Macha—

545 820 958 905 baeorum;
1009 823 1444 887 orationem
1489 821 1856 905 Azariae,
1903 822 2267 908 hymnum
2312 824 2542 886 trium
2589 845 3039 907 puerorum,

542 933 918 1000 historias
952 920 1373 1018 Susannae,
1406 934 1581 999 Beli
1614 944 1692 999 et
1720 935 2129 1018 Draconis,
2165 934 2583 1021 epistolam
2616 933 3039 1017 Jeremiae,

541 1047 1022 1132 Baruchum3
1094 1047 1551 1134 Sapientiae
1599 1056 1837 1134 atque
1884 1047 2459 1113 Ecclesiastici
2502 1048 2912 1113 volumina
2957 1086 3043 1096 —

545 1162 902 1245 contineat3
949 1171 1172 1227 tamen
1219 1162 1568 1247 quemdam
1613 1160 1856 1243 horum=
1892 1163 1959 1224 in
1992 1160 2302 1247 Aegypto
2352 1160 2599 1226 editum
2646 1184 2810 1243 esse,
2859 1170 3039 1225 certo

541 1272 808 1359 probari
853 1276 1098 1360 nequit.
1162 1274 1515 1340 Enimvero
1547 1273 1734 1338 Libri
1763 1275 1867 1339 isti
1900 1274 2085 1339 Sacri
2118 1274 2257 1338 fere
2291 1297 2518 1339 omnes
2549 1275 2618 1338 in
2647 1272 3040 1355 Palaestina,

543 1408 843 1452 sermone
899 1385 1185 1452 hebraeo
1249 1386 1406 1451 editi
1459 1396 1610 1451 sunt
1630 1390 1671 1451 ¹.
1749 1387 1877 1451 Hic
1930 1388 2296 1473 primitivae
2344 1386 2739 1474 Synagogae
2802 1408 3038 1451 sensus

539 1524 736 1588 porro
786 1524 841 1565 e.
889 1510 1072 1587 patet
1117 1524 1152 1564 8
1219 1500 1518 1584 catalogo
1577 1499 1642 1565 S.
1693 1499 2196 1586 Scripturarum,
2246 1522 2441 1586 quem
2490 1499 2761 1565 exhibet
2803 1500 3040 1565 Versio

549 1615 998 1700 antiquissima
1053 1636 1293 1699 graeca
1355 1612 1568 1676 LXX.
1638 1614 2085 1698 interpretum.
2176 1613 2255 1677 In
2310 1613 2436 1677 hac
2480 1614 3040 1699 interpretatione,

543 1749 712 1812 quae
773 1750 948 1792 nunc
1011 1728 1078 1791 in
1139 1725 1410 1791 Canone
1471 1724 1877 1790 «Iudaeorum
1942 1725 2177 1791 desunt
2240 1728 2506 1812 scripta,
2567 1727 2801 1812 partim
2857 1724 3041 1789 libris

541 1838 830 1924 integriS,
877 1842 1116 1926 partim
1169 1837 1601 1925 quorumdam
1649 1838 2118 1926 supplementis
2166 1847 2499 1922 constant,
2549 1860 2826 1924 quorum
2872 1836 3041 1902 haec

538 1973 755 2036 neque
816 1952 1047 2035 titulis,
1111 1974 1327 2038 neque
1383 1950 1511 2016 alia
1554 1953 1809 2016 ratione
1856 1961 2168 2038 tanquam
2223 1954 2589 2017 recen’tiora
2639 1950 3043 2036 glossemata

538 2064 1005 2150 significantur,
1047 2064 1162 2129 sed
1201 2050 1560 2129 arctissime
1603 2086 1753 2128 cum
1786 2063 2005 2128 Textu
2038 2063 2243 2129 Sacro
2292 2066 2791 2149 coniunguntur.
2815 2062 3039 2127 ‘Unde

536 2186 715 2242 recte
779 2177 1119 2263 colligitur,
1177 2200 1258 2242 ea
1308 2177 1557 2263 reliquo
1607 2176 1837 2242 Godici
1882 2178 2124 2243 Divino
2179 2201 2299 2264 per
2346 2160 2563 2243 omnia
2610 2178 3043 2262 aequiparata

539 2290 758 2356 fuisse.
795 2291 991 2372 Quod
1021 2314 1179 2356 vero
1207 2291 1291 2356 ad
1313 2292 1604 2376 integros
1627 2290 1866 2355 Libros
1892 2292 2143 2374 attinet,
2175 2314 2309 2356 non
2330 2300 2667 2376 tamquam
2698 2288 3041 2375 appendix

535 2402 754 2469 Libris
820 2404 1166 2469 Canonicis
1229 2404 1498 2486 adiecti,
1557 2402 1677 2468 sed
1728 2405 1795 2467 in
1852 2403 2209 2469 eorundem
2265 2426 2611 2468 numerum
2668 2404 3039 2487 seriemque

536 2518 806 2603 recepti,
855 2527 1051 2603 atque
1109 2519 1238 2581 suis
1284 2518 1350 2581 in
1395 2517 1600 2581 locis2
1645 2518 1870 2581 inserti
1915 2517 2129 2582 fuere:
2189 2526 2261 2581 ut
2305 2519 2397 2581 sic
2445 2526 2719 2582 externo
2767 2537 3037 2601 quoque

536 2630 908 2695 discrimine
955 2631 1334 2716 neutiquam
1380 2631 1588 2714 fact03
1635 2632 1956 2696 internam
2006 2629 2510 2717 discrepantiam
2544 2628 2787 2694 nullam
2834 2637 3036 2692 statu-

537 2753 673 2808 tam
719 2743 920 2808 fuisse
962 2745 1316 2808 certissime
1347 2743 1573 2808 inferri
1604 2745 1829 2831 possit.
1894 2744 2203 2830 Denique
2234 2743 2278 2807 f.
2314 2745 2367 2806 si
2397 2742 2555 2806 nulli
2585 2752 2847 2829 praeter
2892 2741 3035 2824 1108,

537 2859 646 2942 qui
693 2880 869 2921 nunc
913 2856 1204 2922 hebraeo
1264 2859 1677 2922 continentur
1733 2881 2034 2922 sermone
2081 2856 2264 2921 Libri
2320 2857 2582 2922 Veteris
2628 2856 3037 2920 Testamenti

533 2979 983 3057 superessent3
1051 2973 1207 3035 tunc
1271 2993 1500 3055 agrum
1546 2970 1919 3035 Literarum
1979 2971 2403 3053 Divinarum,
2464 2979 2560 3035 tot
2620 2968 3036 3034 saeculorum

532 3080 755 3169 lapsu,
816 3081 1027 3148 nullos
1071 3082 1323 3148 fructus
1367 3083 1714 3169 protulisse
1767 3086 1907 3148 iure
1959 3085 2252 3148 miraturi
2298 3082 2640 3148 essemus?
2663 3086 2688 3126 3
2776 3081 2885 3144 Ex
2930 3081 3034 3144 his

745 3358 783 3422 1)
823 3357 881 3406 Si
907 3373 1030 3407 vero
1056 3355 1220 3407 Liber
1246 3356 1553 3422 Sapientiae
1591 3356 1911 3419 Salomonis,
1951 3358 2041 3422 qui
2075 3357 2283 3419 dicitur,
2322 3361 2376 3406 et
2403 3355 2855 3407 Machabaeorum
2894 3355 3035 3406 alter

534 3458 778 3494 sermone
827 3459 1018 3509 graeco
1067 3445 1312 3509 primitus
1360 3445 1468 3494 iam
1516 3445 1804 3509 conscripti
1851 3445 1982 3507 sint3
2031 3443 2157 3493 inde
2206 3460 2315 3494 non
2362 3445 2626 3509 sequitur,
2675 3445 2732 3492 in
2779 3443 3031 3508 Aegypto

533 3532 704 3582 editos
755 3547 887 3581 esse.
942 3533 1078 3580 Nam
1115 3531 1356 3581 Judaeos
1392 3531 1782 3596 Hierosolymis
1819 3531 2073 3596 degentes
2119 3533 2176 3581 in
2212 3530 2389 3582 Libris
2435 3530 2613 3581 Sacris
2660 3545 2853 3596 graece
2902 3545 3029 3579 exa-

535 3619 718 3668 randis
757 3619 956 3668 versari
993 3620 1260 3684 potuisse3
1298 3617 1496 3667 collata
1531 3619 1925 3683 subscriptione
1962 3618 2085 3667 libri
2120 3618 2312 3667 Esther
2349 3632 2576 3682 graecae
2614 3618 2879 3679 editionis,
2918 3633 3032 3666 11011

535 3710 617 3756 est
642 3706 788 3771 quod
823 3706 1144 3755 dubitemus.
1207 3705 1340 3755 Cum
1376 3705 1702 3770 pedetentim
1737 3707 2041 3756 tabesceret
2084 3705 2267 3770 lingua
2302 3705 2571 3767 hebraica,
2616 3710 2776 3769 atque
2814 3705 2870 3752 in
2909 3703 3029 3753 Ori-

531 3797 704 3842 entem
732 3792 922 3857 irrupit
953 3792 1258 3843 Alexander
1293 3793 1382 3854 M„
1422 3807 1542 3841 cum
1577 3793 1695 3857 ipso
1724 3792 1991 3856 eloquium
2028 3807 2279 3856 graecum
2316 3791 2384 3840 ad
2409 3791 2771 3841 Palaestinam
2809 3807 3031 3856 quoque

527 3881 786 3944 pervenit,
813 3884 868 3928 et
889 3881 1028 3929 inter
1045 3879 1326 3930 Hebraeos
1353 3894 1583 3944 quoque,
1603 3879 1824 3928 Terram
1852 3878 2070 3928 Sacram
2094 3879 2389 3928 incolentes
2414 3879 2690 3943 vulgatum
2717 3884 2845 3928 erat.
2872 3880 2935 3929 V.
2954 3879 3029 3928 H.

528 3965 591 4016 V.
607 3966 667 4015 Τ.
688 3983 740 4031 p.
757 3968 873 4015 591.
919 3965 960 4031 2)
987 3966 1069 4016 Ad
1096 3981 1234 4031 quae
1260 3965 1443 4015 habito
1469 3970 1718 4030 respectu
1744 3967 2042 4030 argumenti
2066 3969 2389 4030 spectarunt.
2430 3965 2472 4030 3)
2500 3967 2602 4026 Qui
2630 3966 2830 4014 factum
2856 3969 3029 4014 esset:

525 4058 586 4103 ut
620 4053 876 4116 Hebraei,
909 4053 1099 4119 quibus
1137 4052 1435 4119 antiquitus
1465 4053 1751 4103 Sacrorum
1776 4052 2105 4117 Scriptorum
2131 4053 2457 4102 monimenta
2488 4067 2763 4118 nunquam
2790 4052 3029 4116 defuere,

524 4141 591 4190 iis
628 4156 724 4206 per
761 4142 978 4206 longum
1015 4141 1250 4206 quinque
1297 4140 1634 4190 saeculorum
1679 4139 2021 4189 intervallum
2067 4139 2219 4188 nulla
2260 4140 2522 4204 inspirata
2556 4155 2662 4188 vox
2700 4140 2887 4189 audita
2921 4141 3030 4190 sit?

525 4227 756 4277 Nullane
783 4228 900 4278 Deo
927 4226 1113 4294 populi
1139 4228 1221 4277 sui
1258 4241 1388 4276 cura
1425 4227 1542 4289 fuit,
1583 4243 1647 4275 ex
1681 4243 1785 4291 quo
1815 4225 2113 4277 Malachias
2150 4226 2367 4276 ultimus
2397 4226 2801 4291 Prophetarum,
2837 4231 3028 4276 vatum

527 4314 722 4365 clausit
771 4329 965 4380 agmen
1012 4330 1182 4378 usque
1228 4314 1300 4362 ad
1339 4314 1606 4363 Joannem
1661 4313 1860 4363 Christi
1907 4316 2345 4378 praecursorem?
2403 4314 2673 4378 Namque,
2724 4315 2769 4362 si
2807 4313 2950 4378 quod
2992 4329 3029 4362 a

525 4403 736 4452 nemine
790 4418 897 4452 non
953 4400 1288 4464 conceditur,
1351 4402 1533 4450 divina
1585 4401 1932 4450 Providentia
1983 4401 2257 4450 Israelitas
2310 4402 2552 4450 Mosaica
2604 4401 2751 4466 Lege
2812 4401 3026 4463 ductos,

526 4490 722 4539 sensim
772 4488 840 4538 ad
891 4489 1078 4538 limina
1124 4489 1296 4554 Regni
1340 4488 1524 4538 Divini
1574 4488 1796 4553 provehi
1842 4487 2037 4552 voluit3
2087 4504 2193 4553 quo
2237 4489 2351 4537 iure
2398 4487 2698 4538 Acatholici
2744 4503 2840 4537 suo
2888 4503 3026 4538 sane

525 4576 764 4642 periculo
791 4575 961 4626 divini
995 4577 1215 4642 spiritus
1241 4577 1346 4626 vim
1371 4576 1654 4642 prohibere
1694 4575 1894 4626 audent
1926 4575 2193 4626 mentibus
2219 4574 2757 4640 Hagiographorum‘?
2806 4575 3026 4642 Optime
