3309 5300
1155 396 1350 441 Nomina.
1382 396 1557 444 divisio,
1586 396 1768 438 effectus
1796 398 1838 437 S.
1873 398 1917 438 S.
2696 389 2782 451 69

273 573 728 637 perfossores,
767 588 981 639 neque
1014 573 1181 623 alius
1217 574 1546 639 quispiam
1580 572 2067 625 sceleratorum
2104 574 2302 625 audet
2336 589 2471 625 eam
2508 577 2784 642 aggredi

277 658 573 725 domum3
637 662 742 711 sic
799 661 1197 727 ubicunque
1259 661 1528 711 fuerint
1583 660 1783 711 Libri
1844 660 2239 726 spiritales,
2300 661 2506 713 illinc
2567 666 2782 713 omnis

279 746 654 813 expellitur
689 748 790 797 vis
828 748 1192 811 diabolica,
1238 747 1574 813 multaque
1618 747 2163 799 inhabitantibus
2202 749 2468 801 accedit
2502 752 2782 802 virtutis

278 833 695 898 consolatio,
753 835 1292 900 quandoquidem
1343 836 1486 899 ipse
1541 836 1739 884 etiam
1792 851 1907 900 per
1954 850 2021 885 se
2067 836 2408 887 Librorum
2462 844 2782 903 aspectus

278 922 637 987 segniores
698 936 816 971 nos
877 922 1098 972 reddit
1157 922 1236 972 ad
1295 920 1746 987 peccandum.“
1832 921 1937 983 Qui
1997 923 2334 973 sanctissimo
2396 924 2781 991 utilissimeque

281 1008 574 1059 Sacrorum
598 998 894 1059 Bibliorum
933 1009 1108 1059 studio
1143 1013 1368 1071 tenetur,
1405 1009 1462 1057 in
1497 1009 1670 1073 iisque
1707 1012 1858 1073 optat
1891 1007 2177 1073 proficere:
2227 1011 2435 1075 primo
2474 1013 2778 1075 constituat,

277 1112 446 1160 quem
469 1097 528 1145 in
551 1095 744 1147 iisdem
780 1095 1048 1147 discendis
1083 1096 1496 1160 propositum
1531 1094 1731 1144 finem
1766 1094 1955 1158 habet3
1992 1094 2116 1146 hinc
2153 1097 2293 1145 enim
2325 1101 2515 1162 postea
2544 1100 2782 1150 iudican-

278 1183 430 1246 dum,
467 1188 670 1249 quanta
716 1184 830 1233 eius
875 1198 992 1233 esse
1030 1182 1226 1233 debeat
1261 1187 1316 1231 et
1352 1182 1525 1247 qualis
1561 1181 1879 1232 Divinorum
1915 1182 2197 1233 Librorum
2234 1185 2485 1249 cognitio,
2522 1187 2578 1235 in
2612 1188 2784 1253 iisque

277 1285 628 1336 progressus3
655 1275 710 1320 et
727 1270 795 1319 ad
814 1269 958 1319 hunc
975 1273 1118 1319 totus
1138 1269 1348 1335 legendi
1367 1269 1554 1319 modus
1574 1269 1799 1321 subinde
1812 1293 1815 1297 *
1828 1268 2312 1320 accommodandus
2340 1273 2453 1322 erit.
2491 1273 2626 1323 Nam
2653 1289 2781 1325 sane

279 1356 446 1407 aliter
470 1355 756 1408 Sacrarum
781 1357 1082 1407 Literarum
1105 1358 1307 1422 peritus
1335 1372 1452 1407 esse
1479 1356 1653 1419 debet,
1676 1357 1768 1421 qui
1788 1356 1858 1405 ad
1876 1357 2141 1421 privatam
2167 1372 2317 1407 suam
2344 1360 2783 1412 eruditionem

277 1446 563 1510 animique
591 1444 1012 1496 consolationem
1037 1459 1222 1494 sacrae
1246 1443 1370 1493 huic
1397 1444 1711 1510 disciplinae
1737 1458 1956 1509 operam
1980 1444 2108 1493 dare
2133 1444 2274 1509 vult3
2313 1446 2423 1497 alia
2458 1448 2785 1513 procedendi

275 1534 425 1582 ratio
459 1533 527 1582 iis
565 1532 858 1597 sequenda,
891 1533 981 1597 qui
1017 1531 1343 1596 Theologi
1380 1546 1454 1581 ac
1489 1531 1805 1581 Doctoris
1841 1547 2072 1582 nomen
2109 1546 2175 1581 ac
2198 1548 2483 1597 personam
2520 1538 2783 1587 sustinere

275 1619 500 1683 volunt3
541 1621 699 1670 sicuti
725 1623 778 1669 et
801 1618 905 1668 illis
933 1620 1024 1684 qui
1063 1623 1395 1668 certamen
1429 1617 1617 1684 lingua
1642 1623 1737 1668 aut
1760 1616 1966 1668 calamo
1994 1620 2393 1684 suscipiendum
2418 1620 2634 1685 habent,
2664 1638 2783 1673 cum

275 1705 593 1756 multifariis
615 1707 868 1756 Veritatis
892 1706 1184 1756 Revelatae
1208 1705 1477 1768 hostibus;
1516 1706 1681 1755 alium
1715 1706 1843 1755 item
1867 1705 2083 1756 modum
2120 1710 2303 1756 tenere
2329 1706 2505 1771 debet,
2544 1712 2637 1775 qui
2664 1726 2783 1760 cum

279 1791 480 1843 officiis
525 1794 1038 1859 occupationibusve
1081 1810 1114 1859 p
1129 1792 1542 1843 astoralibus
1585 1792 1689 1842 hoc
1733 1792 1966 1842 studium
2008 1794 2333 1859 coniungere
2375 1794 2507 1846 vult.
2554 1797 2639 1847 De
2680 1797 2784 1848 hoc

279 1877 482 1929 Sacras
507 1881 721 1931 Literas
749 1881 1019 1931 ediscendi
1043 1880 1201 1931 modo
1226 1881 1497 1945 imprimis,
1525 1881 1739 1945 egregie
1763 1884 1823 1929 ut
1842 1878 1994 1941 solet,
2022 1878 2075 1929 S.
2101 1880 2514 1947 Augustinus
2539 1886 2786 1935 tractavit

278 1968 344 2016 in
369 1968 583 2032 optimis
607 1968 1009 2033 utilissimisque
1044 1967 1196 2018 libris
1225 1967 1300 2016 de
1326 1967 1401 2017 do
1417 1968 1636 2016 ctrina
1666 1966 2064 2029 christiana,
2104 1983 2237 2033 quos
2263 1968 2384 2033 plus
2408 1970 2575 2020 semel
2599 1970 2783 2021 lauda-

279 2055 478 2104 vimus.
504 2055 796 2105 Praeterea
821 2056 1063 2120 quamvis
1090 2056 1158 2105 ab
1185 2059 1408 2105 aeterna
1431 2054 1526 2104 illa
1551 2054 1843 2119 Sapientia,
1869 2055 2118 2105 coelestis
2144 2057 2348 2121 gratiae
2371 2055 2569 2120 lumen,
2596 2060 2783 2109 crebro

283 2142 649 2206 ardenterque
686 2142 1000 2207 petendum3
1047 2142 1165 2191 Jac.
1205 2144 1252 2204 1,
1291 2144 1340 2190 5.
1379 2146 1539 2208 atque
1577 2156 1610 2190 a
1644 2141 1765 2192 Deo
1804 2143 2019 2207 quidem
2054 2143 2386 2207 potissimum
2424 2146 2786 2209 exspectanda

285 2230 360 2277 sit
396 2227 688 2279 Sacrarum
725 2227 1117 2294 Scripturarum
1153 2230 1367 2294 peritia3
1422 2244 1532 2278 non
1577 2228 1713 2277 haec
1749 2233 1930 2279 tamen
1966 2229 2083 2279 sola
2118 2229 2381 2292 facienda,
2422 2231 2516 2280 sed
2554 2233 2785 2283 studium

285 2316 452 2365 etiam
490 2321 546 2365 et
580 2315 739 2366 labor
773 2316 1105 2367 adhibendus
1132 2318 1247 2365 erit.
1297 2317 1474 2377 Quare
1501 2316 1776 2365 cordatum
1800 2318 1987 2379 virum,
2027 2322 2081 2366 et
2104 2318 2408 2383 cumprimis
2435 2318 2784 2385 Theologum,

286 2402 462 2464 decet,
502 2404 684 2453 omnia
719 2418 880 2453 nosse
918 2418 1056 2469 quae
1095 2401 1149 2452 S.
1187 2403 1460 2467 Scriptura
1497 2403 1852 2453 continentur.
1900 2401 2007 2452 Sed
2044 2404 2173 2469 quia
2204 2407 2383 2453 tamen
2408 2420 2517 2454 non
2553 2408 2787 2456 omnium

283 2491 389 2540 iste
428 2490 644 2539 animus
693 2490 881 2540 modus
929 2496 1272 2556 tempusque3
1323 2490 1373 2539 d.
1413 2489 1839 2554 chrysostomus,
1877 2490 1943 2539 de
1978 2491 2188 2540 Lazaro
2227 2492 2485 2542 concione
2521 2493 2620 2556 111,
2658 2496 2707 2543 3.
2742 2495 2785 2557 Ι,

289 2578 408 2627 739.
449 2577 652 2643 aliique
679 2578 732 2628 S.
757 2579 819 2627 P.
846 2583 900 2627 et
923 2578 976 2628 S.
1001 2579 1067 2627 Ε.
1105 2578 1356 2627 suadent:
1397 2592 1461 2627 ea
1498 2578 1727 2627 maxime
1764 2581 1817 2627 et
1840 2578 1988 2641 prius
2024 2577 2146 2643 legi,
2186 2593 2324 2643 quae
2360 2580 2527 2629 Novi
2562 2581 2785 2631 Testa-

285 2667 494 2716 menti
541 2671 690 2730 sunt3
741 2681 865 2717 nam
899 2667 1138 2732 profecto
1188 2681 1253 2716 ea
1288 2666 1521 2728 utiliora,
1560 2665 1813 2728 clariora,
1858 2667 2135 2732 magisque
2182 2669 2489 2718 necessaria
2534 2673 2587 2718 et
2632 2670 2786 2720 nobis

288 2754 562 2819 propiora.
623 2754 772 2804 Inter
815 2768 908 2804 eos
955 2755 1047 2819 qui
1091 2754 1351 2803 rationem
1396 2752 1610 2818 legendi
1662 2752 1715 2803 S.
1764 2751 2069 2817 Scripturas
2119 2758 2264 2803 certo
2311 2757 2562 2820 temporis
2612 2758 2786 2821 spatio

286 2847 701 2906 proposuerunt,
741 2841 956 2906 quidam
1004 2841 1154 2890 fuere
1193 2842 1286 2907 qui
1330 2855 1530 2890 annum
1574 2839 1784 2890 civilem
1830 2841 2015 2903 secuti,
2065 2842 2244 2905 capita
2292 2840 2347 2890 S.
2386 2840 2692 2908 Scripturae
2728 2844 2783 2892 in

285 2943 572 2977 numerum
627 2930 887 2979 mensium
933 2933 1026 2978 aut
1077 2929 1281 2978 dierum
1329 2927 1647 2991 diviserunt3
1706 2931 1764 2977 ut
1812 2943 1877 2977 ex
1920 2927 2023 2977 hac
2072 2927 2332 2978 divisione
2382 2934 2606 2992 constet,
2656 2935 2785 2995 quot

289 3015 474 3080 capita
512 3015 732 3066 cuilibet
766 3017 952 3078 mensi,
990 3020 1120 3081 quot
1158 3015 1262 3064 diei
1299 3015 1468 3065 cuivis
1505 3015 1669 3064 tribui
1706 3014 1952 3076 debeant,
2001 3019 2055 3064 et
2090 3015 2168 3064 sic
2212 3030 2309 3081 per
2353 3016 2509 3066 unius
2555 3018 2787 3082 spatium

289 3105 424 3152 anni
469 3107 586 3153 tota
632 3101 686 3152 S.
724 3103 777 3154 S.
813 3104 879 3153 V.
917 3109 971 3153 et
1015 3104 1081 3152 N.
1118 3103 1179 3152 Τ.
1218 3106 1572 3167 percurratur.
1633 3101 1741 3150 Alii
1774 3117 1903 3151 vero
1948 3117 2150 3152 morem
2194 3102 2474 3153 Ecclesiae
2520 3105 2682 3154 etiam
2728 3105 2785 3153 in

292 3190 584 3242 devotione
620 3189 930 3256 particulari
975 3195 1278 3255 sequentes,
1326 3189 1467 3239 hanc
1514 3188 1799 3238 lectionem
1834 3188 1903 3238 ad
1938 3203 2179 3238 normam
2214 3189 2476 3239 Breviarii
2512 3190 2785 3256 disposue-

295 3283 439 3330 runt.
489 3279 764 3328 Postrema
805 3278 1088 3328 intentioni
1115 3277 1394 3327 Ecclesiae
1432 3278 1603 3341 magis
1639 3276 1929 3326 convenire
1963 3275 2191 3338 videtur,
2232 3281 2285 3325 et
2320 3291 2404 3326 res
2440 3277 2519 3326 ita
2556 3277 2787 3328 ordinari

291 3366 510 3432 poterit,
546 3371 607 3416 ut
641 3367 826 3431 paucis
865 3365 1054 3416 demtis
1093 3363 1146 3413 S.
1184 3359 1492 3429 Scripturae
1528 3365 1688 3413 unius
1725 3364 1853 3413 anni
1888 3362 2119 3413 decursu
2154 3363 2395 3428 qualibet
2432 3363 2517 3413 die
2554 3366 2656 3414 tria
2693 3370 2787 3414 aut

297 3459 532 3519 quatuor
569 3455 750 3518 capita
783 3453 1010 3518 legendo
1047 3452 1373 3503 absolvatur.
1412 3451 1494 3502 cf.
1529 3452 1751 3503 Dismae
1788 3466 1823 3501 a
1857 3451 2052 3500 Latere
2078 3450 2275 3502 Christi
2300 3449 2428 3502 Ord.
2453 3452 2631 3501 Erem.
2657 3453 2788 3502 disc.

295 3539 350 3591 S.
385 3541 540 3607 Aug„
578 3557 702 3591 nov.
740 3541 977 3606 disposit.
1015 3538 1070 3590 S.
1109 3540 1163 3590 S.
1198 3541 1256 3588 in
1292 3539 1530 3589 ordinem
1566 3539 1677 3589 red.
1714 3538 1943 3589 Vindob.
1984 3539 2135 3589 1769.
2172 3555 2223 3603 p.
2266 3540 2347 3589 12.
2386 3556 2427 3590 s.

502 3629 833 3694 Magnopere
870 3628 1059 3678 deinde
1103 3627 1408 3679 secundo
1448 3626 1756 3692 optandum,
1802 3630 1863 3675 ut
1900 3624 2097 3676 Sacrae
2134 3626 2350 3676 Literae
2390 3627 2458 3676 ab
2498 3627 2786 3677 earundem

297 3717 552 3768 studiosis
589 3717 875 3782 diligenter
907 3715 1302 3781 identidemque
1325 3715 1589 3780 legantur.
1629 3715 1709 3776 „E
1722 3715 1832 3775 rit,
1870 3714 2047 3779 inquit
2070 3700 2119 3763 d]
2143 3713 2491 3778 Augustinus,
2528 3713 2597 3763 de
2622 3714 2787 3764 doctr.

305 3805 412 3854 chr.
429 3804 501 3866 11,
522 3805 571 3854 8.
589 3819 644 3870 p.
666 3805 774 3865 38.,
809 3803 1197 3852 Divinarum
1223 3802 1711 3868 Scripturarum
1737 3800 2225 3852 solertissimus
2257 3800 2636 3866 indagator,
2676 3803 2789 3866 qui

301 3893 504 3958 primo
541 3896 720 3941 totas
755 3891 1018 3956 legerit
1053 3895 1397 3955 notasque
1434 3889 1772 3953 habuerit3
1817 3893 1871 3938 et
1905 3888 2053 3938 addit
2092 3889 2249 3950 „etsi
2282 3887 2564 3938 nondum
2600 3888 2787 3938 intel-

300 3979 503 4041 lectu,
553 3979 680 4028 iam
724 3984 949 4028 tamen
993 3977 1334 4028 lectione.“
1397 3976 1683 4026 Lectiones
1720 3976 1820 4026 has
1856 3975 2071 4026 assidue
2109 3976 2284 4024 animo
2327 3976 2433 4040 pio,
2470 3991 2579 4025 non
2614 3976 2787 4024 minus

303 4071 503 4116 attento
523 4080 687 4131 quam
708 4065 912 4115 sciendi
937 4065 1113 4126 avido,
1140 4071 1378 4129 repetere
1403 4064 1670 4126 convenit,
1696 4063 2131 4127 impedimentum
2156 4063 2295 4113 enim
2318 4064 2606 4112 maximum
2628 4061 2787 4112 lectio

301 4153 640 4219 vagabunda,
676 4154 833 4218 quasi
867 4152 1086 4218 placens
1125 4152 1228 4202 sibi
1262 4151 1436 4214 modo,
1475 4151 1577 4200 hoc
1613 4151 1769 4200 modo
1813 4150 1948 4199 illud
1982 4150 2178 4215 legere,
2215 4149 2372 4199 modo
2412 4149 2557 4198 aliud
2592 4148 2788 4198 facere.

303 4243 527 4308 Vagatio
566 4242 795 4291 exterior
826 4225 1036 4306 signum
1063 4244 1144 4289 est
1169 4240 1468 4304 vagationis
1508 4240 1733 4301 animae,
1774 4243 1827 4288 et
1849 4237 1971 4288 ideo
1996 4236 2122 4287 talis
2157 4253 2266 4286 non
2300 4241 2477 4301 potest
2512 4234 2787 4300 proficere.

309 4309 709 4390 „Quamobrem,
763 4331 944 4378 monet
989 4326 1294 4388 Cassianus,
1343 4326 1519 4376 collat.
1567 4326 1711 4388 XIV,
1763 4327 1844 4375 10.
1890 4341 1942 4390 p.
1989 4326 2126 4387 456„
2176 4324 2457 4389 diligenter
2503 4324 2787 4372 memoriae

305 4415 724 4466 commendanda
773 4418 854 4464 est
899 4419 954 4463 et
996 4413 1385 4463 incessabiliter
1438 4413 1768 4463 recensenda
1823 4411 2108 4461 Sacrarum
2160 4412 2325 4461 series
2380 4410 2786 4475 Scripturarum.

307 4503 453 4552 Haec
491 4503 630 4553 enim
665 4502 1026 4552 meditationis
1062 4502 1260 4566 iugitas
1297 4500 1565 4566 duplicem
1608 4500 1765 4551 nobis
1802 4499 2011 4549 confert
2044 4498 2289 4548 fructum.
2350 4498 2603 4559 Primum,
2640 4497 2785 4562 quod

311 4590 429 4640 dum
461 4591 520 4640 in
554 4589 798 4656 legendis
834 4603 898 4639 ac
933 4587 1186 4654 parandis
1223 4587 1543 4638 lectionibus
1581 4591 1876 4652 occupatur
1918 4587 2109 4637 mentis
2154 4586 2379 4636 intentio
2429 4599 2650 4635 necesse
2688 4588 2789 4646 est,
