3309 5300
1159 407 1221 448 De
1248 407 1469 449 codicibus
1496 419 1598 450 mss.
1629 409 1683 449 N.
1713 409 1763 449 Τ.
2055 389 2064 396 ⁴
2578 399 2653 462 11
2669 399 2704 462 7

246 584 442 634 ,Ioannis
492 581 863 632 desiderantur
912 600 955 632 o.
994 585 1041 644 6,
1080 585 1267 644 50—8,
1316 585 1417 644 52„
1472 585 1528 633 in
1564 584 1814 649 Epistola
1859 585 1929 633 II.
1980 584 2050 634 ad
2097 583 2216 634 Cor.
2267 585 2520 635 deficiunt
2569 602 2613 636 c.
2651 589 2702 648 4,

252 670 440 728 13—12,
466 669 511 715 7.
547 667 897 718 Eruditorum
925 670 1105 734 quide
1143 674 1319 719 aetate
1356 669 1513 720 huius
1542 669 1756 720 Codicis
1791 671 2107 733 iudicarunt,
2144 672 2364 720 nimium
2401 672 2706 738 discrepant

246 757 517 821 opiniones3
544 782 611 789 —
641 771 775 820 quas
811 758 867 806 in
902 773 1067 806 unum
1096 756 1348 806 collectas
1386 757 1625 807 exhibuit
1663 757 1905 822 Spohn,
1945 757 1977 806 l.
2007 774 2051 806 c.
2078 775 2128 822 p.
2155 759 2238 807 43.
2267 774 2306 807 ε.
2334 787 2399 794 —
2426 758 2545 808 aliis
2583 775 2704 808 eum

246 844 301 892 ad
322 842 418 902 IV.‚
455 840 571 890 aliis
608 841 681 890 ad
718 843 781 891 V.
809 843 898 892 VI.
926 843 1042 892 VII.
1080 844 1185 893 imo
1214 848 1267 892 et
1290 844 1355 892 X.
1382 843 1655 894 saeculum
1681 843 2048 894 referentibus.
2098 844 2390 894 Dubitatur
2423 847 2609 894 merito
2637 846 2703 894 de

245 929 526 993 antiquitate
551 928 699 978 illius
726 935 902 991 notae,
937 945 1075 994 quae
1098 932 1157 978 in
1193 945 1385 979 aversa
1409 936 1559 995 parte
1584 930 1701 979 folii
1728 929 1779 978 S.
1807 930 1859 980 S.
1885 931 2116 979 indicem
2140 931 2288 992 texit,
2327 935 2487 994 atque
2514 932 2701 981 tradit:

246 1017 417 1077 „hunc
452 1014 689 1064 librum
726 1018 1042 1081 scriptum
1078 1017 1286 1066 fuisse
1324 1016 1574 1066 calamo
1613 1016 1906 1066 Theclae
1942 1019 2324 1081 martyris“?
2369 1017 2702 1082 Quamquam

245 1101 457 1162 Grabe,
503 1101 637 1164 prol.
662 1103 705 1151 Ι.
734 1104 781 1163 2,
810 1104 857 1152 4.
886 1119 926 1152 a.
966 1108 1017 1151 et
1054 1103 1367 1166 Woidius,
1406 1108 1513 1153 not.
1554 1103 1670 1152 cod.
1697 1103 1766 1152 al.
1792 1120 1842 1167 p.
1869 1105 1954 1152 49.
1981 1119 2021 1152 s.
2061 1102 2225 1153 multo
2263 1103 2438 1152 studio
2475 1106 2702 1168 probare

245 1189 395 1237 conati
432 1188 631 1236 fuerint
665 1190 805 1238 intra
840 1189 1070 1238 medium
1108 1195 1160 1239 et
1196 1189 1354 1239 finem
1390 1205 1529 1240 saec.
1555 1191 1646 1238 IV.
1687 1194 1985 1253 exaratum3
2035 1194 2240 1238 certum
2275 1189 2376 1239 hoc
2413 1190 2585 1240 solum
2623 1195 2704 1240 est

245 1275 453 1323 codicem
502 1289 646 1324 saec.
684 1276 749 1324 X.
788 1277 1141 1341 antiquiorem
1190 1293 1323 1327 esse.
1384 1278 1467 1325 De
1514 1276 1786 1326 saeculo
1838 1277 2064 1340 quinto
2120 1275 2308 1326 saltem
2360 1277 2704 1341 probabiliter

241 1361 472 1424 disputari
506 1366 699 1424 potest.
738 1361 819 1410 Cf.
856 1363 1221 1425 Montfaucon‚
1259 1362 1537 1428 Palaeogr.
1576 1380 1653 1428 gr.
1693 1377 1813 1428 app.
1850 1379 1902 1426 p.
1940 1364 2058 1411 513.
2115 1361 2336 1424 Semler,
2375 1364 2596 1412 coniect.
2637 1363 2702 1412 de

244 1451 396 1496 aetate
433 1445 561 1495 cod.
587 1447 738 1496 Alex,
776 1448 899 1497 Hal.
931 1450 1078 1498 1759.
1128 1449 1187 1498 C.
1226 1449 1591 1511 Tischendorf,
1631 1449 1712 1498 ed.
1750 1447 1880 1498 Cod.
1907 1449 2071 1514 prr.
2098 1447 2151 1498 S.
2177 1464 2334 1498 rescr.
2373 1450 2520 1514 Lips.
2551 1451 2701 1499 1845.

240 1533 351 1599 prol.
386 1533 425 1594 Ι,
463 1535 509 1582 3.
550 1539 604 1582 et
642 1536 687 1582 7.
733 1551 785 1598 p.
823 1537 871 1584 6.
912 1537 991 1584 10.
1066 1535 1419 1600 Quidquid
1466 1537 1615 1584 eius
1657 1536 1758 1584 rei
1806 1536 1924 1598 sit,
1974 1534 2152 1584 illud
2189 1539 2378 1584 certe
2416 1540 2702 1586 constat

242 1621 385 1668 hunc
432 1618 669 1668 librum
718 1635 872 1670 sane
922 1627 1253 1671 vetustum
1300 1623 1581 1671 Latinae
1631 1622 1945 1686 antiquae
1995 1621 2048 1670 S.
2091 1619 2460 1671 Bibliorum
2507 1624 2700 1671 inter-

240 1707 601 1772 pretationi
647 1706 1017 1770 plurimum
1062 1708 1328 1770 favere,
1374 1715 1439 1758 et
1480 1724 1515 1758 a
1554 1709 1777 1758 Textu
1815 1707 2079 1757 Graeco
2122 1713 2408 1772 recepto
2446 1708 2700 1757 discor-

240 1795 388 1841 dare.
448 1791 528 1841 cf.
570 1792 811 1857 Cowper,
852 1794 1143 1843 Introduct.
1183 1811 1235 1859 p.
1271 1796 1437 1843 XXX.
1476 1811 1517 1844 a.
1560 1795 1694 1844 Uter
1729 1796 1798 1844 sit
1834 1795 2002 1843 codex
2039 1793 2226 1843 melior
2260 1794 2322 1843 A.
2361 1808 2430 1843 an
2466 1795 2528 1844 Β.
2565 1795 2703 1843 inter

241 1880 437 1928 Criticos
476 1881 780 1944 quaeritur?
838 1881 899 1929 F.
935 1880 997 1929 A.
1038 1879 1283 1943 Stroth,
1323 1881 1389 1929 de
1428 1882 1541 1930 cod.
1581 1881 1941 1931 Alexandrino
1979 1880 2102 1930 Hal.
2145 1883 2294 1930 1771.
2347 1879 2551 1942 Grabe,
2587 1881 2622 1930 l.
2653 1897 2699 1930 c.

240 1970 278 2028 ξ.
302 1969 373 2014 10.
410 1965 602 2031 aliique
642 1969 694 2014 in
733 1966 1113 2016 extollendo
1152 1983 1266 2016 suo
1304 1968 1514 2029 nimii,
1558 1969 1694 2032 „ipsi
1731 1969 1890 2016 etiam
1925 1970 2231 2032 primaevae
2267 1968 2516 2018 Vaticani
2551 1967 2702 2016 Libri

241 2055 516 2116 Scripturae
541 2052 965 2102 Alexandrinum
992 2054 1228 2104 codicem
1251 2054 1410 2119 longe
1441 2054 1850 2119 praeferendum
1887 2059 2034 2104 esse“
2064 2055 2261 2104 dixere.
2311 2053 2419 2103 Sed
2455 2053 2700 2119 Spohn,

240 2140 442 2204 append.
468 2139 533 2187 ad
560 2143 687 2188 sect.
715 2140 778 2189 V.
808 2146 861 2188 et
885 2141 973 2189 VI.
1001 2146 1109 2189 not.
1135 2131 1453 2190 Woidianae
1480 2158 1531 2206 p.
1558 2143 1676 2190 254.
1704 2159 1744 2190 ε.
1782 2142 1948 2206 probe
1983 2142 2385 2191 demonstravit:
2423 2146 2698 2205 praestan-

239 2229 347 2275 tiam
383 2225 573 2274 codicis
606 2225 967 2288 Alexandrini,
1008 2242 1199 2292 magno
1238 2227 1427 2277 ardore
1466 2233 1517 2276 et
1554 2227 1730 2277 studio
1769 2228 1836 2276 ab
1876 2226 2141 2292 aliquibus
2179 2227 2398 2289 laudati,
2437 2243 2546 2276 non
2583 2242 2700 2277 esse

242 2319 444 2374 tantam,
498 2319 755 2377 quantam
810 2315 924 2362 eius
979 2314 1285 2364 laudatores
1335 2314 1535 2364 volunt.
1608 2314 1689 2362 Cf.
1731 2329 1776 2363 e.
1814 2314 1865 2362 J.
1906 2313 1957 2362 S.
1995 2313 2234 2376 Hichtel‚
2293 2330 2464 2363 exerc.
2513 2329 2584 2362 cr.
2634 2313 2700 2363 de

242 2401 529 2464 antiquitate
568 2405 621 2448 et
656 2401 986 2464 praestantia
1023 2400 1137 2449 cod.
1179 2401 1405 2450 Romani
1440 2415 1568 2464 prae
1605 2400 1985 2450 Alexandrina
2022 2400 2144 2449 Jen.
2186 2403 2338 2450 1734.

431 2537 667 2602 Superest
705 2538 767 2589 de
813 2541 927 2603 ipsa
976 2538 1191 2588 editione
1230 2537 1427 2588 Codicis
1475 2537 1692 2600 addere3
1743 2555 1896 2602 opera
1944 2537 2180 2587 editionis
2217 2537 2472 2602 principis
2519 2536 2706 2586 mansit

244 2626 487 2687 Cir-abio,
542 2625 792 2689 Bou-uaso,
848 2625 936 2691 qui
987 2625 1056 2675 ad
1106 2627 1292 2693 Anyzos
1345 2626 1482 2676 abiit.
1570 2626 1758 2677 Veteris
1810 2625 2110 2677 Testamenti
2157 2624 2214 2674 L.
2256 2623 2315 2677 L.
2369 2641 2411 2674 κ.
2451 2641 2494 2675 τ.
2533 2623 2701 2675 LXX.

243 2713 290 2763 J.
324 2713 380 2766 E.
418 2712 636 2763 Grabiua
680 2712 776 2766 IV.
827 2714 921 2763 vol.
972 2712 1130 2763 Oxou.
1181 2715 1539 2763 1707—1720.
1600 2716 1736 2779 typis
1788 2714 1973 2764 theatri
2027 2712 2387 2763 Scheldoniani
2439 2712 2492 2761 in
2546 2712 2704 2762 lacem

237 2800 466 2864 publicam
496 2798 771 2864 produxit,
813 2829 873 2837 -
910 2816 957 2850 v.
998 2800 1166 2866 Lonq,
1207 2800 1341 2851 Bibl.
1378 2817 1417 2848 e.
1458 2799 1533 2849 ed.
1574 2799 1766 2851 Masch.
1805 2799 1928 2851 Hal.
1969 2802 2119 2849 1781.
2160 2799 2230 2849 lI.
2270 2802 2328 2861 2,
2368 2801 2488 2848 297.
2525 2817 2565 2847 a.
2606 2816 2706 2860 -‚·

241 2887 509 2951 locupletate
542 2888 595 2936 it.
636 2886 799 2936 edidit
832 2886 885 2935 J.
922 2887 974 2939 J.
1014 2887 1402 2951 Breitinyer.
1448 2885 1554 2951 Τίς.
1599 2888 1956 2935 1730-1732.
2023 2885 2178 2952 Typie
2214 2885 2285 2935 ad
2320 2884 2702 2935 similitudinem

241 2975 383 3038 {peius
419 2973 611 3023 Codicis
647 2973 878 3038 fideliter
922 2973 1202 3039 deam-ipae,
1252 2973 1413 3023 denuo
1456 2973 1682 3038 imprimi
1717 2973 1913 3023 curavit
1951 2973 2020 3021 H.
2058 2973 2214 3023 Herv.
2253 2972 2486 3022 Baber.
2535 2970 2698 3044 Lond.

246 3062 510 3110 1816—28.
550 3063 600 3109 4.
638 3076 684 3110 v.
698 3079 718 3121 ;
766 3078 875 3109 cum
923 3061 1084 3110 varii&
1131 3060 1423 3109 lectionibus
1458 3060 1523 3109 R.
1562 3060 1819 3109 Holmes
1855 3064 1902 3109 et
1937 3058 1987 3108 J.
2025 3059 2326 3108 Par-sona.
2368 3057 2527 3107 Oxon.
2565 3059 2703 3107 1798

244 3149 444 3198 —1827.
490 3150 539 3195 5.
579 3154 614 3196 t.
670 3146 1027 3197 Recemionem
1087 3146 1401 3197 Grabianam
1454 3145 1525 3195 ad
1567 3145 1731 3210 fldem
1787 3144 1910 3195 cod.
1965 3145 2107 3195 Alex.
2165 3145 2480 3208 aliorumque
2533 3143 2700 3193 denuo

241 3235 494 3299 recoynovit
530 3232 619 3282 Fr.
658 3232 846 3283 Field
863 3272 875 3295 ,
915 3232 1102 3283 Oxonioe‘
1142 3234 1289 3283 1859.
1349 3231 1547 3282 Novum
1588 3231 1954 3281 Testamentum
1990 3230 2307 3281 adiutoribus
2344 3230 2398 3281 S.
2437 3231 2535 3280 Ha
2547 3247 2702 3293 rper

242 3328 279 3369 et
328 3319 489 3371 G'oaoet
536 3337 669 3369 anno
719 3321 867 3369 1786.
908 3318 1089 3381 forma
1139 3336 1274 3368 max.
1315 3318 1540 3367 Londim‘
1587 3316 1751 3367 edidit
1799 3317 1852 3368 d.
1899 3333 1944 3367 v.
1995 3316 2064 3366 ad
2099 3316 2262 3382 fidem
2310 3316 2472 3381 ipsius
2517 3316 2702 3366 codicis

242 3407 515 3471 descriptum
570 3404 634 3456 G.
677 3404 726 3456 0.
780 3405 909 3455 Woi
918 3405 993 3455 de
1042 3405 1207 3455 Musei
1244 3404 1498 3453 Britanici
1537 3402 1956 3454 Bibliothecarius
1993 3406 2040 3458 h.
2077 3421 2118 3454 e.
2160 3403 2257 3467 „N.
2303 3404 2359 3453 T.
2394 3422 2470 3469 φ’.
2511 3421 2551 3454 e.
2589 3402 2699 3453 eod.

242 3511 340 3543 msa
374 3491 650 3543 Alexandr.
699 3492 788 3557 qui
834 3491 1059 3542 Londini
1104 3492 1158 3541 in
1210 3491 1519 3541 Bibliotheca
1566 3490 1732 3540 Masei
1781 3491 1916 3540 Britt
1951 3495 2169 3541 auerv.“
2184 3508 2204 3552 ‚·
2239 3491 2437 3555 repetiit
2471 3496 2702 3541 accurate

244 3580 297 3633 B.
330 3579 393 3629 H.
432 3578 695 3643 Oowper.
735 3578 903 3628 Lond.
949 3580 1096 3627 1860.
1389 3560 1394 3569 ¹

424 3703 755 3751 Arbitramur
788 3700 1079 3751 lectoribus
1116 3706 1323 3766 gratum
1365 3700 1502 3750 fore:
1550 3702 1597 3750 si
1633 3700 1814 3765 aliqua
1851 3699 1926 3749 de
1964 3699 2208 3749 Codice
2243 3698 2276 3729 ’ἓ
2313 3698 2697 3761 Sinaitico,

242 3790 515 3853 nuperrime
564 3788 782 3838 chartae
833 3792 885 3835 et
932 3793 1177 3852 typorum
1224 3789 1450 3836 maximo
1500 3786 1784 3852 splendore
1834 3801 1868 3835 a
1916 3785 2097 3835 Const.
2136 3785 2493 3836 Tischendorf
2537 3786 2697 3848 edite,

241 3876 477 3941 literaque
509 3884 543 3921 κ
579 3880 763 3925 notato
812 3876 1264 3924 intersereremus.
1329 3874 1552 3939 Scripsit
1589 3875 1654 3923 de
1692 3873 1793 3924 hoc
1831 3873 2001 3923 editor
2037 3873 2094 3921 in
2134 3873 2367 3933 „Notitia
2403 3872 2525 3922 edit.
2566 3871 2696 3923 Cod.

239 3962 360 4011 Bibl.
396 3962 681 4012 Sinaitici.“
727 3962 875 4025 Lips.
914 3963 1063 4011 1860.
1104 3966 1157 4010 et
1190 3962 1247 4009 in
1282 3961 1578 4025 Prolegom.
1618 3961 1689 4009 ad
1725 3959 1804 4009 ed.
1837 3959 1896 4009 C.
1933 3959 2077 4009 Frid.
2114 3959 2248 4023 Aug.
2286 3960 2500 4024 Petrop.
2539 3965 2592 4009 et
2628 3958 2698 4009 ad

239 4050 291 4097 N.
316 4050 369 4097 T.
406 4065 477 4114 gr.
517 4064 545 4098 e
574 4048 773 4098 Codice
812 4048 1067 4098 Sinaitico
1106 4049 1252 4114 Lips.
1282 4049 1433 4098 1865.
1482 4048 1618 4113 Legi
1654 4051 1886 4097 meretur
1923 4047 2082 4095 etiam
2119 4045 2244 4095 dise.
2284 4047 2383 4095 viri
2420 4044 2700 4095 clarissimi

236 4136 569 4197 Holzammer,
596 4141 648 4184 ii.
676 4135 725 4183 d.
754 4134 938 4184 Sinait.
972 4134 1459 4185 Bibelhandschrift
1491 4150 1543 4183 u.
1570 4134 1618 4183 d.
1644 4134 1910 4197 Herausg.
1939 4132 1987 4181 d.
2017 4132 2076 4181 C.
2101 4132 2164 4181 Τ.
2190 4133 2246 4181 in
2271 4147 2394 4181 ann.
2421 4131 2695 4182 Katholik.

240 4226 369 4271 1863.
404 4239 453 4287 p.
480 4224 599 4271 414.
638 4239 679 4272 s.
718 4227 878 4285 atque
914 4221 1162 4283 Muralto,
1199 4223 1257 4269 in
1294 4221 1369 4271 St.
1394 4236 1445 4270 u.
1477 4222 1569 4269 Kr.
1612 4221 1762 4271 1860.
1801 4237 1851 4283 p.
1893 4221 2008 4268 730.
2037 4234 2078 4267 a.
2119 4219 2537 4268 observatione&
2586 4218 2696 4267 Ubi

237 4310 285 4357 C.
319 4308 675 4369 Tischendorf‚
714 4324 895 4357 mense
931 4308 1074 4357 Maio
1112 4308 1326 4357 labente
1366 4309 1491 4356 anni
1532 4308 1682 4356 1844.
1720 4307 1775 4354 in
1813 4305 2132 4355 monasterio
2170 4305 2221 4354 S.
2262 4303 2584 4353 Catharinae
2625 4305 2695 4354 ad

238 4401 445 4445 montem
472 4394 784 4445 Sinaiticum
820 4400 1137 4456 versaretur,
1175 4396 1313 4443 inter
1349 4399 1558 4443 veteres
1595 4393 1761 4443 libros
1799 4394 2024 4457 scriptos
2050 4392 2249 4441 detexit
2272 4392 2436 4439 LXX.
2477 4392 2694 4457 interpr.

238 4483 539 4547 fragmenta3
579 4498 608 4531 e
647 4483 837 4547 quibus
874 4483 957 4531 43.
995 4482 1126 4531 folia
1161 4482 1201 4529 Ι.
1240 4482 1360 4531 Par.
1398 4481 1553 4530 Esdr.
1593 4480 1727 4529 Tob.
1759 4480 1908 4528 Lam.
1936 4480 2046 4529 Jer.
2082 4478 2216 4528 Neh.
2255 4476 2404 4527 Esth.
2445 4476 2699 4543 reliquias

240 4570 549 4621 continentia
598 4584 777 4619 secum
834 4568 1055 4633 accepit.
1119 4568 1307 4619 Redux
1346 4583 1437 4619 eas
1474 4567 1688 4617 nomine
1727 4565 1857 4615 Cod.
1894 4565 2164 4616 Friderico
2202 4564 2501 4633 Augustani
2537 4564 2701 4615 edidit
