3309 5300
544 450 671 515 298
1241 462 1477 504 Comment.
1502 462 1555 504 de
1582 464 1627 504 S.
1647 462 1859 514 Scriptur.
1889 474 1983 514 cap.
2013 463 2117 504 tert.
2147 465 2258 504 sect.
2288 463 2321 504 I.

543 639 677 688 101οε
713 637 861 689 locos
898 639 1005 687 iam
1041 640 1239 705 passim
1279 639 1622 704 collegerunt,
1663 638 2084 704 evolveruntque
2119 638 2314 689 eruditi
2351 637 2404 688 S.
2440 637 2832 704 Scripturarum
2871 655 3044 705 expo-

544 726 755 789 sitores;
811 726 887 773 ita
935 730 994 775 ut
1041 726 1123 775 his
1161 725 1351 775 diebus
1400 725 1522 775 illos
1570 727 1811 775 invenire
1860 726 2004 775 haud
2041 724 2258 775 difficile
2307 727 2390 775 sit.
2450 726 2608 776 Unde
2655 728 2832 792 potius
2880 726 3048 775 labor

542 812 770 873 illorum,
809 812 900 876 qui
940 810 994 861 S.
1021 811 1305 876 Scripturis
1341 812 1672 877 explicandis
1712 826 1926 877 operam
1964 817 2181 874 navant,
2222 812 2436 862 assidue
2473 827 2536 861 οο
2575 814 2831 875 enitatur3
2871 826 3047 877 quae-

544 914 661 947 rere
699 902 873 946 utrum
910 898 1050 947 inter
1086 896 1372 963 parallelos
1397 898 1547 948 locos
1575 897 1627 947 S.
1654 898 1708 950 S.
1736 898 1802 948 U.
1828 898 1890 947 F.
1917 898 2088 959 relati,
2126 913 2316 948 revera
2337 898 2474 948 tales
2506 900 2626 961 sint,
2665 900 2756 964 qui
2793 898 3050 965 diligenti

546 985 788 1035 examine
825 985 1123 1050 perquisiti,
1163 999 1351 1034 revera
1386 985 1489 1034 sibi
1523 985 1752 1034 invicem
1789 989 1973 1035 mutuo
2012 986 2387 1050 respondeant.

542 1246 601 1325 ἓ.
654 1244 796 1309 133.
843 1240 1243 1326 Allegata‚
1290 1243 1459 1307 sive
1506 1240 1994 1307 Testimonia
2037 1241 2118 1305 N.
2151 1240 2227 1304 T.
2279 1264 2379 1305 ex
2409 1241 2491 1306 A.
2525 1243 2601 1307 T.
2651 1242 3045 1306 desumta.

754 1432 1125 1499 „Allegata“
1168 1433 1441 1483 dicuntur:
1491 1435 1693 1484 verba
1737 1434 1932 1483 unius
1973 1433 2340 1498 Scriptoris
2381 1432 2432 1484 S.
2471 1435 2552 1484 ab
2603 1433 2756 1483 aliis
2794 1433 3049 1499 Hagio-

544 1521 816 1587 graphis
852 1536 879 1570 r
895 1520 1075 1570 elata
1100 1521 1213 1569 sive
1234 1520 1413 1569 citata.
1450 1520 1603 1581 Quae
1631 1536 1750 1569 cum
1776 1519 2010 1583 aliquam
2038 1518 2090 1568 S.
2119 1520 2424 1585 Scripturae
2449 1525 2656 1585 partem
2681 1520 3050 1581 constituant3

546 1607 673 1672 quid
700 1606 764 1656 de
790 1607 873 1656 his
897 1606 1243 1656 iudicandum
1280 1607 1385 1655 sit?
1421 1620 1484 1656 eo
1520 1605 1690 1671 magis
1723 1607 1822 1655 erit
1859 1605 2285 1668 examinandum,
2324 1607 2468 1671 quod
2503 1608 2829 1670 comparatio
2854 1606 3050 1655 huius-

544 1694 685 1743 modi
722 1693 962 1743 locorum
998 1708 1274 1758 nunquam
1309 1708 1418 1742 non
1456 1693 1601 1742 utilis
1639 1694 1723 1755 sit,
1761 1697 1814 1741 et
1837 1692 1938 1742 hac
1965 1709 2126 1757 super
2149 1709 2206 1742 re
2231 1694 2384 1743 varia
2409 1695 2693 1755 variorum,
2733 1694 3050 1758 cumprimis

545 1779 959 1829 acatholicorum
982 1780 1346 1845 interpretum,
1383 1792 1607 1828 erronea
1632 1780 1899 1828 sententia
1923 1779 2224 1828 ventiletur.
2263 1778 2340 1828 Ac
2363 1781 2532 1844 primo
2561 1779 2772 1843 quidem
2797 1778 3050 1827 diversas

544 1868 795 1928 rationes,
834 1867 1027 1931 quibus
1064 1865 1231 1915 verba
1267 1865 1319 1915 S.
1360 1864 1411 1915 S.
1450 1864 1768 1931 allegantur,
1808 1880 1972 1930 saepe
2019 1866 2356 1915 considerare
2405 1881 2626 1915 neeesse
2665 1870 2759 1915 est.
2818 1866 3050 1915 Primo

548 1953 901 2003 examinanda
945 1954 1073 2001 erit:
1121 1951 1573 2016 Allegatorum
1610 1954 1723 2001 sive
1762 1953 2071 2001 citationum
2109 1952 2522 2002 differentia.
2573 1952 2662 2001 Sic
2699 1952 3052 2001 adducuntur

547 2042 593 2089 1.
630 2040 870 2105 integrae
920 2039 1217 2089 sententiae
1266 2038 1337 2087 ad
1384 2038 1664 2103 probanda
1710 2038 1800 2087 vel
1847 2038 1972 2087 fidei
2023 2038 2290 2104 dogmata,
2339 2038 2428 2088 vel
2475 2054 2680 2087 morum
2728 2043 3046 2104 praecepta.

546 2126 734 2175 Matth.
772 2128 821 2188 4,
862 2127 949 2175 10.
988 2124 1119 2175 Con.
1156 2111 1319 2174 Deut.
1358 2126 1405 2187 6,
1434 2126 1514 2174 13.
1552 2124 1892 2189 Usurpantur
1927 2128 1974 2174 2.
1997 2126 2344 2191 ,vaticinia
2379 2124 2468 2173 vel
2505 2130 2562 2174 ut
2595 2126 2702 2173 iam
2739 2124 3050 2189 completa3

542 2212 661 2261 Act.
687 2214 735 2273 2,
763 2212 846 2261 25.
874 2210 993 2261 coll.
1019 2211 1108 2260 Ps.
1138 2212 1218 2272 15,
1246 2196 1293 2259 8.
1330 2210 1418 2259 vel
1452 2216 1513 2259 ut
1549 2211 1870 2275 complenda
1903 2212 2056 2261 Rom.
2090 2213 2170 2273 11,
2199 2213 2283 2261 26.
2321 2210 2444 2261 0011.
2481 2211 2605 2260 Isai.
2634 2213 2717 2273 59,
2743 2213 2826 2260 20.
2865 2207 3053 2259 Simili

546 2299 657 2347 fere
711 2297 869 2347 modo
924 2297 1212 2346 laudantur
1248 2299 1295 2345 3.
1334 2296 1515 2345 facta
1550 2298 1664 2345 sive
1711 2297 2009 2362 exempla
2055 2298 2342 2362 probantia
2379 2302 2433 2347 et
2467 2297 2814 2361 illustrantia3
2870 2296 3052 2345 Marc.

546 2387 593 2446 2,
622 2386 705 2433 25.
743 2385 784 2433 I.
823 2384 954 2449 Reg.
994 2385 1077 2445 21,
1116 2385 1163 2433 6.
1202 2384 1289 2433 vel
1325 2385 1373 2432 4.
1410 2398 1516 2433 res
1554 2389 1716 2449 atque
1756 2385 1934 2433 dicta
1970 2399 2108 2448 quae
2146 2383 2434 2449 allegorice
2472 2383 2812 2449 applicantur
2845 2384 2916 2431 ad
2955 2398 3050 2432 res

546 2472 686 2520 Novi
722 2470 977 2520 Foederis
1014 2485 1174 2519 sensu
1212 2470 1489 2534 spirituali.
1530 2470 1589 2518 V.
1623 2486 1676 2536 p.
1703 2472 1822 2519 263.
1869 2470 2118 2535 Denique
2157 2472 2205 2519 5.
2243 2471 2414 2535 Typi
2449 2470 2520 2519 ad
2554 2469 2863 2535 Antitypum
2899 2469 3050 2518 refe-

550 2562 756 2607 runtur.
815 2557 893 2606 Ib.
930 2573 983 2621 p.
1022 2558 1139 2605 267.
1192 2554 1491 2606 Secundo
1542 2558 1843 2606 accuratius
1893 2557 2245 2606 examinanda
2293 2560 2375 2605 est
2411 2558 2654 2622 quaestio
2693 2556 2758 2605 de
2795 2556 3052 2621 allega·

544 2647 761 2694 torum
801 2644 983 2693 fonte
1022 2659 1095 2693 ac
1131 2642 1305 2694 sede.
1367 2644 1475 2694 Ubi
1529 2643 1822 2692 notandum
1872 2642 2192 2708 quandoque
2240 2641 2408 2693 veluti
2445 2642 2612 2709 digito
2659 2642 2836 2692 locum
2871 2643 2939 2692 V.
2979 2642 3050 2692 F.

545 2731 847 2781 monstrari.
894 2730 977 2778 Ita
1014 2746 1064 2779 v.
1091 2746 1139 2794 g.
1166 2729 1356 2779 Matth.
1388 2733 1433 2792 1,
1462 2732 1545 2779 23.
1583 2731 1752 2780 Isaias
1793 2731 1839 2792 7,
1880 2731 1987 2793 14.;
2025 2729 2141 2778 Act.
2169 2733 2217 2791 2,
2245 2731 2328 2779 27.
2355 2729 2477 2780 0011.
2504 2731 2590 2779 Ps.
2620 2732 2700 2792 16,
2727 2732 2776 2780 8.
2803 2745 2844 2778 s.
2881 2731 2948 2778 T.
2977 2728 3050 2778 Ο.

550 2818 629 2866 15.
671 2816 737 2866 V.
783 2816 1039 2866 Davides.
1089 2816 1239 2866 Alias
1288 2816 1443 2866 sedes
1490 2816 1617 2865 dicti
1662 2817 1718 2865 in
1765 2832 1960 2882 genere
2005 2821 2214 2866 tantum
2235 2803 2240 2807 ⁵
2261 2816 2665 2867 demonstratur.
2721 2815 2854 2866 Coll.
2903 2816 3050 2865 Luc.

546 2903 631 2965 24,
654 2904 739 2952 44.
764 2903 879 2952 Νο0
905 2917 1081 2952 rarum
1100 2903 1601 2968 Hagiographorum
1620 2903 1686 2951 N.
1706 2903 1768 2951 Τ.
1796 2901 2028 2967 allegata
2052 2903 2290 2968 pluribus
2310 2905 2374 2953 V.
2394 2904 2457 2952 F.
2476 2902 2608 2953 locis
2633 2907 2816 2952 mutuo
2843 2903 3049 2952 iunctis

549 2989 901 3054 respondere3
950 2990 1039 3039 vel
1077 2989 1144 3038 ad
1180 2991 1483 3038 universam
1527 2989 1767 3039 locorum
1804 2989 2054 3038 similium
2091 2989 2334 3056 syllogen
2369 2989 2433 3038 V.
2470 2991 2532 3038 F.
2568 2991 2835 3054 respicere
2870 2989 2938 3037 N.
2978 2989 3050 3036 F.

548 3074 627 3124 Cf.
666 3077 819 3125 Rom.
858 3077 906 3138 3,
947 3077 1027 3124 13.
1066 3076 1153 3125 Ps.
1181 3078 1229 3136 5,
1260 3077 1340 3125 10.
1368 3078 1600 3139 139,-4.;
1640 3079 1688 3137 9,
1719 3078 1764 3126 7.
1792 3090 1834 3125 ε.
1875 3075 2006 3125 Gen.
2046 3077 2128 3137 21,
2159 3078 2238 3125 12.
2281 3078 2361 3138 18,
2392 3079 2472 3126 10.
2511 3078 2594 3138 25,
2623 3079 2705 3125 22.
2737 3078 2786 3124 3.
2825 3073 3048 3140 Saepis-

544 3164 676 3210 sime
715 3176 840 3211 vero
880 3163 1141 3226 contingit
1176 3162 1553 3227 allegationem
1589 3162 2015 3212 indefinitam
2052 3177 2186 3224 esse,
2226 3161 2423 3212 nullius
2462 3162 2619 3228 plane
2653 3163 2930 3226 scriptoris
2957 3161 3052 3209 vel

544 3247 666 3297 libri
690 3249 889 3297 iniecta
912 3249 1192 3298 mentione.
1230 3248 1419 3297 Matth.
1446 3250 1496 3310 4,
1522 3251 1571 3298 4.
1601 3250 1646 3299 7.
1677 3251 1757 3298 10.
1801 3251 2084 3314 „scriptum
2111 3251 2222 3298 est“
2263 3249 2384 3298 coll.
2410 3249 2527 3298 Act.
2555 3251 2636 3312 23,
2664 3250 2738 3311 5.;
2764 3247 2865 3297 ‘vel
2887 3248 3052 3296 Deus

546 3334 807 3400 allegatur
844 3337 1065 3401 eiusque
1103 3321 1331 3400 Spiritus
1368 3334 1595 3400 loquens
1630 3335 1747 3384 Act.
1777 3337 1857 3397 13,
1883 3337 1966 3384 47.
2006 3324 2125 3385 coll.
2162 3336 2234 3385 Is.
2272 3337 2356 3396 49,
2395 3338 2470 3385 6.:
2510 3340 2564 3385 et
2599 3335 2730 3384 dixit
2765 3336 2859 3396 cis,
2908 3349 3050 3398 >quo-

550 3423 693 3470 niam
733 3423 809 3470 sic
846 3423 1100 3486 scriptum
1137 3426 1233 3484 est,
1273 3426 1326 3472 et
1359 3423 1435 3472 sic
1462 3422 1746 3487 oportebat
1769 3421 2032 3471 Christum
2059 3423 2172 3487 pati
2199 3427 2250 3472 et
2274 3437 2552 3486 resurgere
2579 3436 2613 3470 a
2635 3421 2858 3471 mortuis
2883 3422 3052 3470 tertia

546 3508 651 3557 die.
711 3507 870 3569 Quod
913 3507 981 3556 ad
1016 3507 1283 3557 formam
1331 3507 1764 3572 allegationis
1813 3512 2150 3557 externam
2201 3509 2547 3558 observatur:
2596 3509 2826 3557 Tertio
2871 3507 3053 3556 verba

554 3609 693 3659 quae
732 3596 963 3643 citantur
999 3594 1260 3643 interdum
1300 3595 1527 3643 eadem
1563 3595 1694 3657 fere,
1745 3599 1838 3643 aut
1884 3594 2224 3644 levissima
2265 3595 2410 3644 facta
2445 3596 2816 3644 mutatione
2853 3596 3050 3660 repeti.

548 3681 612 3730 V.
669 3697 713 3731 c.
770 3681 959 3730 Matth.
1009 3682 1068 3742 4,
1114 3681 1162 3730 4.
1221 3679 1343 3730 coll.
1402 3681 1565 3730 Deut.
1614 3683 1672 3743 8,
1724 3682 1773 3730 3.
1845 3682 2134 3731 Brevitatis
2189 3686 2242 3731 et
2295 3683 2690 3747 perspicuitatis
2745 3682 2925 3747 gratia
2977 3682 3050 3731 ab

546 3767 816 3832 Apostolis
854 3766 1145 3831 aliquando
1183 3781 1371 3816 sensus
1408 3771 1614 3816 tantum
1650 3767 1890 3817 locorum
1927 3767 1980 3816 S.
2009 3768 2061 3817 S.
2098 3769 2159 3817 V.
2184 3768 2246 3816 F.
2284 3770 2570 3818 retinetur:
2608 3769 2826 3818 mutatis
2863 3769 3047 3817 verbis

543 3853 633 3902 vel
670 3870 765 3918 per
800 3854 1211 3930 additionem
1241 3853 1429 3903 Matth.
1458 3855 1539 3916 19,
1568 3855 1618 3902 5.
1657 3853 1792 3904 Gen.
1819 3856 1868 3916 2,
1893 3857 1994 3916 24.‚
2024 3855 2106 3916 15,
2132 3857 2178 3904 9.
2218 3854 2288 3905 Is.
2315 3856 2398 3916 29,
2427 3857 2538 3918 13.;
2575 3855 2662 3904 vel
2696 3869 2794 3920 per
2833 3854 3047 3903 detra-

546 3941 832 3990 ctionem
868 3941 1057 3991 Matth.
1083 3942 1131 4003 4,
1159 3942 1208 3989 4.
1234 3943 1268 3989 4
1312 3943 1422 4004 15.;
1465 3942 1545 4002 12,
1572 3943 1655 3990 21.
1683 3941 1808 3991 Isai.
1835 3943 1919 4004 29,
1950 3943 2030 3990 13.
2057 3944 2106 4003 9,
2135 3943 2182 3990 1.
2209 3943 2294 4002 42,
2320 3943 2398 4005 4.;
2436 3941 2526 3990 vel
2559 3957 2658 4006 per
2691 3947 3048 3991 commuta-

543 4029 791 4077 tionem
825 4026 1015 4076 Matth.
1056 4029 1138 4089 21,
1175 4028 1224 4076 5.
1264 4027 1423 4076 Zach.
1456 4029 1503 4088 9,
1533 4029 1582 4076 9.
1620 4027 1734 4077 Νο0
1768 4028 1985 4078 insolita
2023 4032 2106 4078 est
2139 4029 2362 4077 mutatio
2401 4043 2523 4077 cum
2557 4042 2749 4077 vocum
2785 4029 3048 4093 ipsarum,

544 4119 656 4164 tum
706 4129 889 4163 earum
939 4113 1323 4178 accidentium3
1374 4130 1439 4163 ex
1476 4129 1581 4179 quo
1622 4113 1820 4164 accidit
1856 4114 2088 4179 allegata
2124 4115 2188 4163 N.
2225 4114 2288 4164 F.
2324 4115 2563 4164 fontibus
2602 4116 2712 4165 suis
2749 4115 3046 4178 verbisque

545 4200 785 4250 locorum
834 4200 1184 4266 allegatorum
1233 4205 1438 4250 tantum
1486 4216 1595 4250 non
1645 4201 1874 4250 adversa
1921 4206 1973 4250 et
2021 4203 2290 4251 contraria
2335 4202 2532 4266 videri3
2590 4217 2729 4266 quae
2779 4207 2965 4250 tamen
3003 4203 3050 4250 si

545 4290 775 4354 penitius
813 4289 1182 4355 inspiciantur,
1221 4289 1607 4353 expositionem
1643 4290 1821 4354 potius
1849 4293 1902 4338 et
1924 4288 2093 4337 veluti
2127 4290 2564 4338 commentarium
2601 4289 2864 4338 dictorum
2891 4289 2956 4337 V.
2981 4288 3050 4337 F.

545 4376 813 4426 exhibent.
868 4376 933 4424 E.
974 4391 1018 4424 c.
1056 4375 1171 4425 Act.
1214 4378 1260 4438 1,
1299 4376 1383 4424 28.
1433 4375 1520 4425 Ps.
1561 4377 1644 4438 68,
1685 4378 1766 4425 26.
1828 4375 1968 4424 Heb.
2009 4377 2091 4438 10,
2130 4377 2178 4424 5.
2227 4376 2314 4425 Ps.
2359 4377 2442 4438 39,
2483 4377 2529 4424 7.
2588 4375 2728 4437 Quid
2766 4375 2916 4440 quod
2953 4379 3052 4424 aut

545 4463 809 4526 generalis
861 4461 1105 4512 doctrina
1151 4462 1220 4511 ad
1266 4462 1553 4527 specialem
1604 4463 1880 4510 materiam
1930 4462 2230 4526 applicetur
2279 4462 2396 4511 Act.
2443 4464 2489 4525 1,
2528 4464 2611 4511 20.
2671 4463 2761 4512 Ps.
2803 4464 2889 4525 68,
2930 4463 3051 4532 25.;

547 4555 641 4599 aut
666 4551 865 4598 dictum
891 4549 1123 4614 speciale
1151 4549 1217 4598 de
1245 4563 1351 4597 una
1376 4565 1448 4610 re,
1477 4548 1545 4598 ad
1572 4565 1684 4598 rem
1708 4548 1931 4597 similem
1957 4549 2118 4598 aliam
2144 4549 2590 4598 accommodetur.
2628 4549 2819 4598 Matth.
2851 4550 2934 4610 13,
2964 4549 3050 4598 14·

544 4637 669 4686 Isai.
691 4638 739 4698 6,
765 4639 813 4686 9.
851 4636 971 4685 Hoc
998 4635 1207 4685 demum
1233 4640 1468 4700 quarto
1496 4635 1782 4685 observare
1809 4639 2043 4700 oportet:
2070 4635 2356 4701 loquentes
2381 4634 2470 4685 vel
2493 4635 2790 4686 scribentes
2815 4636 2873 4686 in
2899 4635 2964 4684 N.
2985 4635 3050 4685 F.
