3309 5300
549 422 679 495 242
1260 436 1494 482 Comment.
1526 437 1581 481 de
1608 433 1649 481 S.
1673 440 1832 492 script.
1863 452 1957 492 cap.
1989 452 2074 483 seo.
2105 432 2232 483 tract.
2263 434 2318 482 ῙῘ.

549 623 689 698 quia
720 620 1045 696 periculum
1094 622 1290 678 minus
1322 626 1450 679 erat
1488 641 1810 693 commune,
1859 642 1963 698 per
2010 622 2183 697 plura
2229 623 2458 680 saecula
2501 622 2666 679 nulla
2706 623 2858 679 exiit
2901 619 3044 680 uni-

549 724 793 783 versalis
822 725 1117 783 Ecclesiae
1147 725 1267 797 lex,
1317 746 1432 804 qua
1479 726 1651 784 lectio
1701 726 2012 785 Sacrarum
2057 726 2497 803 Scripturarum
2545 731 2887 797 arctaretur,
2943 727 3045 783 sed

548 830 701 887 hanc
746 830 1045 887 moderare
1092 830 1475 908 linquebatur
1521 831 1869 906 prudentiae
1915 830 2275 889 Antistitum
2315 836 2376 889 et
2412 832 2892 907 praepositorum.
2961 832 3048 887 At

547 953 688 993 vero
750 954 785 991 a
842 935 1067 991 saeculo
1127 935 1265 991 inde
1326 935 1664 993 duodecimo
1725 937 1799 992 ab
1859 936 2307 1009 Albigensibus;
2372 937 2747 1014 sequentibus
2803 954 2952 993 vero
3015 954 3050 991 a

550 1036 903 1109 Wicleffitis,
946 1038 1224 1109 HussitiS,
1260 1036 1662 1097 Lutheranis¹
1703 1039 1948 1117 aliisque
1985 1040 2264 1111 sectariis,
2301 1042 2594 1097 crescebat
2632 1039 3049 1115 periculum

548 1140 813 1211 fidelium
834 1164 856 1211 3·
920 1162 1169 1219 quorum
1228 1143 1596 1219 simplicitati
1667 1146 2080 1219 imponebatur
2138 1164 2260 1220 per
2321 1144 2761 1202 adulteratas
2820 1142 3049 1200 Verbi

548 1246 801 1304 Divini
849 1247 1513 1322 interpretationes,
1576 1247 1886 1305 Versiones
1917 1250 2132 1325 quippe
2164 1250 2284 1305 suis
2315 1248 2612 1307 erroribus
2643 1248 3046 1305 accommoda-

546 1354 722 1408 runt:
776 1352 1083 1421 demendO,
1139 1352 1505 1409 immutando
1559 1356 1619 1408 et
1670 1353 1932 1410 addendo
1952 1348 1993 1409 2.
2070 1352 2240 1409 Unde
2291 1353 2738 1429 sapientissimis
2789 1353 3050 1409 adducta

547 1454 879 1512 rationibus
916 1454 1197 1511 Ecclesia·
1224 1454 1523 1513 Catholica
1564 1457 1802 1526 statuit,
1853 1457 2112 1533 quibus
2161 1461 2230 1514 et
2271 1458 2617 1535 quomodo
2662 1474 3049 1537 concessae

547 1570 737 1617 essent
780 1559 1214 1618 vernaculae
1259 1559 1319 1617 S.
1351 1559 1759 1617 Bibliorum
1809 1561 2351 1619 translationes.
2411 1562 2678 1619 Errasset
2713 1580 2851 1617 sane
2881 1561 3047 1619 veri-

549 1666 690 1721 tatis
721 1664 1017 1737 columna;
1052 1684 1239 1741 neque
1267 1684 1497 1721 omnem
1528 1665 1682 1721 hanc
1712 1684 1877 1721 suam
1901 1685 2171 1740 sponsam
2199 1666 2510 1727 veritatem
2533 1667 2764 1723 doceret
2783 1664 3049 1741 Spiritus

548 1768 813 1839 Sanctus,
848 1770 898 1825 si
923 1770 986 1825 in
1018 1789 1081 1825 re
1112 1774 1234 1831 tam
1256 1770 1425 1841 gravi
1451 1768 1675 1833 Christi
1698 1769 1967 1826 fidelibus
1991 1770 2283 1827 defuisset.
2333 1771 2557 1841 Modus,
2584 1789 2758 1845 quem
2781 1768 3050 1827 Ecclesia

547 1874 614 1929 in
655 1873 915 1947 legendis
948 1872 1005 1930 S.
1047 1873 1259 1930 Bibliis
1289 1873 1620 1932 vernaculis
1650 1874 1952 1931 observari
1981 1874 2138 1943 vult,
2179 1873 2246 1929 in
2277 1874 2546 1931 omnibus
2576 1874 2986 1951 discrete-agit
3003 1870 3047 1929 3.

753 1978 788 2033 J
792 1982 941 2035 uxta
984 1979 1144 2034 hunc
1183 1978 1444 2035 Ecclesia
1489 1997 1541 2035 a.
1590 1977 1898 2035 Versiones
1951 1978 2188 2055 quidem
2235 1979 2576 2036 vernaculas
2621 1998 2718 2035 eas
2765 1979 3048 2035 universe

547 2085 782 2139 tantum
828 2082 1134 2158 prohibet,
1185 2102 1332 2159 quae
1377 2083 1458 2139 ab
1505 2082 1896 2140 haereticis
1942 2081 2504 2141 translatoribus
2545 2082 2837 2140 confectae
2882 2086 3048 2139 sunt.

546 2186 771 2243 Deinde
826 2190 1023 2243 autem
1085 2188 1140 2243 b.
1196 2205 1345 2263 quae
1397 2206 1433 2242 a
1484 2186 1788 2243 catholicis
1846 2187 1997 2245 viris
2058 2188 2382 2262 descriptae
2442 2191 2606 2257 sunt,
2671 2186 2748 2243 iis
2807 2190 3048 2243 tantum

548 2291 837 2365 prohibet,
896 2290 998 2367 qui
1047 2310 1131 2347 ex
1179 2290 1587 2347 huiusmodi
1628 2290 1937 2348 lectione
1981 2292 2337 2362 damnum,
2388 2296 2447 2348 et
2489 2311 2610 2349 non
2660 2290 2856 2365 potius
2904 2289 3048 2347 fidei

550 2399 725 2471 atque
778 2396 1015 2469 pietatis
1068 2400 1451 2469 augmentum
1504 2414 1708 2470 capere
1761 2399 2009 2470 possent.
2089 2396 2236 2453 Vult
2283 2416 2330 2453 c.
2379 2400 2448 2453 ut
2493 2396 2710 2453 iudex
2758 2396 2822 2451 in
2867 2414 2940 2451 ea
2984 2413 3049 2449 re

548 2498 628 2555 sit
653 2496 1029 2572 singularum
1057 2499 1425 2555 Dioecesium
1454 2499 1869 2575 Episcopus,
1912 2500 2015 2577 qui
2047 2502 2434 2575 parochorum
2466 2503 2525 2556 et
2553 2498 3049 2557 confessariorum

545 2604 657 2661 hoc
701 2604 767 2660 in
798 2602 1038 2678 negotio
1085 2604 1362 2662 adhibeat
1407 2603 1748 2674 consilium;
1795 2608 1998 2680 utpote
2046 2606 2149 2682 qui
2198 2606 2438 2680 propius
2487 2606 2785 2681 magisque
2830 2604 3051 2660 intime

550 2708 847 2786 quoslibet
876 2729 1011 2766 suae
1042 2728 1215 2766 curae
1246 2710 1493 2766 creditos
1524 2729 1758 2767 noscere
1789 2713 2048 2784 possunt.
2111 2711 2236 2766 Ista
2281 2709 2515 2783 regulae
2555 2713 2800 2786 quartae
2829 2705 3052 2764 indicis

550 2817 873 2888 praecepta,
931 2812 1193 2890 ubique
1245 2816 1595 2870 terrarum
1647 2813 1791 2871 vim
1836 2813 2016 2887 legis
2063 2813 2344 2870 habent.
2425 2813 2504 2870 Et
2551 2814 2694 2869 haec
2737 2815 2826 2867 est
2870 2811 3050 2867 disci-

551 2916 719 2992 plina
756 2917 927 2974 hodie
965 2936 1147 2994 usque
1183 2916 1473 2974 Ecclesiae
1511 2917 1861 2987 Catholicae,
1912 2937 2088 2994 quam
2131 2937 2176 2974 S.
2211 2918 2268 2974 d.
2312 2917 2580 2987 ,Index‘
2628 2914 2979 2991 praescribit
2999 2911 3046 2968 ⁴.

555 3021 883 3078 Concilium
923 3020 1340 3078 Tridentinum
1379 3041 1512 3077 sess.
1556 3021 1803 3078 XVIII.
1827 3018 1851 3056 5
1889 3025 1950 3078 et
1987 3041 2120 3078 sess.
2164 3019 2365 3077 XXV.
2388 3018 2442 3077 6:
2487 3020 2658 3078 iussit
2699 3039 2820 3078 non
2856 3018 3054 3076 solum

762 3229 799 3294 ¹)
855 3229 1173 3294 Propagatis
1225 3228 1538 3292 praesertim
1599 3228 1867 3278 mediante
1928 3233 2040 3276 arte
2101 3227 2488 3292 typographica
2548 3241 2706 3290 quam
2768 3225 3052 3274 celerrime

552 3315 721 3364 libris.
797 3315 837 3380 ²)
891 3314 971 3363 cf.
1010 3329 1057 3363 a.
1096 3330 1137 3363 r.
1178 3315 1240 3364 G.
1278 3311 1438 3363 Kaldi
1478 3313 1530 3363 S.
1568 3314 1639 3375 J.,
1689 3311 1872 3364 oktato
1922 3313 2086 3376 intes,
2133 3311 2366 3378 melybffl
2413 3329 2446 3362 a
2496 3311 2818 3376 keresztyen
2866 3311 3054 3360 ember

552 3401 805 3466 konnyen
839 3398 1045 3450 iteletet
1078 3400 1227 3451 tehet
1262 3416 1297 3450 a
1330 3403 1555 3466 Mag-yar
1601 3401 1833 3465 nyelven
1877 3402 2004 3450 irott
2045 3397 2386 3450 Kalvinistak
2424 3395 2759 3462 Bibliajarol.
2799 3397 2923 3446 add.
2962 3397 3053 3446 ed.

555 3487 608 3537 S.
646 3487 787 3538 Bibl.
825 3487 987 3553 hung.
1024 3487 1182 3537 Vind.
1224 3489 1373 3537 1626.
1422 3489 1470 3550 ὅ.
1506 3487 1578 3536 II.
1617 3505 1668 3552 p.
1712 3490 1755 3536 1.
1795 3503 1836 3538 s.
1910 3487 1950 3552 3)
1997 3487 2044 3536 A
2079 3489 2176 3536 Pio
2221 3489 2313 3537 IV.
2362 3488 2679 3536 constitutus
2725 3485 2945 3550 legitur,
2996 3486 3054 3532 in

552 3575 750 3639 regulis
799 3574 1025 3635 Indicis,
1078 3573 1129 3623 S.
1170 3572 1222 3623 S.
1262 3573 1462 3638 Synodi
1512 3575 1858 3624 Tridentinae
1909 3575 2056 3624 iussu
2096 3575 2266 3624 editis.
2317 3574 2380 3623 V.
2420 3573 2479 3622 C.
2518 3572 2865 3633 Pallavicini,
2903 3571 3052 3619 Hist.

556 3660 719 3710 Cone.
758 3660 901 3709 Trid.
940 3661 1055 3710 XV.
1098 3662 1185 3722 18,
1227 3663 1272 3709 1.
1321 3660 1403 3710 ed.
1441 3660 1597 3710 Antv.
1639 3663 1790 3711 1673.
1837 3661 1890 3724 Ι,
1930 3662 2045 3711 254.
2084 3677 2124 3710 s.
2174 3660 2367 3710 XXIV.
2406 3661 2454 3722 8,
2494 3662 2542 3709 4.
2591 3659 2671 3721 II,
2709 3661 2827 3708 309.
2894 3659 3052 3718 Quae

552 3747 770 3812 regulae
809 3751 1044 3796 attamen
1081 3762 1129 3796 a.
1160 3749 1319 3796 1757.
1368 3747 1437 3796 ad
1482 3749 1898 3813 propositionem
1937 3748 2215 3798 Benedicti
2250 3747 2391 3797 XIV.
2436 3748 2584 3796 iuxta
2617 3747 2874 3810 temporis
2910 3744 3052 3793 indi·

554 3834 763 3898 gentias
800 3850 982 3884 rursus
1020 3834 1311 3900 dispositae
1349 3834 1579 3883 fuerunt.
1640 3835 1706 3883 L.
1743 3834 1859 3883 Ind.
1897 3833 2015 3884 libr.
2053 3833 2260 3898 prohib.
2297 3833 2618 3884 Modoetiae.
2659 3834 2809 3881 1857.
2847 3849 2900 3896 p.
2929 3832 2980 3880 8.
3009 3847 3052 3880 s.

556 3921 597 3984 ⁴)
638 3919 718 3969 Cf.
744 3920 1004 3971 Analecta
1028 3921 1175 3970 ,Iuris
1214 3920 1497 3970 Pontificii.
1522 3921 1676 3971 Rom.
1706 3923 1855 3971 1862.
1881 3921 1917 3970 f.
1945 3923 2028 3970 52.
2054 3937 2105 3985 p.
2135 3922 2286 3969 1724.
2311 3937 2353 3969 s.
2401 3921 2588 3970 Potest
2624 3924 2802 3968 autem
2838 3918 3054 3967 Index

554 4006 646 4056 ille
685 4007 822 4057 dici:
880 4007 1230 4071 „syllabus
1274 4007 1832 4070 prohibitionum
1876 4006 2438 4072 particularium,
2489 4021 2618 4071 quo
2661 4005 2830 4054 libri
2873 4004 3054 4053 fidei

552 4109 947 4159 morumque
984 4094 1411 4154 subversivi‚
1452 4095 1532 4143 ab
1568 4093 1904 4143 Ecclesia
1944 4094 2247 4143 Romana
2290 4091 2664 4142 Catholica
2705 4091 2850 4155 legi
2888 4091 3052 4140 reti-

554 4181 851 4245 nerique
896 4183 1276 4229 vetantur.“
1340 4180 1430 4229 Fit
1464 4180 1568 4229 hoc
1610 4181 1756 4243 ideo,
1795 4181 1938 4245 quod
1973 4181 2380 4244 praecautiones
2420 4179 2542 4228 olim
2584 4177 2844 4227 adversus
2881 4177 3053 4227 libros

558 4281 836 4331 perversos
876 4268 1149 4316 observari
1186 4266 1392 4328 solitae,
1431 4267 1670 4331 periculo
1709 4268 2007 4316 amovendo
2043 4267 2186 4316 haud
2225 4266 2450 4332 amplius
2489 4265 2776 4316 sufficiant.
2825 4264 3054 4313 Plurimi

558 4355 615 4402 in
652 4354 953 4403 Ecclesiam
976 4352 1206 4403 rebelles
1234 4353 1471 4402 eiusdem
1510 4353 1879 4403 detrectabant
1913 4353 2129 4403 obedire
2165 4353 2447 4414 mandatis,
2484 4352 2755 4416 librosque
2786 4351 3051 4416 pessimos

554 4442 683 4489 artis
733 4440 1151 4506 typographicae
1199 4445 1444 4490 recenter
1492 4442 1744 4490 inventae
1792 4439 2052 4490 beneficio
2103 4439 2170 4488 ad
2217 4439 2410 4504 vulg-us
2463 4439 2702 4488 emittere
2750 4437 3052 4502 pergebant

558 4532 611 4576 et
646 4533 891 4592 pergunt.
964 4528 1004 4592 ⁶)
1046 4528 1198 4587 Quae
1250 4533 1333 4578 est
1374 4528 1611 4577 secunda
1658 4527 1760 4577 sub
1808 4527 1906 4576 Pio
1942 4527 2034 4577 IV.
2073 4526 2344 4577 celebrata
2379 4526 2466 4576 die
2505 4528 2646 4576 26-a.
2696 4525 2856 4574 Febr.
2897 4525 3048 4574 1562.

561 4612 601 4679 ⁶)
640 4614 843 4663 Habita
880 4614 965 4664 die
1002 4613 1191 4663 ultima
1228 4613 1473 4664 Concilii.
