3309 5300
1014 447 1233 494 Historiae
1260 447 1426 496 'l'extus
1454 453 1507 494 N.
1540 449 1589 494 T.
1620 454 1738 504 typis
1765 452 1990 505 descripti.
2626 443 2744 508 13],

247 626 494 691 scripsit:
539 628 647 688 „In
682 642 1078 692 unoquoque
1116 627 1547 694 archetypum
1584 630 1878 694 ipsorum
1915 631 2308 696 scriptorum
2345 633 2748 697 quaerimus3

246 712 315 762 id
371 713 574 779 quale
630 714 837 764 fuerit
884 717 1199 766 bonorum
1248 716 1788 766 documentorum
1841 733 1915 766 ex
1961 717 2080 766 illo
2129 733 2254 767 uno
2302 719 2750 783 profectorum

248 814 629 849 consensus
668 801 1103 866 demonstrat3
1152 802 1324 852 nihil
1372 803 1583 868 igitur
1620 819 1696 852 ex
1745 808 1938 853 textu
1984 803 2116 853 illo
2152 805 2390 868 primis
2441 807 2748 856 saeculis

246 886 573 951 vulgatO,
627 903 817 952 quem
869 889 1077 938 refert
1131 889 1373 939 classis
1428 891 2372 956 constantinopolitanorum
2427 892 2748 956 codicum,

247 972 644 1023 demendum
682 979 793 1024 aut
841 976 1245 1037 mutandum,
1297 977 1427 1026 nisi
1464 976 1636 1041 quod
1683 977 1924 1026 falsum
1963 981 2075 1027 aut
2108 978 2555 1043 improbabile
2605 995 2749 1030 esse

246 1066 591 1126 apparet.“
633 1063 773 1112 Prol.
797 1063 892 1124 IX,
920 1064 1004 1112 58.
1028 1063 1071 1126 I,
1102 1065 1215 1113 169.
1256 1063 1579 1132 *Carpendus
1616 1069 1795 1114 autem
1821 1069 1938 1114 erat
1973 1064 2269 1128 Scholzius,
2307 1065 2451 1130 quod
2484 1066 2527 1114 Ι.
2552 1067 2749 1116 Joann.

246 1149 303 1196 5.
344 1149 391 1196 7.
432 1165 715 1215 perperam
752 1149 1023 1200 deleverit.
1059 1151 1129 1214 ΙΙ,
1170 1152 1285 1200 152.
1338 1151 1419 1201 cf.
1455 1151 1525 1200 H.
1563 1153 1627 1201 N.
1666 1152 1746 1214 T.‚
1782 1169 1834 1217 p.
1873 1153 1992 1202 506.
2029 1167 2071 1201 s.

457 1236 751 1286 Laudabili
774 1252 905 1287 sane
930 1237 1131 1288 studio:
1162 1242 1262 1299 „ut
1286 1253 1455 1302 quae
1479 1239 1754 1288 testium
1779 1254 1852 1288 ex
1878 1238 2168 1289 diversis
2194 1241 2372 1289 orbis
2399 1223 2751 1290 christiani

248 1337 286 1386 p
306 1322 574 1373 artibus
626 1323 1190 1390 colligendorum,
1240 1325 1641 1391 simplicium
1693 1330 1755 1375 et
1800 1327 2337 1391 incorruptorum
2391 1341 2749 1376 consensus

247 1424 371 1458 sac
390 1411 485 1460 ris
539 1411 951 1460 auctoribus
1004 1412 1121 1461 ads
1140 1413 1514 1476 criberet“;
1564 1428 1631 1462 ea
1677 1414 1742 1461 iis
1789 1413 2204 1474 vindicarentur,
2255 1412 2526 1463 dissensus
2574 1419 2753 1464 autem

248 1497 468 1546 curiose
508 1499 782 1562 expositus
830 1497 1017 1548 lectori
1067 1499 1449 1548 examinandus
1498 1499 1833 1564 relinquatur
1855 1527 1924 1536 —
1949 1514 2072 1548 nam
2107 1501 2164 1548 in
2200 1515 2305 1564 quo
2341 1499 2750 1565 longinquarum

248 1585 541 1648 regionum
588 1583 712 1633 libri
762 1587 1119 1646 consentiunt,
1166 1585 1222 1635 id
1270 1602 1337 1635 ex
1382 1587 1764 1651 antiquissimis
1811 1588 1868 1634 in
1913 1586 2124 1635 diversa
2169 1585 2292 1635 loca
2337 1585 2585 1637 diffusum
2633 1603 2750 1636 esse

248 1670 534 1721 credibile.
571 1689 625 1737 p.
662 1672 781 1721 VII.
821 1701 885 1710 —-
922 1657 1166 1722 Novum
1213 1674 1710 1722 Testamentum
1757 1688 1990 1738 graece
2039 1679 2103 1722 et
2149 1673 2360 1723 latine
2409 1675 2752 1723 recensuit

252 1756 543 1808 Carolus
581 1759 1072 1821 Lachmannus,
1110 1788 1176 1796 —
1217 1777 1263 1808 v.
1302 1760 1449 1810 Stud.
1486 1775 1538 1809 u.
1563 1759 1812 1808 Kritiken
1850 1761 2000 1809 1830.
2036 1776 2088 1824 p.
2116 1761 2234 1810 817.
2261 1775 2302 1810 s.
2340 1761 2406 1809 N.
2430 1761 2490 1809 T.
2521 1760 2602 1810 ed.
2629 1765 2750 1809 ster.

251 1860 331 1909 pr.
374 1844 555 1894 Berol.
596 1847 749 1895 1831.
797 1863 906 1912 rep.
947 1848 1099 1897 1836.
1140 1848 1290 1897 1847.
1329 1875 1396 1883 —
1434 1851 1667 1896 assumto
1706 1849 1852 1896 socio
1889 1846 2136 1913 Philippo
2173 1847 2498 1896 Buttman
2514 1863 2594 1897 no
2610 1884 2624 1910 ,
2661 1849 2752 1912 qui

250 1946 489 1996 graecae
528 1932 771 1982 lectionis
808 1935 1150 1984 auctoritates
1176 1936 1440 1999 apposuit.
1476 1934 1653 1984 Berol.
1682 1939 1805 1984 tom.
1838 1934 1881 1983 Ι.
1909 1936 2059 1984 1842.
2087 1935 2156 1984 ΙΙ.
2187 1936 2335 1986 1850.
2387 1921 2656 1997 Adhibuit,
2693 1940 2754 1984 ut

249 2019 535 2082 praefatur
559 2037 611 2085 p.
637 2021 803 2070 XXV.
829 2021 963 2086 prol.
1000 2026 1164 2071 testes
1200 2037 1419 2072 numero
1459 2023 1674 2087 quidem
1698 2037 1808 2071 non
1833 2021 2040 2082 multos,
2077 2022 2173 2071 sed
2206 2021 2310 2071 fide
2349 2027 2401 2072 et
2437 2023 2751 2072 auctoritate

252 2107 550 2170 maximos3
608 2110 661 2155 et
710 2107 924 2171 quidem
974 2122 1195 2173 graecos
1244 2107 1557 2158 orientales:
1615 2107 1866 2158 Codicem
1915 2107 2357 2171 Alexandrinum3
2406 2109 2751 2171 Vaticanum3

251 2194 467 2257 reg-ium
492 2193 785 2258 Ephraemi
807 2194 1235 2260 palimpsestum3
1262 2195 1495 2260 reliquos
1524 2200 1704 2244 autem
1728 2210 1866 2260 pene
1897 2194 2038 2244 solos
2078 2193 2530 2244 occidentales
2568 2195 2750 2244 Codi-

251 2295 283 2328 c
300 2295 403 2340 es,
457 2280 513 2328 id
568 2284 676 2330 est:
732 2282 799 2330 D.
849 2278 903 2330 Δ.
952 2283 1019 2331 Ε.
1069 2282 1131 2331 G.
1176 2283 1244 2330 H.
1287 2283 1346 2332 P.
1396 2287 1451 2332 et
1497 2283 1560 2342 Q.
1609 2283 1672 2331 T.
1717 2283 1803 2345 Z.;
1854 2281 2050 2331 latinos
2097 2297 2224 2332 vero
2263 2281 2500 2330 codicem
2537 2279 2752 2330 Vercel-

250 2366 465 2416 lensem
507 2368 951 2433 Evangeliorum,
995 2370 1381 2430 Veronensem‚
1428 2369 1794 2419 Colbertinum
1831 2373 1990 2433 atque
2035 2367 2530 2433 Cantabrigiensem
2570 2368 2751 2416 Evau-

252 2453 522 2518 geliorum
559 2458 614 2502 et
649 2454 875 2504 Actuum
918 2461 970 2504 et
1004 2456 1103 2505 ΠΙ.
1139 2457 1393 2519 ὖο3ῐιῐιὶε;
1432 2471 1532 2504 nec
1568 2471 1679 2504 non
1715 2454 1829 2504 cod.
1869 2471 1913 2503 e.
1951 2455 1986 2503 f.
2024 2454 2076 2504 ff.
2115 2471 2164 2520 g.
2201 2454 2253 2504 h.
2314 2454 2470 2515 Quod
2518 2470 2646 2504 vero
2685 2454 2754 2503 ad

252 2540 517 2588 Latinum
574 2543 917 2604 interpretem
972 2544 1187 2604 attinet,
1244 2558 1400 2607 quem
1452 2544 1589 2591 inter
1643 2546 1808 2591 testes
1861 2557 1901 2590 8.
1959 2541 2010 2589 (1.
2065 2542 2275 2591 criticos
2336 2543 2550 2590 maximi
2604 2542 2750 2602 facit,

252 2626 511 2677 adhibuit
532 2628 770 2678 codices:
808 2629 1130 2679 Fuldensem
1157 2645 1190 2679 a
1213 2631 1428 2680 Victore
1455 2629 1676 2696 Capuae
1703 2630 1952 2694 episcopo
1980 2633 2300 2691 correctum3
2328 2629 2754 2679 Laurentianum

252 2716 375 2763 sive
403 2715 729 2765 Amiatiuum
767 2722 818 2766 et
854 2718 1005 2766 alios.
1053 2718 1257 2767 Morem
1294 2719 1523 2783 denique
1549 2718 1802 2766 Veterum
1840 2721 2052 2765 secutus
2091 2716 2310 2765 editioni
2343 2717 2408 2765 N.
2434 2717 2495 2765 T.
2528 2731 2754 2781 graecae

252 2804 562 2852 versionem
586 2803 806 2853 latinam
832 2806 1093 2869 integram
1118 2806 1327 2854 adiecit.
1365 2805 1591 2854 Admisit
1614 2805 1679 2853 N.
1708 2805 1768 2853 T.
1796 2805 1960 2853 citata
1985 2805 2042 2851 in
2065 2803 2214 2854 libris
2242 2802 2294 2851 S.
2314 2803 2541 2866 Irenaei,
2568 2803 2752 2869 Orige-

252 2891 359 2951 nis,
400 2889 455 2938 S.
485 2890 757 2955 Cypriani,
796 2890 849 2941 S.
875 2891 1085 2953 Hilarii,
1122 2892 1359 2940 Luciferi
1384 2891 1694 2952 Calaritani‚
1732 2892 2001 2955 Primasii3
2043 2892 2134 2955 qui
2157 2891 2386 2955 priscum
2411 2891 2753 2955 interpretem

253 2976 487 3025 latinum
523 2978 581 3025 in
616 2978 887 3043 plerisque
924 2980 1188 3028 sincerum
1228 2978 1492 3029 exhibent.
1540 2979 1765 3027 Videtur
1801 2980 1879 3027 ait
1901 2977 2232 3039 Lachmann,
2270 2994 2322 3042 p.
2349 2977 2458 3039 IX.,
2495 2976 2753 3042 singulari

252 3064 643 3113 Providentiae
680 3066 1009 3130 benignitate
1046 3066 1293 3115 effectum
1330 3081 1475 3115 esse:
1524 3069 1583 3113 ut
1632 3070 1838 3114 testes
1889 3066 2168 3113 omnium
2204 3065 2658 3127 antiquissimi
2695 3070 2757 3113 et

255 3156 489 3200 aetate
542 3166 753 3216 paene
806 3167 998 3216 pares
1053 3158 1299 3215 essent,
1357 3158 1418 3201 et
1472 3169 1545 3201 ex
1599 3152 1889 3201 diversis
1943 3152 2288 3216 prodirent
2342 3151 2752 3216 regionibus,

254 3239 579 3301 Hieronymi
608 3243 786 3287 autem
813 3239 973 3288 editio
1002 3269 1069 3275 ——-
1094 3241 1273 3304 primis
1300 3240 1364 3288 N.
1391 3240 1453 3287 T.
1491 3240 1662 3299 annis,
1700 3255 1808 3287 non
1845 3238 2072 3303 amplius
2102 3238 2346 3287 ducentis
2382 3239 2660 3302 posterior.
2688 3266 2754 3273 --

255 3325 328 3373 ad
352 3340 477 3374 eam
507 3342 619 3375 rem
646 3331 741 3387 est,
780 3343 846 3375 ne
886 3327 1013 3391 quid
1040 3332 1273 3376 extremo
1300 3331 1489 3391 quarto
1516 3325 1731 3374 saeculo
1758 3327 2022 3375 recentius
2055 3326 2377 3374 admittatur.
2437 3324 2542 3374 Sed
2567 3327 2622 3374 in
2647 3324 2754 3374 illis

255 3412 487 3461 duarum
525 3414 802 3476 regionum
836 3414 1058 3462 testibus
1096 3413 1412 3462 adhibendis
1458 3412 1655 3478 duplex
1691 3429 1879 3477 urgere
1916 3413 2322 3473 incommodum,
2361 3412 2534 3461 editor
2569 3412 2749 3461 claris-

256 3500 427 3547 simus
477 3500 593 3563 ipse
643 3500 850 3548 sincere
899 3498 1191 3564 profitetur.
1228 3516 1279 3563 p.
1316 3500 1508 3547 XXIV.
1571 3501 1710 3549 Nam
1759 3516 1878 3548 cum
1915 3501 2091 3564 graeci
2128 3500 2338 3549 codices
2386 3500 2442 3548 in
2479 3498 2755 3548 occidente

256 3588 465 3651 scripti,
502 3590 882 3651 praeterquam
908 3588 959 3635 S.
986 3586 1143 3635 Pauli
1167 3586 1545 3651 Epistolarum‚
1582 3583 1718 3635 nulli
1743 3587 1936 3651 quibus
1974 3585 2239 3635 confidere
2272 3587 2535 3651 possimus
2572 3600 2754 3650 super-

257 3674 387 3735 sint,
436 3674 729 3722 verendum
766 3678 871 3722 est:
925 3689 991 3722 ne
1042 3676 1097 3721 in
1146 3674 1326 3722 formis
1371 3674 1756 3723 vocabulorum
1793 3679 1846 3722 et
1881 3675 1937 3721 in
1985 3674 2190 3734 ceteris,
2241 3688 2380 3737 quae
2426 3672 2590 3721 latine
2627 3673 2755 3722 satis

260 3764 515 3809 accurate
566 3762 788 3825 exprimi
837 3776 947 3809 non
992 3766 1240 3825 potuere,
1290 3760 1674 3825 Aegyptiorum
1723 3762 2028 3810 auctoritati
2077 3761 2298 3809 nimium
2345 3774 2506 3824 saepe
2555 3759 2756 3808 obtem-

258 3863 529 3912 peremus,
568 3846 797 3896 aliarum
822 3849 1094 3912 regionum
1120 3847 1505 3898 consuetudine
1544 3847 1805 3913 neglecta.
1851 3848 1916 3896 In
1941 3846 2174 3897 Orientis
2214 3846 2602 3911 exemplaribus
2627 3862 2754 3896 vero

264 3936 569 3985 cavendum
608 3951 753 3984 esse:
801 3951 868 3983 ne
906 3936 1042 3984 forte
1079 3936 1343 3983 interdum
1378 3934 1581 4000 aliquid
1616 3934 1834 3984 saeculo
1871 3938 2060 3999 quarto
2097 3934 2332 3983 nondum
2369 3934 2652 3997 cognitum,
2691 3950 2756 3981 ex

258 4025 464 4073 novitio
491 4038 596 4073 usu
624 4024 972 4087 susceperint.
1023 4022 1131 4071 Sed
1156 4022 1277 4070 huic
1303 4022 1517 4086 quidem
1541 4022 1680 4071 malo
1707 4028 1952 4087 paratum
1988 4022 2275 4071 remedium
2312 4020 2583 4071 concludit
2615 4020 2757 4069 idem

259 4109 646 4160 celeberrimus
697 4112 779 4159 vir
827 4127 881 4176 p.
929 4110 1097 4159 XXV.
1146 4115 1251 4173 est3
1302 4125 1425 4159 nam
1474 4110 1643 4159 latina
1691 4110 1759 4159 ab
1807 4110 2132 4173 Hieronymo
2177 4108 2485 4169 emendata,
2533 4122 2756 4171 quorum

260 4199 585 4248 restituendi
621 4198 898 4248 consilium
936 4199 1080 4263 cepit
1113 4196 1445 4259 Lachmann,
1486 4199 1696 4262 quoties
1722 4198 1790 4246 ab
1817 4196 2206 4261 antiquioribus
2233 4196 2413 4246 latinis
2439 4196 2756 4259 discrepant,

262 4288 343 4335 ita
380 4302 505 4335 cum
540 4285 653 4335 illis
691 4285 910 4337 Graecis
948 4285 1339 4350 exemplaribus
1378 4286 1713 4350 conspirant:
1759 4288 1819 4333 ut
1851 4286 1912 4333 in
1947 4284 2082 4333 haec
2116 4285 2206 4332 vix
2249 4285 2534 4349 quicquam
2570 4282 2758 4331 novitii

262 4374 531 4423 adscitum
570 4388 689 4423 esse
726 4377 999 4439 appareat.
1063 4371 1382 4423 Suffecerint
1416 4376 1596 4421 autem
1633 4371 1996 4421 confessiones
2033 4372 2185 4432 istae,
2223 4369 2294 4418 ad
2327 4385 2552 4435 scopum
2584 4367 2756 4418 Lach-

264 4476 463 4511 manno
490 4460 787 4526 praefixum
806 4462 907 4509 rite
926 4461 1371 4525 cognoscendum.
1398 4460 1549 4520 Quae
1570 4458 1885 4509 Lachmann
1903 4460 1958 4507 in
1976 4457 2364 4523 prolegomenis
2385 4456 2452 4505 de
2477 4472 2547 4505 cr.
2573 4472 2756 4505 recen-

263 4553 429 4601 sionis
454 4550 523 4600 N.
551 4549 613 4599 T.
641 4550 823 4599 indole
846 4550 1087 4599 veritatis
1113 4564 1292 4599 amore
1318 4548 1592 4615 sequenda
1617 4564 1736 4599 esse
1761 4548 1984 4612 putavit,
2015 4546 2180 4596 Verbi
2211 4546 2316 4595 Dei
2341 4544 2570 4594 cultores
2601 4544 2759 4609 aequi

265 4640 504 4705 bonique
544 4637 856 4702 consulent3
896 4637 1159 4703 facileque
1199 4638 1387 4687 eodem
1421 4636 1664 4687 veritatis
1701 4650 1880 4685 amore
1918 4634 2062 4683 ducti
2099 4632 2330 4681 dabunt:
2375 4631 2545 4681 nulli
2579 4646 2758 4697 prae·

2382 4716 2448 4771 9³*
