3309 5300
1160 426 1297 477 Leges
1324 427 1483 478 explic.
1512 428 1555 468 S.
1588 428 1850 478 Scripturas.
2630 411 2758 479 289

262 606 413 675 vult,
437 606 853 682 illeimprimis
873 608 1131 664 curabit:
1163 627 1216 665 a.
1242 611 1311 664 ut
1341 608 1530 682 primo
1562 608 1803 681 indaget
1832 608 1988 685 quis
2018 609 2114 664 sit
2142 607 2451 664 dicentis
2481 606 2759 682 scopus?

260 710 367 786 qui
414 713 787 784 cognoscitur
826 710 922 768 vel
962 730 991 767 e
1036 712 1209 785 plena
1246 712 1631 785 parabolae
1678 709 2251 786 explicatione¹;
2299 712 2396 769 vel
2441 732 2518 769 ex
2563 710 2760 769 dicto

262 815 523 891 quodam
568 834 903 886 nervose,
953 816 1107 891 quod
1138 811 1505 889 praecedit23
1557 816 1650 873 vel
1691 834 1766 871 ex
1804 814 2278 873 conclusione
2299 812 2351 885 33
2401 815 2496 873 vel
2525 815 2576 872 si
2607 816 2758 872 eius-

262 918 425 975 modi
474 920 696 976 indicia
737 920 963 990 desunt,
1008 919 1267 976 sumitur
1298 939 1376 975 ex
1406 923 1526 977 toto
1564 918 1874 994 parabolae
1904 938 2159 994 corpore.
2207 920 2264 977 b.
2299 919 2543 977 Studeat
2571 920 2760 977 inter-

264 1041 417 1096 preS‚
472 1027 545 1079 ut
592 1022 925 1080 constitutis
971 1022 1281 1097 parabolae
1326 1022 1619 1097 partibus,
1677 1042 1826 1099 quae
1875 1024 1948 1079 ad
2003 1042 2127 1079 rem
2180 1022 2398 1098 pictam
2451 1023 2762 1081 transferri

260 1128 513 1199 possint,
565 1127 670 1184 ubi
714 1126 781 1183 in
824 1126 1072 1199 singulis
1120 1130 1398 1183 cernatur
1442 1130 1804 1189 momentum
1847 1128 2238 1201 comparandi,
2284 1131 2439 1184 recte
2483 1126 2760 1195 definiat3

260 1231 583 1305 praecipue
628 1250 706 1287 ex
749 1232 873 1287 eius
919 1231 1384 1305 opportunitate,
1441 1250 1589 1307 quae
1642 1234 1748 1287 aut
1793 1231 2004 1287 diserte
2057 1236 2543 1289 commemoratur
2560 1228 2602 1302 4,
2659 1235 2764 1287 aut

260 1332 479 1390 saltem
511 1353 542 1390 e
573 1333 685 1391 loci
716 1338 997 1392 contextu
1028 1334 1291 1409 cognosci
1322 1335 1540 1408 poterit
1560 1331 1601 1390 5.
1658 1334 1862 1411 Neque
1893 1338 2092 1391 tamen
2122 1334 2187 1391 in
2217 1334 2465 1409 singulis
2498 1337 2764 1411 partibus

261 1438 617 1511 praesertim
648 1438 739 1508 iis,
773 1456 920 1515 quae
951 1438 1027 1495 ad
1056 1437 1456 1495 narrationem
1485 1438 1825 1509 ornandam,
1867 1439 2300 1515 iuvandamque
2331 1440 2454 1497 eius
2485 1439 2762 1513 probabi-

262 1539 505 1599 litatem
536 1543 739 1599 addita
768 1546 923 1612 sunt,
958 1541 1136 1598 anxie
1166 1542 1345 1598 nimis
1378 1537 1620 1618 ἀκριβῶς
1650 1542 1919 1611 haereat;
1975 1562 2107 1599 cum
2135 1541 2393 1600 sufficiat
2421 1543 2763 1600 similitudi-

263 1664 408 1701 nem
437 1646 661 1703 servire
692 1645 756 1702 in
788 1666 854 1702 ea
883 1645 1113 1719 Regni
1160 1646 1534 1704 Goelorum
1579 1650 1746 1720 parte
1776 1650 1881 1703 aut
1924 1646 2272 1717 conditione,
2322 1651 2560 1722 propter
2590 1666 2766 1724 quam

265 1748 687 1806 declarandam
710 1749 987 1825 parabola
1010 1754 1137 1807 erat
1164 1754 1405 1808 narrata
1418 1747 1461 1807 6.
1506 1750 1828 1808 Enimvero
1859 1750 2138 1807 adiuncta
2166 1750 2288 1807 fere
2312 1755 2568 1808 assumta
2597 1756 2764 1820 sunt;

265 1858 344 1911 ut
394 1854 659 1911 narratio
712 1853 1045 1929 parabolica
1090 1854 1276 1927 magis
1335 1854 1568 1927 integra
1608 1853 1792 1924 fieret,
1843 1858 1901 1911 et
1943 1858 2090 1911 esset
2136 1855 2341 1911 habito
2386 1859 2650 1930 respectu
2694 1855 2766 1912 ad

265 1956 755 2015 consuetudinem
799 1958 959 2016 vitae
1004 1960 1295 2013 humanae
1343 1958 1538 2031 aptior
1582 1958 2034 2015 accommodatio
2065 1959 2153 2014 rei
2184 1958 2510 2017 materialis
2541 1960 2614 2015 ad
2645 1978 2768 2015 rem

265 2060 646 2136 spiritualem
660 2059 701 2117 ⁷.
754 2062 969 2119 Sensus
999 2062 1159 2118 enim
1189 2061 1441 2118 literalis
1471 2060 1894 2119 Parabolarum
1924 2066 2012 2119 est
2039 2080 2150 2118 res
2194 2064 2574 2137 primaria,
2620 2082 2767 2139 quae

266 2165 535 2223 occurrit
562 2166 629 2221 in
659 2166 997 2223 narratione
1028 2166 1101 2222 ad
1132 2165 1541 2223 declarandam
1571 2184 1697 2222 rem
1729 2166 1909 2223 aliam
1941 2186 2046 2242 per
2081 2166 2554 2237 similitudinem,
2592 2186 2768 2243 quam

266 2271 452 2327 habet
498 2288 631 2327 cum
678 2269 785 2327 illa
806 2266 847 2326 3.
894 2268 1181 2326 Omnibus
1229 2290 1370 2327 vero
1416 2270 1709 2345 parabolis
1758 2271 1816 2327 S.
1864 2269 2202 2346 Scripturae
2251 2270 2360 2327 illa
2405 2270 2533 2327 laus
2583 2271 2767 2327 tribui

270 2374 478 2430 debet:
511 2374 937 2444 sententias,
972 2393 1121 2451 quae
1144 2374 1219 2430 iis
1241 2374 1507 2445 subsunt,
1540 2373 1908 2447 simplices
1940 2376 2000 2431 et
2029 2375 2310 2445 breves,
2346 2394 2620 2448 magnam
2643 2376 2770 2432 vim

270 2478 341 2533 in
390 2476 659 2535 animum
717 2478 1045 2534 humanum
1090 2497 1393 2547 exercere;
1448 2497 1699 2555 quarum
1751 2478 1997 2535 elocutio
2047 2478 2136 2535 ita
2184 2483 2518 2555 comparata
2549 2480 2652 2549 est,
2703 2482 2773 2534 ut

270 2581 624 2658 disciplinae
654 2601 883 2660 quoque
913 2584 1371 2640 aestheticae
1402 2582 1557 2640 nihil
1588 2582 2037 2640 desiderandum
2065 2582 2382 2662 relinquat.

504 2789 541 2854 ¹)
580 2788 771 2838 Matth.
816 2791 896 2851 13,
938 2789 1157 2837 19—21.
1210 2789 1251 2854 2)
1288 2789 1477 2839 Matth.
1518 2806 1562 2838 c.
1604 2791 1688 2838 20.
1724 2805 1753 2838 e
1791 2805 1836 2838 c.
1878 2792 1958 2850 19,
1996 2792 2079 2838 30.
2118 2789 2238 2838 coll.
2263 2792 2457 2852 20,16.
2506 2790 2548 2853 3)
2583 2789 2772 2839 Matth.

278 2879 364 2937 13,
393 2878 476 2925 21.
538 2876 580 2942 ⁴)
618 2875 753 2924 Luc.
782 2878 863 2938 19,
893 2877 972 2924 11.
1036 2876 1077 2940 ⁵)
1114 2876 1302 2925 Matth.
1341 2878 1424 2937 25,
1462 2878 1542 2925 14.
1594 2875 1635 2940 ⁶)
1674 2877 1865 2940 Itaque
1901 2892 2011 2925 non
2049 2892 2386 2941 quaeramus,
2426 2877 2554 2941 quid
2588 2876 2773 2926 Lucae

278 2966 364 3025 15,
397 2966 477 3012 16.
514 2962 842 3028 significent:
878 2958 1088 3029 κεράτια,
1114 2958 1301 3030 μόσχος
1328 2967 1427 3011 etc.
1490 2962 1529 3026 ⁷)
1569 2962 1794 3011 Multum
1823 2967 2002 3012 autem
2029 2963 2280 3012 conducit
2303 2963 2372 3012 ad
2397 2963 2772 3028 parabolarum

276 3051 637 3110 intellectum,
682 3051 729 3100 si
766 3051 1007 3114 cognitas
1046 3049 1303 3099 habemus
1341 3065 1541 3110 rerum,
1588 3063 1729 3114 quae
1767 3051 1822 3097 in
1861 3048 2293 3098 similitudinibus
2331 3049 2668 3098 adducuntur
2709 3077 2770 3086 —-—

276 3138 346 3186 E.
376 3153 425 3200 g.
465 3138 692 3198 zizania,
730 3149 947 3200 sagena,
986 3151 1225 3200 serpens,
1262 3137 1469 3201 vulpes.
1496 3163 1563 3172 ·-
1590 3137 1955 3201 proprietates.
2019 3135 2060 3200 8)
2099 3136 2293 3185 Differt
2328 3137 2492 3201 igitur
2516 3136 2776 3201 parabola

278 3224 349 3273 ab
388 3222 678 3272 historia
703 3228 757 3272 et
782 3223 1080 3287 exemplo
1096 3260 1109 3285 ,
1138 3251 1203 3258 —-
1230 3223 1374 3287 quod
1399 3227 1480 3272 est
1502 3237 1627 3288 pars
1652 3222 1922 3284 historiae,
1952 3251 2014 3258 —
2041 3237 2166 3272 nam
2189 3223 2411 3272 historia
2436 3227 2516 3272 est
2540 3224 2774 3272 narratio

278 3312 358 3360 rei
394 3325 521 3359 vere
570 3314 780 3374 gestae3
836 3308 1097 3374 parabola
1130 3324 1259 3358 vero
1307 3308 1463 3358 fictae
1514 3314 1568 3358 et
1614 3309 1685 3358 ad
1732 3309 2031 3358 docendum
2081 3315 2204 3374 apte
2254 3311 2623 3359 concinnatae.
2683 3310 2772 3358 Ita

280 3401 462 3446 autem
502 3397 910 3461 benignissimus
950 3395 1196 3445 Salvator
1232 3396 1501 3461 parabolis
1536 3411 1668 3444 usus
1706 3400 1816 3446 est:
1865 3400 1926 3445 ut
1960 3397 2150 3444 maiori
2189 3412 2307 3446 cum
2345 3395 2685 3460 simplicitate
2723 3400 2778 3444 et

282 3483 547 3549 dignitate
595 3483 810 3532 tractari
848 3497 882 3531 a
917 3483 1128 3532 nemine
1178 3483 1460 3547 potuerint.
1522 3482 1605 3531 Ad
1652 3483 1822 3532 instar
1868 3482 2087 3532 tabulae
2137 3482 2413 3547 eleganter
2460 3484 2654 3547 pictae,
2704 3499 2773 3532 ne

280 3571 474 3619 umbra
514 3569 730 3635 quidem
766 3569 1037 3619 levissima
1072 3568 1261 3619 deesse
1307 3571 1594 3634 reperitur,
1645 3584 1785 3634 quae
1835 3569 2139 3619 absolutam
2180 3570 2465 3634 imaginem
2513 3569 2774 3618 redderet.

284 3657 713 3706 Commentarios
748 3656 805 3704 in
840 3655 1134 3705 Parabolas
1170 3656 1239 3704 D.
1276 3655 1342 3704 N.
1367 3656 1420 3704 J.
1447 3654 1507 3704 G.
1533 3655 1843 3704 ediderunt:
1879 3655 1942 3704 A.
1981 3655 2356 3717 Salmeron,
2395 3656 2461 3705 de
2497 3655 2776 3706 Parabolis

287 3745 354 3793 D.
392 3745 465 3792 N.
498 3743 555 3792 J.
593 3741 653 3791 C.
702 3741 816 3791 col.
858 3743 1007 3791 1593.
1067 3744 1197 3791 Lev,
1234 3743 1586 3803 Lemnius,
1642 3741 2045 3791 similitudinum
2099 3756 2163 3791 ac
2209 3741 2588 3806 parabolarum
2637 3756 2776 3806 quae

286 3832 345 3878 in
380 3828 575 3878 Bibliis
614 3844 679 3878 ex
713 3828 892 3877 herbis
930 3832 1091 3894 atque
1131 3828 1412 3877 arboribus
1448 3828 1800 3877 desumuntur
1824 3827 2060 3876 dilucida
2097 3827 2399 3892 explicatio.
2436 3827 2595 3876 Antv.
2625 3829 2776 3877 1569.

288 3917 347 3965 C.
384 3917 460 3965 M.
497 3915 716 3976 Pfaff,
772 3915 839 3964 de
892 3920 1038 3964 recta
1086 3914 1271 3964 Theol.
1320 3915 1506 3979 parab.
1557 3919 1611 3963 et
1655 3913 1812 3979 alleg.
1863 3914 2117 3964 conform.
2168 3915 2304 3964 Tiib.
2358 3916 2507 3963 1720.
2571 3913 2776 3979 Gray‚

285 4003 434 4052 Vorl.
472 4007 527 4052 ii.
565 4002 614 4051 d.
653 4001 997 4051 Gleichnissr.
1036 4001 1084 4050 d.
1122 4001 1414 4050 Heilandes
1454 4017 1519 4050 ex
1552 4001 1695 4066 angl.
1732 4017 1783 4050 V.
1821 4001 1984 4050 Boos.
2023 4000 2201 4050 Hann.
2242 4003 2393 4050 1783.
2455 3999 2673 4061 Storr,
2713 4001 2778 4050 de

286 4089 567 4155 parabolis
617 4087 678 4137 C.
716 4087 852 4136 Tub.
892 4089 1043 4136 1779.
1094 4103 1204 4152 rep.
1241 4089 1299 4136 in
1340 4104 1425 4152 op.
1464 4087 1545 4136 ed.
1582 4088 1624 4149 Ι,
1675 4089 1758 4136 89.
1796 4101 1837 4135 s.
1898 4088 1951 4136 J.
1987 4088 2039 4136 J.
2078 4089 2351 4149 Krome,
2401 4089 2608 4136 sammt.
2656 4086 2778 4136 Par.

286 4177 425 4226 Jesu
449 4175 629 4225 iibers.
657 4174 749 4224 erl.
777 4172 968 4223 Fulda.
999 4176 1145 4224 1823.
1187 4174 1249 4222 L.
1276 4174 1361 4223 Pf
1367 4173 1576 4236 laum,
1615 4174 1702 4222 die
1740 4173 2084 4222 Gleichnissr.
2111 4173 2263 4222 Jesu.
2298 4174 2599 4238 Niirnberg.
2628 4175 2778 4222 1823.

290 4261 355 4312 G.
378 4261 444 4312 A.
463 4275 573 4310 van
590 4260 847 4325 Limburg
869 4260 1205 4322 Brouver,
1232 4260 1298 4309 de
1323 4259 1602 4310 Parabolis
1622 4260 1674 4308 J.
1697 4259 1755 4308 C.
1781 4260 1955 4324 Lugd.
1979 4259 2096 4308 Bat.
2121 4261 2270 4314 1825.
2298 4261 2382 4309 W.
2410 4259 2445 4310 S
2461 4260 2538 4310 ch
2555 4260 2748 4310 olten
2765 4296 2778 4321 ,

291 4348 446 4398 diatr.
486 4348 553 4397 de
588 4347 868 4397 Parabolis
904 4347 955 4396 J.
995 4346 1053 4396 C.
1102 4346 1328 4426 Delphis
1376 4347 1495 4396 Bat.
1536 4348 1688 4395 1827.
1747 4347 1810 4396 F.
1848 4347 1932 4395 W.
1969 4347 2338 4412 Rettberg,
2389 4347 2454 4396 de
2500 4346 2780 4396 Parabolis

290 4435 345 4484 J.
383 4434 443 4484 G.
484 4433 627 4484 Gott.
667 4435 817 4483 1827.
861 4434 924 4483 A.
961 4434 1031 4483 H.
1068 4433 1132 4483 A.
1170 4427 1513 4495 Schultze,
1552 4433 1618 4482 de
1654 4433 1848 4482 Parab.
1886 4432 1937 4483 J.
1977 4431 2034 4484 C
2073 4433 2254 4483 indole
2290 4435 2502 4499 poetica
2538 4448 2670 4482 com.
2707 4433 2780 4480 ib.

295 4523 448 4571 1827.
508 4520 572 4569 A.
608 4519 672 4568 F.
708 4520 965 4585 Unger,
1016 4519 1082 4569 de
1128 4518 1371 4585 parabol.
1406 4519 1458 4568 J.
1496 4523 1606 4568 nat.
1642 4521 1860 4584 interpr.
1898 4534 2017 4568 usu.
2054 4519 2203 4584 Lips.
2243 4520 2394 4570 1828.
2453 4517 2516 4568 F.
2551 4517 2779 4580 Arndt,

296 4607 383 4657 die
421 4606 769 4657 Gleichnissr.
802 4607 855 4657 J.
893 4606 954 4655 O.
991 4606 1170 4671 Magd.
1210 4607 1361 4656 1842.

401 4699 610 4748 Danko,
640 4699 757 4741 ffist.
786 4699 1085 4742 Revelationis
1111 4697 1302 4740 divinae.
1330 4698 1407 4739 ΠΙ.
2406 4693 2470 4741 19
