3309 5300
1026 421 1090 460 De
1116 420 1243 462 libris
1270 416 1527 472 apocryphis
1556 421 1740 472 Antiqui
1773 422 2059 463 Testamenti.
2696 407 2776 474 77

275 618 424 658 vero
451 603 664 659 cuncta
686 600 971 678 nequitia,
1008 620 1157 678 quae
1180 620 1215 658 a
1236 601 1514 678 fraudum
1538 601 1822 658 eiusmodi
1846 601 2183 660 architectis
2205 602 2402 659 abesse
2423 621 2541 659 non
2572 605 2779 677 potest,

280 703 355 760 ad
404 705 734 764 haereticos
763 704 1059 780 imprimis
1089 704 1408 781 pertineat3
1460 710 1656 763 tamen
1689 707 1868 764 etiam
1901 726 1936 763 a
1970 705 2322 764 Christianis
2352 707 2783 782 suppositorum

282 809 666 868 voluminum
696 810 1049 882 auctoribuS,
1082 810 1241 867 haud
1273 811 1461 868 omnis
1490 813 1653 868 abest
1683 811 1869 885 culpa.
1919 811 2056 868 Non
2087 811 2338 882 carebat,
2371 814 2519 868 teste
2549 811 2784 868 Tertul-

280 911 449 972 liano
474 912 513 985 ¹,
548 914 745 990 prisca
773 913 1034 972 Ecclesia
1061 914 1417 986 hominibus,
1465 915 1569 993 qui
1599 935 1719 974 non
1750 920 1874 974 tam
1903 917 2208 992 impietate
2237 935 2415 994 quam
2445 915 2782 990 intelligen-

283 1017 407 1075 tiae
438 1020 695 1097 quodam
724 1019 892 1092 vitio,
928 1023 1254 1078 commenta
1282 1019 1467 1078 stulta
1494 1020 1837 1079 invenirent
1867 1025 1927 1078 et
1955 1021 2192 1097 scriptis
2222 1023 2634 1095 consignarent
2650 1016 2694 1079 ².

498 1123 757 1183 Possunt
800 1128 996 1182 autem
1044 1123 1262 1200 scripta
1308 1120 1694 1201 ,daavhvtera‘,
1740 1125 1866 1184 sive
1913 1121 2256 1201 ,ἀπόκρυφαξ
2301 1124 2368 1181 in
2404 1127 2548 1183 duas
2579 1124 2786 1182 classes

285 1229 592 1286 commode
646 1229 925 1306 dispesci:
978 1229 1257 1288 videlicet
1303 1229 1584 1287 Veteris
1639 1235 1710 1287 et
1761 1229 1947 1289 Novi
1993 1227 2454 1287 Testamenti.
2518 1227 2786 1307 Suntque

282 1352 493 1390 rursus
533 1333 635 1392 vel
681 1334 901 1411 scripta
939 1337 1013 1392 ab
1044 1333 1382 1392 orthodoxis
1415 1333 1591 1405 edita,
1636 1353 1785 1412 quae
1815 1333 2074 1412 aliquam
2103 1333 2428 1392 utilitatem
2456 1333 2786 1408 legentibus

278 1437 519 1495 adferre
552 1438 803 1514 possint;
836 1438 934 1498 vel
964 1438 1265 1514 compilati
1289 1439 1430 1497 libri
1454 1440 1528 1496 ab
1551 1440 1754 1514 impiis
1779 1443 1840 1496 et
1859 1437 2186 1506 haereticis,
2221 1438 2464 1517 ideoque
2491 1457 2526 1495 a
2549 1438 2786 1514 privata

278 1543 467 1599 etiam
515 1542 767 1600 lectione
814 1545 889 1601 ab
918 1543 1189 1601 Ecclesia·
1226 1545 1352 1601 iure
1398 1545 1723 1623 meritoque
1767 1544 2011 1602 exclusi.
2073 1542 2272 1601 Priori
2323 1562 2498 1600 censu
2533 1543 2788 1601 veniunt

284 1646 526 1704 oratio
578 1647 797 1721 Regis
849 1647 1199 1705 Manassis
1220 1645 1269 1718 33
1324 1647 1448 1705 III.
1498 1653 1557 1706 et
1608 1648 1718 1706 IV.
1765 1645 2114 1718 Esdrae43
2165 1651 2340 1725 atque
2387 1647 2511 1704 ΠΙ.
2564 1651 2624 1704 et
2674 1646 2783 1706 IV.

282 1750 956 1823 Machabaeorum53
996 1753 1143 1810 item
1180 1750 1515 1828 Epistola
1542 1753 1942 1824 Barnabae,
1990 1752 2243 1810 Pastor
2272 1752 2603 1823 Hermae,
2637 1769 2786 1828 quae

281 1875 536 1929 magnae
597 1857 738 1914 olim
800 1862 971 1915 erant
1030 1856 1486 1914 existimationis
1508 1854 1550 1915 ⁶.
1641 1858 1946 1914 Postrema
2003 1857 2147 1914 haec
2205 1857 2426 1932 scripta
2485 1854 2786 1929 singulare

280 1960 599 2036 quoddam,
634 1960 811 2039 idque
843 1961 1195 2039 apocryphis
1225 1960 1395 2019 libris
1425 1960 1620 2033 affine,
1655 1981 1840 2036 genus
1871 1960 2098 2019 efficere
2129 1964 2438 2019 censentur
2459 1955 2501 2019 ⁷.

375 2217 438 2296 ἓ.
487 2217 593 2284 28.
640 2215 1083 2280 Recensus
1127 2214 1552 2280 librorum
1597 2213 2293 2303 apocryphorum
2336 2213 2699 2301 Antiqui

1258 2327 1815 2394 Testamenti.

500 2507 635 2565 Viri
666 2527 919 2586 quorum
949 2509 1299 2583 sapientiam
1330 2507 1468 2566 libri
1502 2507 1826 2584 apocryphi
1849 2508 2104 2587 Antiqui
2128 2508 2487 2566 Testamenti
2509 2527 2568 2564 se
2591 2507 2785 2565 conti-

284 2632 432 2670 nere
461 2613 761 2685 iactitant3
808 2617 946 2672 sunt
975 2614 1237 2672 omnium
1282 2613 1593 2687 notissimi,
1631 2609 1920 2693 planeque
1966 2612 2453 2690 praestantissimi
2483 2611 2549 2670 in
2579 2611 2784 2670 Histo-

284 2716 399 2775 riis
447 2717 709 2794 Populi
753 2719 903 2777 Dei.
978 2725 1034 2777 1.
1087 2720 1424 2792 Adamus,
1481 2720 1575 2777 cui
1624 2718 2005 2778 inscribitur:
2052 2717 2492 2779 Testamentum
2535 2716 2751 2775 Adami
2767 2738 2782 2787 ;

283 2968 341 3016 p.
383 2954 504 3001 252.
554 2956 609 3001 et
657 2950 710 3001 S.
747 2951 1103 3017 Augustinus,
1154 2956 1343 3001 contra
1388 2951 1767 3001 Adversarium
1815 2951 1977 3016 Legis
2027 2956 2080 3001 et
2125 2951 2322 3017 Proph.
2359 2950 2436 3011 II,
2476 2952 2524 2999 2.
2573 2966 2625 3014 p.
2663 2950 2784 2999 582.

287 3039 462 3101 „Quis
498 3054 607 3088 non
632 3038 735 3089 hoe
758 3044 1066 3101 monstrum,
1104 3054 1211 3089 non
1239 3038 1356 3088 dico
1384 3054 1573 3089 sensus
1601 3037 1952 3100 Christianus,
1989 3038 2084 3135 sed
2112 3038 2498 3104 qualiscunque
2523 3036 2784 3086 humanus

287 3126 639 3176 exhorreat‘h
627 3127 1031 3192 ,proscribunt

507 3215 547 3279 ¹)
584 3215 669 3263 De
706 3216 851 3281 bapt.
879 3230 925 3264 c.
954 3217 1034 3265 17.
1071 3232 1123 3280 p.
1149 3216 1232 3264 45.
1306 3212 1347 3279 2)
1387 3214 1523 3264 Vide
1562 3217 1796 3263 ceterum
1834 3217 1991 3263 caute
2028 3212 2080 3262 J.
2117 3211 2180 3261 L.
2218 3210 2517 3273 Moshemii,
2555 3210 2682 3261 diss.
2720 3210 2786 3259 de

288 3302 474 3351 causis
511 3302 907 3367 suppositorum
943 3301 1197 3351 librorum
1234 3302 1373 3351 inter
1411 3300 1742 3350 Christianos
1780 3299 1983 3349 saeculi
2011 3300 2175 3349 Primi
2201 3302 2254 3347 et
2277 3297 2528 3348 Secundi.
2572 3297 2784 3347 Altona.

292 3389 450 3437 1740.
488 3389 631 3438 Diss.
667 3388 710 3449 I,
741 3389 858 3437 261.
886 3404 927 3438 s.
979 3387 1039 3437 C.
1066 3388 1432 3450 Tischendorf,
1472 3388 1539 3437 de
1574 3387 1995 3453 Evangeliorum
2032 3385 2456 3452 apocryphorum
2494 3386 2698 3451 origine
2734 3390 2790 3434 et

288 3488 417 3523 usu.
453 3474 645 3539 Hagae
683 3473 829 3523 Com.
870 3476 1021 3524 1851.
1057 3492 1111 3539 p.
1150 3476 1231 3524 12.
1270 3492 1311 3525 s.
1384 3475 1425 3542 ³)
1463 3475 1622 3541 Apud
1661 3474 1895 3525 Graecos
1931 3479 2068 3525 teste
2103 3474 2317 3537 Allatio,
2365 3473 2432 3522 de
2466 3473 2618 3523 libris
2655 3472 2787 3522 eccl.

292 3578 377 3627 gr.
403 3578 452 3626 p.
478 3563 565 3611 62.
598 3562 737 3610 inter
775 3559 1003 3611 Cantica
1037 3562 1252 3612 usitata.
1302 3561 1384 3612 Cf.
1423 3578 1468 3612 e.
1505 3562 1718 3625 Cellier,
1755 3562 1896 3611 Hist.
1923 3578 2042 3628 gen.
2081 3561 2175 3612 des
2215 3565 2432 3612 auteurs
2469 3578 2510 3612 s.
2537 3561 2636 3610 III.
2665 3563 2711 3622 1,
2736 3562 2786 3610 4.

296 3648 397 3699 ed.-
419 3649 542 3698 Par.
582 3650 733 3698 1729.
782 3649 825 3711 I,
862 3650 981 3698 473.
1020 3664 1061 3699 s.
1122 3649 1261 3702 Hist.
1300 3650 1361 3700 R.
1400 3651 1467 3699 D.
1504 3650 1568 3699 V.
1607 3651 1670 3699 T.
1717 3666 1768 3715 p.
1806 3652 1924 3700 416.
1997 3649 2042 3714 ⁴)
2079 3650 2143 3699 V.
2181 3649 2250 3699 H.
2289 3650 2352 3699 V.
2390 3649 2453 3698 T.
2496 3666 2548 3714 p.
2585 3648 2704 3698 578.
2741 3664 2784 3697 s.

295 3736 420 3785 Chr.
457 3736 507 3785 J.
545 3751 653 3786 van
692 3735 786 3786 der
822 3736 953 3798 Vlia,
1006 3737 1140 3802 disp.
1179 3752 1250 3787 cr.
1298 3738 1364 3787 de
1409 3738 1584 3787 Ezrae
1632 3737 1769 3787 libro
1819 3736 2126 3803 apocrypho
2172 3736 2333 3801 vulgo
2381 3740 2572 3800 quarto
2619 3735 2779 3785 dicto.

295 3823 515 3873 Amstel.
558 3824 709 3874 1839.
758 3823 811 3873 J.
846 3824 1087 3889 Langen,
1126 3824 1221 3873 das
1257 3824 1585 3874 Judenthum
1622 3842 1675 3891 p.
1705 3826 1821 3874 112.
1849 3841 1890 3875 s.
1931 3825 2046 3873 174.
2073 3838 2115 3873 s.
2189 3822 2230 3890 ⁵)
2266 3823 2331 3872 V.
2357 3823 2426 3872 H.
2452 3822 2514 3871 R.
2540 3822 2609 3872 D.
2633 3822 2698 3871 V.
2724 3822 2785 3870 T.

295 3927 351 3975 p.
387 3911 506 3959 517.
545 3912 665 3961 518.
704 3911 822 3960 570.
885 3910 1136 3977 Langen,
1175 3910 1269 3961 das
1306 3912 1634 3961 Judenthum
1671 3929 1722 3977 p.
1763 3912 1844 3961 74.
1884 3928 1925 3961 s.
1967 3913 2082 3961 176.
2120 3926 2162 3961 s.
2237 3910 2278 3975 θ)
2318 3907 2398 3959 Cf.
2436 3909 2490 3959 J.
2525 3909 2590 3960 Β.
2632 3908 2788 3958 Cote-

294 3996 430 4057 lerii,
466 3997 575 4047 iud.
616 3997 683 4046 de
719 4013 803 4063 ep.
842 4014 883 4047 s.
920 3998 1081 4047 Barn.
1119 4014 1171 4063 p.
1210 3998 1258 4048 7.
1294 3998 1363 4047 H.
1404 3997 1738 4064 Goldhagen,
1777 3998 1981 4049 Introd.
2020 4015 2071 4064 p.
2110 3999 2228 4047 201.
2266 4012 2308 4047 s.
2371 3995 2453 4046 Cf.
2489 3996 2542 4046 J.
2577 3995 2787 4057 Hefele,

296 4084 394 4133 das
431 4083 718 4135 Sendschr.
756 4084 806 4135 d.
842 4084 941 4151 Ap.
978 4084 1273 4134 Barnabas.
1310 4086 1447 4135 Tfib.
1488 4088 1639 4135 1840.
1688 4086 2053 4147 Ψθίεκὲοῑῑθτ,
2091 4100 2138 4134 z.
2169 4084 2305 4134 Krit.
2343 4083 2393 4133 d.
2429 4082 2787 4133 Barnabasbr.

296 4172 368 4221 ib.
409 4173 560 4221 1863.
624 4172 675 4221 J.
712 4172 936 4235 Kayser,
975 4170 1123 4223 Oest.
1160 4171 1651 4223 Vierteliahreschr.
1693 4173 1843 4222 1864,
1890 4172 1990 4234 111,
2027 4172 2147 4221 345.
2183 4187 2226 4221 s.
2280 4170 2358 4221 Id.
2395 4174 2449 4220 ii.
2488 4169 2539 4219 d.
2576 4186 2619 4218 s.
2655 4169 2786 4219 Bar-

297 4259 551 4309 nabasbr.
592 4258 822 4309 Paderb.
863 4261 1012 4309 1866.
1086 4257 1126 4326 ⁷)
1162 4260 1316 4310 Haec
1352 4265 1532 4309 autem
1578 4259 1862 4325 diligenter
1908 4260 1964 4308 in
1999 4259 2318 4308 tractatione
2364 4256 2432 4305 de
2468 4254 2788 4322 apocryphis

298 4345 631 4395 attendenda
666 4350 840 4407 sunto,
878 4361 947 4395 ne
976 4360 1061 4395 res
1084 4345 1185 4395 hac
1210 4362 1343 4396 voce
1376 4346 1647 4396 indicatae
1684 4360 1964 4411 perperam
2001 4346 2339 4395 misceantur.
2375 4344 2562 4393 Prouti
2597 4357 2788 4407 reapse

296 4433 570 4481 fecerunt:
622 4432 829 4497 Dupin,
867 4432 1013 4481 Diss.
1050 4432 1290 4497 praelim.
1338 4432 1403 4481 de
1453 4432 1762 4483 auctoribus
1811 4432 1956 4481 Libr.
1997 4432 2050 4482 S.
2089 4431 2142 4480 S.
2181 4434 2229 4493 §-
2267 4433 2316 4480 2.
2355 4430 2436 4479 ed.
2474 4430 2595 4478 Par.
2637 4430 2788 4479 1692.

295 4520 338 4582 Ι,
369 4522 454 4569 48.
486 4519 814 4569 'Alexander
848 4518 1073 4582 Natalis,
1111 4519 1232 4569 hist.
1273 4519 1400 4570 eccl.
1440 4519 1592 4570 Sacc.
1627 4521 1672 4570 I.
1701 4536 1746 4569 c.
1774 4521 1855 4569 12.
1894 4519 1976 4569 ed.
2012 4516 2133 4569 Par.
2174 4520 2326 4568 1730.
2363 4517 2459 4579 111,
2487 4519 2570 4567 39.
2625 4516 2789 4565 Tille-

296 4612 463 4669 mont‚
500 4612 611 4657 not.
652 4622 743 4657 sur
781 4606 833 4656 S.
860 4604 1131 4656 Barnabe.
1170 4608 1217 4657 6.
1254 4606 1493 4656 Memoir.
1532 4608 1614 4657 ed.
1652 4608 1786 4657 Ven.
1827 4608 1976 4655 1732.
2015 4606 2085 4668 ΙΙ,
2126 4607 2244 4655 658.
