3309 5300
531 448 659 511 316
1108 437 1123 449 ’
1218 461 1453 502 Comment.
1484 460 1537 502 de
1564 461 1607 501 S.
1629 462 1839 512 scriptur.
1869 472 1964 513 cap.
1996 462 2098 503 tert.
2129 464 2235 502 sect.
2266 462 2321 502 11.

530 761 589 839 ξ.
642 760 783 824 142.
830 757 946 822 Ι)6
992 757 1521 821 Historiarum
1568 758 2287 843 Interpretationis
2334 756 2400 821 S.
2434 756 2500 822 S.
2550 756 3026 823 Catholicae

1062 870 1415 936 fontibus
1462 880 1534 935 et
1577 872 2039 958 praecipuis
2087 870 2484 935 subsidiis.

737 1078 830 1135 Ad
883 1076 1396 1151 Interpretationis
1445 1073 1757 1133 Sacrarum
1810 1076 2250 1151 Scripturarum
2308 1076 2645 1134 Catholicae
2705 1096 2798 1135 res
2859 1078 3019 1154 quod

530 1180 807 1255 pertinet,
847 1200 944 1238 eas
985 1180 1272 1239 librorum
1317 1183 1704 1257 veterumque
1753 1182 2247 1240 monimentorum
2293 1202 2401 1257 ope
2446 1182 2710 1253 traditam,
2758 1186 2820 1239 et
2859 1181 3023 1239 felici

530 1283 780 1361 quodam
812 1282 983 1342 fluxu
1012 1286 1088 1341 ad
1120 1302 1225 1341 nos
1255 1283 1551 1342 derivatas
1583 1285 1888 1343 habemus.
1945 1286 2250 1361 Expositio
2281 1285 2636 1343 Divinarum
2666 1286 3024 1356 Literarum,

532 1408 567 1445 a
609 1388 809 1464 parvis
852 1388 1039 1446 initiis
1088 1388 1303 1446 sensim
1352 1391 1579 1447 vastam
1627 1391 1894 1448 excrevit
1943 1390 2006 1447 in
2060 1390 2303 1462 molem;
2351 1408 2632 1448 oceanum
2676 1383 3024 1461 dixerimus,

532 1491 633 1570 qui
672 1492 1135 1567 magnitudinem
1167 1480 1333 1548 suam
1365 1490 1708 1551 fluminibus
1740 1499 1800 1552 et
1830 1494 2040 1553 rivulis
2071 1496 2246 1553 debet
2255 1516 2270 1565 3
2310 1493 2723 1571 labyrinthum
2753 1492 3024 1567 adpella-

530 1596 815 1667 vcrimus,
862 1616 977 1674 quo
1025 1595 1256 1654 facilior
1300 1599 1391 1653 est
1427 1596 1706 1654 introitus
1756 1617 1931 1674 quam
1977 1599 2196 1656 exituS.
2263 1596 2408 1655 Cum
2457 1596 2514 1654 S.
2559 1599 2616 1657 S.
2666 1597 3024 1672 Theologiae

531 1700 817 1771 studiosis,
852 1700 1137 1779 quidquid
1161 1699 1340 1757 huius
1364 1700 1718 1758 narrationis
1743 1706 1847 1771 est,
1879 1702 2298 1777 scripserimus,
2329 1720 2398 1759 ea
2423 1701 2814 1760 subsidiorum
2837 1702 3024 1777 copia,

533 1822 685 1883 quae
717 1804 790 1861 ad
821 1804 1154 1861 discendam
1186 1804 1459 1862 notitiam
1490 1804 1892 1878 Interpretum
1934 1806 2260 1863 necessaria
2305 1811 2411 1877 est,
2457 1807 2581 1863 fere
2611 1806 2941 1863 destitutis:
2989 1826 3025 1863 a

531 1909 767 1967 nemine
798 1928 903 1966 nos
933 1910 1358 1983 reprehensum
1390 1908 1463 1965 iri
1494 1908 1856 1980 confidimus,
1905 1911 2059 1988 quod
2105 1909 2309 1985 paucis
2352 1914 2413 1969 et
2443 1930 2620 1987 quam
2648 1910 3022 1981 brevissime3

534 2008 591 2069 ἐν
625 2008 853 2091 ἐπιτομῇ
886 2016 1120 2070 tantum
1150 2012 1410 2070 subsidia
1439 2012 1723 2085 literaria,
1771 2033 2018 2091 quorum
2057 2014 2341 2071 immensa
2371 2018 2461 2070 est
2489 2032 2673 2089 seges,
2720 2032 3022 2071 recensea-

533 2136 679 2174 mus.
727 2116 1162 2174 Jucundissima
1206 2136 1309 2174 nos
1358 2115 1653 2174 consolata
1698 2121 1787 2175 est
1833 2136 1994 2192 spes:
2048 2118 2318 2174 futurum
2366 2122 2437 2174 ut
2486 2117 2639 2175 alius
2689 2117 3020 2195 quisquam,

533 2220 798 2278 feliciore
838 2221 1133 2295 temporiS,
1183 2221 1305 2291 otii,
1352 2222 1676 2278 studiorum
1710 2221 2118 2279 commoditate
2151 2221 2261 2278 sibi
2296 2221 2509 2292 oblata,
2556 2240 2631 2278 ex
2663 2220 3021 2296 amplissimo

532 2326 820 2382 librorum
854 2345 1033 2383 manu
1057 2328 1119 2383 et
1149 2324 1307 2402 typis
1339 2325 1765 2399 descriptorum
1797 2325 2195 2400 suppellectili
2237 2325 2424 2383 multo
2463 2325 3021 2383 emendatiorem

532 2429 1069 2507 elegantioremque
1113 2432 1325 2487 harum
1372 2429 1766 2487 Historiarum
1817 2430 2338 2501 elucubrationem,
2385 2430 2457 2487 ad
2503 2430 2757 2501 rigorem
2809 2429 3022 2486 biblio-

532 2535 848 2609 graphicae
878 2535 1156 2593 scientiae
1186 2536 1369 2593 nostri
1404 2536 1533 2593 aevi
1566 2538 1850 2605 exactam,
1897 2534 2193 2592 scribat.
2243 2534 2334 2592 De
2364 2534 2792 2610 interpretibus
2823 2533 3022 2611 itaque

532 2638 850 2697 Catholicis
896 2640 1051 2698 haud
1096 2659 1283 2715 pauca
1326 2661 1401 2698 ex
1445 2638 1731 2698 relatione
1775 2642 1836 2697 et
1879 2632 2243 2698 sermonibus
2291 2659 2510 2710 eorum,
2559 2638 2660 2717 qui
2707 2658 2839 2696 cum
2882 2638 3022 2714 ipsis

532 2743 905 2802 familiariter
946 2744 1167 2802 versati
1212 2749 1366 2814 sunt,
1420 2743 1686 2818 cognosci
1734 2748 2008 2818 possunt3
2062 2744 2347 2822 pleraque
2394 2747 2593 2801 tamen
2640 2763 2715 2800 ex
2763 2745 3020 2817 ipsorum

534 2847 763 2922 scriptis
794 2849 1122 2906 haurienda
1152 2855 1305 2906 sunt.
1370 2851 1444 2905 In
1473 2847 1770 2922 primariis
1801 2851 1961 2907 certe
1991 2849 2250 2905 fontibus
2282 2852 2434 2918 sunt,
2483 2852 2774 2926 quotquot
2803 2867 2839 2904 a
2872 2847 2927 2904 S.
2963 2849 3017 2906 S.

532 2953 596 3009 P.
644 2953 707 3008 P.
763 2953 875 3027 Ap.
931 2953 1004 3008 ad
1057 2956 1257 3009 nostra
1308 2971 1495 3029 usque
1554 2955 1816 3026 tempora
1867 2951 2231 3023 floruerunt3
2291 2953 2418 3008 sive
2469 2953 2852 3022 Graecorum,
2901 2950 3021 3010 sive

533 3056 898 3126 Latinorum,
931 3056 1055 3114 sive
1086 3056 1335 3113 aliorum
1364 3055 1716 3130 populorum
1747 3055 2100 3132 interpretes
2133 3056 2189 3114 S.
2213 3054 2558 3114 Bibliorum.
2590 3056 2852 3113 Multum
2881 3074 3020 3114 vero

534 3159 604 3216 ad
630 3160 953 3234 Scriptores
982 3160 1047 3216 in
1072 3159 1267 3216 Biblia
1295 3158 1655 3234 indagandos
1687 3161 2000 3217 conferunt
2023 3159 2136 3218 viri
2162 3161 2334 3231 docti,
2368 3161 2468 3238 qui
2494 3161 2566 3218 de
2589 3160 3021 3236 Interpretibus

534 3283 611 3322 ex
640 3263 912 3320 instituto
935 3267 996 3320 et
1017 3263 1416 3337 peculiaribus
1446 3263 1953 3340 disquisitionibus
1985 3283 2324 3338 exposuere.
2372 3264 2494 3321 Alii
2525 3283 2730 3321 rursus
2761 3265 3018 3339 fuerunt,

536 3367 633 3446 qui
677 3367 740 3423 in
774 3367 1019 3424 alterius
1050 3367 1382 3440 argumenti
1424 3367 1685 3442 scriptis,
1733 3367 1968 3444 aliaque
1998 3369 2299 3425 occasione
2330 3369 2402 3424 de
2431 3367 2704 3442 pluribus
2732 3368 3020 3444 pauciori-

536 3475 765 3550 busque
796 3471 1032 3528 illorum
1063 3471 1246 3528 locuti
1278 3477 1431 3530 sunt.
1480 3473 1649 3529 Inter
1688 3470 1910 3548 priores
1950 3473 2157 3529 merito
2197 3471 2423 3545 primus
2462 3471 2624 3528 locus
2655 3471 2726 3529 iis
2757 3472 3020 3542 debetur,

535 3576 638 3654 qui
685 3576 756 3633 de
799 3575 1059 3633 omnium
1100 3575 1468 3634 saeculorum
1518 3575 1911 3654 classiumque
1957 3576 2381 3651 interpretibus
2427 3576 2565 3633 data
2603 3594 2782 3650 opera
2828 3576 3022 3650 dispu-

535 3685 765 3737 tarunt:
816 3679 876 3736 in
917 3679 1165 3755 singulis
1208 3681 1331 3738 fere
1362 3699 1591 3750 nomen,
1633 3698 1974 3754 cognomen,
2021 3684 2292 3750 aetatem,
2337 3680 2608 3755 patriam,
2659 3680 3022 3755 dignitatem,

535 3784 969 3857 professionem,
1016 3803 1354 3862 annumque
1407 3784 1756 3854 nativitatis,
1805 3803 2133 3855 munerum,
2179 3785 2374 3842 obitus
2418 3784 2734 3858 diligenter
2778 3789 3020 3842 annota-

534 3893 696 3946 runt.
744 3889 838 3945 Ad
869 3890 1017 3946 haec
1047 3889 1379 3964 catalogum
1410 3871 1668 3964 operum,
1712 3888 1995 3946 editiones
2027 3888 2447 3958 adiunxerunt,
2479 3889 2718 3946 tandem
2750 3887 3023 3962 elogium,

536 4011 844 4050 censuram
887 3997 947 4050 et
986 3997 1270 4064 auctores,
1303 3993 1404 4070 qui
1437 3993 1508 4050 de
1538 3991 1657 4050 illis
1703 3992 2038 4050 memoriam
2079 3991 2431 4063 iniecerunt,
2469 3991 2764 4049 addidere.
2817 3992 3023 4069 Neque

535 4115 655 4154 non
685 4098 803 4154 huc
833 4097 1042 4155 referri
1073 4101 1333 4172 possunt,
1367 4095 1465 4173 qui
1498 4095 1790 4154 Historias
1822 4097 2338 4171 Interpretationis
2369 4095 2622 4163 omnis,
2653 4095 2756 4154 vel
2785 4114 2901 4162 cer
2915 4103 3022 4154 tae

536 4201 830 4271 aetatis,
877 4201 941 4258 in
983 4200 1283 4275 publicam
1328 4200 1519 4258 lucem
1568 4199 1896 4258 ediderunt.
1945 4197 2061 4262 Qui
2094 4207 2292 4258 autem
2323 4200 2594 4257 notitiam
2623 4202 3020 4276 Interpretum

534 4305 972 4364 catholicorum
1006 4305 1293 4365 adiuvant
1336 4305 1764 4363 subsidiarii
1805 4305 2133 4378 scriptores,
2173 4305 2390 4361 iterum
2421 4305 2572 4364 varii
2603 4311 2746 4362 sunt
2776 4307 3018 4378 generis

534 4407 652 4471 Qui
696 4409 929 4466 tametsi
970 4410 1043 4466 ad
1072 4409 1259 4483 ipsam
1301 4407 1467 4466 illam
1516 4409 1934 4480 narrationem,
1986 4427 2105 4465 non
2144 4408 2342 4466 dedita
2386 4427 2564 4483 opera
2610 4415 2794 4466 semet
2836 4410 3014 4466 accin-

536 4514 764 4584 xerint3
814 4532 943 4570 eam
985 4517 1184 4571 tamen
1230 4518 1291 4572 et
1334 4513 1482 4570 mire
1532 4513 1833 4583 adiuvant,
1880 4517 1942 4570 et
1984 4512 2238 4569 multum
2286 4516 2653 4588 promovent.
2708 4511 2920 4570 Locum
2957 4513 3014 4568 in

536 4617 655 4674 illis
687 4618 925 4688 habent,
968 4618 1066 4697 qui
1101 4619 1171 4676 de
1202 4616 1507 4689 Hebraeis,
1548 4616 1946 4688 samaritanis,
1982 4616 2298 4688 Aramaeis,
2339 4616 2611 4692 Copticis,
2643 4616 3007 4693 Aethiopicis,
