3309 5300
495 373 625 438 330
1183 384 1419 425 comment.
1448 384 1502 424 de
1530 383 1573 424 S.
1594 382 1806 433 scriptur.
1836 394 1928 435 cap.
1959 384 2204 427 tert.'sect.
2233 385 2289 425 11.

496 569 591 638 ,ut
622 565 1029 642 quicunque
1058 564 1285 622 vellet
1316 565 1394 621 de
1427 562 1970 640 quaestionibus
2011 564 2068 621 S.
2103 564 2524 633 Literarum,
2566 582 2716 621 eum
2747 562 2988 620 libere

494 669 943 742 interrogare
987 672 1245 743 posset,
1292 686 1522 746 neque
1564 668 1916 727 desistere
1961 688 2266 746 unquam
2297 670 2378 726 ab
2409 666 2990 741 interrogatione

494 774 817 844 deberet,
866 792 1232 850 quousque
1276 792 1399 848 per
1444 750 1881 830 solutionem
1927 775 2254 848 responsi
2309 771 2486 828 satis
2531 772 2674 829 sibi
2717 772 2992 828 factum

494 880 960 951 agnosceret.‘
1035 878 1241 954 Neque
1303 877 1630 934 domesticis
1692 880 1951 948 tantum,
2012 879 2110 935 sed
2173 878 2350 936 etiam
2405 876 2622 934 exteris
2667 876 2731 933 in
2774 876 2988 935 Divini

494 980 717 1039 Codicis
754 980 949 1038 studio
981 980 1333 1051 erudiendis,
1380 980 1745 1040 Lanfrancus
1791 982 2115 1040 insistebat.
2163 983 2302 1039 Leo
2332 981 2444 1038 IX.
2478 982 2560 1049 P„
2604 979 2767 1037 ultra
2809 980 2992 1058 quin-

495 1084 779 1164 quaginta
808 1105 992 1142 annos
1022 1085 1137 1142 iam
1170 1089 1361 1155 natus,
1394 1104 1618 1142 summo
1648 1086 1872 1143 fervuit
1902 1086 2138 1143 ardore:
2168 1090 2254 1156 ,ut
2284 1084 2635 1143 Divinarum
2666 1084 2986 1142 lectionem

493 1189 929 1265 Scripturarum
959 1190 1019 1247 in
1048 1190 1270 1247 Graeco
1302 1190 1625 1248 addisceret
1654 1188 1887 1267 eloquio
1903 1190 1935 1247 !‘
1967 1190 2204 1253 Quanta
2232 1208 2369 1248 vero
2401 1188 2518 1246 fuit
2547 1188 2604 1246 S.
2637 1188 2986 1247 Bernardi

492 1295 719 1352 abbatis
748 1294 1092 1354 claraevall.
1141 1293 1421 1365 doctrina,
1468 1294 1619 1351 etin
1652 1294 1709 1351 S.
1744 1294 1958 1352 Literis
2004 1293 2364 1368 exponendis
2411 1292 2707 1350 excellens
2762 1292 2984 1367 gloria3

494 1398 691 1456 coaevi
722 1402 1057 1477 posterique
1086 1402 1397 1456 testantur.
1434 1400 1736 1473 Interpres
1762 1398 1910 1473 pius,
1937 1398 2193 1472 elegans,
2228 1398 2498 1455 incendia
2519 1398 2783 1455 excitans
2805 1416 2988 1456 verae

493 1504 837 1574 sanctitatis,
892 1504 1050 1561 haud
1098 1504 1317 1581 absque
1363 1502 1645 1561 miraculo
1691 1502 1775 1559 ita
1820 1503 2022 1561 doctus
2067 1503 2290 1573 evasit3
2348 1506 2422 1567 ¹ut
2467 1501 2716 1560 aliorum
2763 1502 2989 1561 Doctor

492 1611 645 1665 esset
688 1606 745 1665 in
781 1607 959 1665 finem
1003 1626 1189 1685 usque
1236 1607 1624 1677 saeculorum,
1673 1608 1765 1664 cui
1798 1610 1869 1665 ab
1901 1606 2294 1665 adolescentia
2338 1606 2496 1665 inter
2524 1607 2688 1681 fagos
2729 1610 2985 1676 versam,

490 1711 823 1786 praeclaras
868 1712 1093 1786 ingenii
1136 1713 1301 1769 dotes
1340 1712 1609 1770 excolere
1640 1712 1745 1769 vix
1775 1711 1960 1770 licuit.
2023 1712 2080 1769 S.
2113 1712 2497 1781 Bernardum,
2544 1712 2772 1781 ‚unius
2817 1728 2986 1768 vere

492 1814 663 1873 libri
710 1815 966 1887 virum,
1028 1835 1163 1873 non
1208 1816 1493 1874 erudita
1546 1818 1788 1874 docuit
1831 1816 2307 1887 exercitatio‘3
2369 1818 2469 1874 sed
2514 1816 2665 1891 iugis
2708 1816 2781 1873 D.
2827 1815 2984 1873 Scri-

489 1924 701 1995 pturae
763 1920 1083 1979 meditatio,
1151 1920 1502 1978 Admirabili
1564 1922 1619 1979 S.
1671 1920 2002 1978 Literarum
2064 1921 2302 1995 peritia,
2373 1940 2620 1999 quarum
2679 1921 2863 1978 verba
2923 1922 2988 1977 et

490 2024 817 2081 sententiae
864 2024 1080 2081 dicenti
1126 2044 1186 2081 se
1232 2028 1439 2099 sponte
1486 2024 1760 2091 offerunt,
1824 2026 1968 2082 adeo
2014 2025 2262 2083 festivus
2307 2029 2368 2083 et
2411 2025 2697 2081 iucundus
2741 2028 2849 2094 est,
2915 2027 2989 2080 ut
3101 2064 3114 2073 -

492 2127 879 2200 ,melliflui‘
912 2147 1230 2201 cognomen
1263 2128 1472 2185 merito
1503 2129 1734 2186 habeat.
1777 2126 2090 2186 Gilberti
2123 2129 2394 2185 Folioti
2426 2130 2533 2202 Ep.
2564 2129 2764 2199 Lond.‚
2797 2128 2985 2186 Gilb.

488 2232 866 2290 Porretani
900 2232 1007 2307 Ep.
1041 2232 1286 2302 Fiet-av„
1323 2232 1628 2289 Honorii
1656 2234 1953 2290 Eduens.
1987 2252 2094 2307 pr„
2128 2232 2432 2289 Honorii
2467 2232 2983 2305 Augustodun.,

488 2334 835 2393 Joachimi
898 2334 1124 2394 Calabr.
1188 2336 1344 2408 cist„
1392 2337 1629 2394 Lucae
1691 2339 1842 2395 abb.
1905 2338 1986 2394 M.
2036 2338 2112 2407 S„
2161 2335 2472 2393 Cornelii
2535 2336 2726 2405 Ben,
2782 2336 2986 2393 Petri

486 2440 857 2498 Blesensis
876 2485 889 2511 ,
934 2440 1136 2497 'Petri
1185 2441 1556 2497 Lombardi
1602 2441 1711 2516 Ep.
1757 2442 1908 2510 Par„
1955 2440 2220 2497 Richar
2236 2440 2303 2497 di
2347 2441 2426 2497 de
2471 2440 2528 2497 S.
2587 2439 2872 2497 Victore
2920 2440 2987 2497 in

488 2544 544 2601 S.
593 2543 924 2619 Scripturas
970 2544 1505 2615 commentationeS,
1566 2565 1597 2602 e
1642 2544 2063 2603 vetustioribus
2119 2544 2400 2602 collectae
2455 2544 2746 2602 habentur
2802 2549 2986 2621 atque

488 2669 719 2708 sensum
744 2638 1111 2725 spiritualem
1137 2649 1419 2725 imprimis
1445 2654 1756 2728 quaerunt.
1787 2650 1899 2708 Sed
1919 2648 2065 2707 tales
2090 2647 2288 2724 palato
2314 2650 2498 2706 nostri
2523 2649 2654 2708 aevi
2677 2646 2986 2706 hominum

487 2774 608 2810 non
652 2753 1039 2811 satisfaciunt.
1113 2755 1243 2811 Hac
1288 2759 1483 2812 aetate
1529 2754 1684 2812 vixit
1737 2754 1800 2812 P.
1849 2753 2333 2824 Abaelardus,
2395 2753 2638 2828 linguae
2682 2772 2987 2828 graecae

487 2878 718 2932 gnaruS,
767 2877 959 2935 neque
992 2860 1351 2916 hebraeae
1381 2878 1608 2933 expers,
1653 2859 1718 2916 in
1758 2879 1982 2917 errores
2014 2863 2270 2916 attamen
2304 2857 2582 2933 proclivis
2614 2862 2673 2916 et
2703 2857 2986 2929 lubricus,

487 2961 667 3019 libros
699 2963 969 3020 exaravit
1006 2959 1273 3039 ,o'vn'mmg
1303 2961 1480 3039 χερσίι
1514 2964 1668 3041 quod
1701 2964 1923 3020 dicunt.
1970 2963 2338 3038 Discipulum
2379 2962 2590 3021 habuit
2633 2963 2667 3020 J
2682 2981 2985 3020 oannem

488 3066 887 3125 Sarisberie
904 3087 1093 3124 nsem
1142 3067 1690 3125 commentariorum
1737 3067 1800 3124 in
1845 3087 2042 3125 omnes
2091 3067 2382 3142 Epistolas
2428 3068 2478 3123 d.
2524 3066 2694 3124 Pauli
2742 3065 2985 3123 concin-

486 3175 754 3228 natorem
779 3193 792 3241 ;
841 3171 939 3248 qui
988 3191 1192 3229 sensus
1238 3169 1422 3246 magis
1464 3175 1747 3246 tangunt,
1797 3191 1971 3248 quam
2017 3171 2337 3246 explicant.

552 3481 610 3559 ξ.
662 3482 805 3546 149.
855 3477 919 3542 S.
971 3477 1284 3543 Codicis
1333 3480 1836 3562 exposit-ores
1883 3481 2362 3551 ,scholastici‘
2409 3486 2485 3541 et
2531 3479 2902 3557 ,mystici.‘

695 3708 988 3767 Saeculo
1034 3712 1297 3768 decimo
1344 3716 1413 3768 et
1458 3711 1680 3768 tertio
1719 3711 1775 3768 S.
1810 3709 2143 3770 Literarum
2188 3709 2384 3767 studia
2413 3710 2477 3765 in
2508 3709 2766 3766 deterius
2813 3709 2984 3783 lapsa

486 3815 611 3872 eius
666 3815 943 3889 temporis
990 3819 1167 3896 testes
1215 3820 1580 3894 queruntur:
1648 3817 1788 3892 ,qui
1850 3815 1922 3871 in
1987 3813 2446 3872 monasteriis
2504 3812 2978 3882 erudiuntur,

487 3920 659 3976 adeo
706 3920 924 3977 stulti
970 3925 1478 3994 perseverant3
1542 3924 1621 3977 ut
1682 3918 2060 3978 literarum
2105 3939 2271 3977 sono
2318 3918 2648 3976 contenti
2695 3918 2980 3976 nullam

486 4025 566 4081 de
608 4024 1127 4098 intelligentia
1172 4045 1413 4083 curam
1458 4027 1859 4082 assumant‘.
1911 4025 2088 4082 Salva
2133 4030 2331 4083 tamen
2377 4028 2443 4080 et
2482 4023 2715 4097 integra
2760 4023 2980 4080 mansit

483 4147 661 4202 penes
692 4111 953 4202 singulos
985 4128 1049 4185 in
1081 4129 1378 4186 tradendis
1411 4133 1469 4186 et
1500 4129 1861 4203 exponendis
1893 4129 1950 4186 S.
1986 4128 2303 4203 Scripturis
2333 4127 2577 4204 peritia3
2611 4128 2765 4205 quod
2799 4125 2976 4184 nem'o

485 4232 709 4290 inficias
743 4232 869 4303 ibit,
896 4233 997 4310 qui
1020 4233 1371 4307 scriptorum
1400 4232 1578 4289 huius
1602 4232 1821 4290 saeculi
1849 4252 2026 4306 opera
2050 4233 2328 4290 excutiet.
2361 4229 2475 4292 Qui
2510 4231 2743 4308 quidem
2778 4251 2982 4290 omnes

484 4338 595 4394 hoc
616 4337 734 4392 suis
758 4336 1077 4395 lectoribus
1099 4336 1485 4413 praecipiunt,
1512 4340 1577 4393 ut
1601 4337 1808 4394 Libros
1837 4337 2038 4394 Sacros
2063 4338 2131 4394 U.
2159 4336 2225 4394 F.
2255 4337 2426 4392 iuxta
2447 4335 2810 4406 historicam,
2835 4334 2981 4394 alle-

487 4441 741 4514 goricam
780 4447 840 4497 et
872 4440 1149 4510 moralem
1194 4441 1317 4498 sive
1362 4440 1783 4516 tropologicam
1830 4440 2288 4513 intelligentiam
2336 4443 2695 4497 scrutentur.
2761 4441 2980 4497 Occur-

486 4549 628 4600 runt
671 4545 768 4600 hic
815 4545 1127 4602 memoriae
1157 4545 1266 4603 viri
1307 4545 1828 4620 praestantissimi:
1877 4545 2226 4602 Albertus
2258 4547 2338 4602 M.
2373 4545 2542 4602 Dom.
2579 4547 2686 4620 Ep.
2721 4546 2972 4614 Ratisb„
