3309 5300
594 403 719 469 128
1313 417 1547 458 comment.
1578 416 1631 458 de
1657 417 1702 458 S.
1723 417 1880 468 Script.
1911 429 2004 470 cap.
2034 428 2121 458 sec.
2151 419 2278 460 tract.
2307 417 2341 458 1.

596 591 675 641 ed.
701 591 792 639 IV.
823 591 999 641 Havn.
1028 593 1177 640 1776.
1203 608 1253 656 p.
1284 593 1399 640 113.
1426 621 1493 628 -—
1516 595 1750 642 meritus.
1795 593 1839 640 B
1858 594 2145 659 engelio,
2185 593 2382 642 Introd.
2422 594 2477 641 in
2517 591 2704 642 Crisim
2731 593 2796 642 N.
2822 593 2888 641 T.
2914 609 2970 657 p.
3003 594 3081 641 71.

593 677 793 726 iudice:
822 694 928 738 „ex
962 679 1348 727 coniectura
1384 678 1744 744 diffingere
1781 663 2122 741 sustinuit,
2151 679 2462 744 praesertim
2499 680 2555 728 in
2581 679 2811 728 editione
2839 683 3082 743 quarta.“

595 762 843 812 Ceterum
880 765 1105 813 Bezae
1143 765 1417 826 editiones,
1469 781 1605 830 quae
1644 766 1855 830 quidem
1893 783 2018 816 vere
2054 766 2196 815 illius
2233 772 2356 815 sunt
2381 794 2448 800 —
2485 767 2611 830 quia
2646 765 2827 830 plures
2866 766 3085 830 spuriae

594 851 1033 900 circumferuntur
1066 879 1133 886 -
1168 853 1456 917 quinque
1492 853 1774 902 habentur.
1812 855 1992 902 Prima
2021 868 2067 902 a.
2103 854 2252 902 1556.
2304 853 2554 902 Genevae
2593 853 2734 915 exiit,
2775 858 2829 901 et
2865 852 3083 901 nonnisi

592 937 877 1002 Vulgatam
918 943 969 986 et
1004 952 1197 986 novam
1234 938 1412 987 Bezae
1458 940 1522 988 N.
1560 939 1621 988 T.
1670 941 1968 988 versionem
2017 956 2136 988 cum
2182 940 2419 988 eiusdem
2469 939 2907 989 annotationibus
2963 954 3084 987 con-

594 1025 741 1072 tinet.
796 1024 1056 1089 Reliquae
1096 1039 1353 1073 annorum
1394 1027 1543 1076 1565.
1579 1027 1728 1076 1582.
1762 1029 1909 1076 1589.
1940 1029 2090 1076 1598.
2137 1027 2362 1075 Textum
2400 1027 2528 1076 dant
2564 1042 2813 1091 graecum
2854 1027 2924 1075 ab
2965 1026 3081 1090 ipso

593 1111 739 1160 Beza
787 1111 1083 1160 formatum.
1154 1112 1430 1162 Editiones
1485 1113 1663 1162 Bezae
1718 1115 1960 1177 quamvis
2017 1127 2286 1178 magnam,
2356 1113 2498 1178 apud
2551 1129 2590 1162 s.
2647 1112 2694 1162 d.
2743 1113 3086 1162 Reformatos

593 1197 865 1261 imprimis,
914 1204 1105 1246 nactae
1154 1199 1261 1248 sint
1304 1200 1700 1262 auctoritatem3
1753 1199 1821 1248 ad
1859 1204 2060 1248 textum
2095 1205 2275 1249 tamen
2307 1200 2370 1249 R.
2409 1198 2665 1264 Stephani
2700 1199 2877 1248 redire
2916 1200 3086 1247 satius

593 1285 764 1332 visum
812 1289 893 1333 est
938 1285 1059 1332 viris
1108 1285 1295 1333 harum
1343 1301 1515 1334 rerum
1560 1269 1767 1350 'per-itis.
1827 1286 2154 1334 Elzevirii
2201 1287 2393 1336 famosi
2441 1285 2776 1350 Typothetae
2821 1283 3082 1350 Lugduni

594 1369 918 1419 Batavorum
944 1370 1067 1420 inde
1094 1371 1161 1420 ab
1189 1386 1237 1420 a.
1268 1373 1417 1421 1624.
1444 1373 1507 1420 N.
1534 1373 1595 1420 Τ.
1622 1372 1816 1421 Libros
1855 1374 2018 1422 variis
2045 1373 2366 1422 editionibus
2395 1372 2754 1433 excoluerunt,
2795 1386 2938 1436 quae
2967 1385 3088 1419 cum

596 1457 663 1505 ob
702 1461 945 1521 typorum
982 1459 1380 1522 praestantiam,
1413 1462 1530 1523 ,tum
1556 1458 1623 1507 ob
1652 1474 1834 1508 curam
1860 1460 1913 1508 in
1940 1459 2282 1508 emendandis
2319 1461 2506 1508 naevis
2543 1458 2850 1519 adhibitam,
2891 1458 3083 1506 merito

595 1545 958 1593 aestimantur.
1019 1545 1093 1592 Hi
1130 1545 1357 1608 quidem,
1394 1544 1481 1593 vel
1527 1546 1706 1609 potius
1745 1545 1808 1594 A.
1845 1545 2134 1610 Thysius
2185 1547 2534 1611 praefationis
2575 1550 2774 1607 auctor,
2826 1545 3086 1593 alterae

596 1629 905 1691 editioni,
958 1646 1096 1694 quae
1134 1631 1353 1696 vulgata
1400 1636 1479 1681 est
1524 1646 1573 1680 a.
1613 1633 1765 1681 1633.
1815 1631 2114 1696 praelocuti
2163 1638 2288 1682 sunt
2323 1633 2528 1682 verbis:
2583 1633 2888 1692 „Textum
2927 1645 3086 1695 ergo

595 1716 717 1765 hab
736 1732 799 1766 es
854 1733 1025 1766 nunc
1080 1719 1159 1767 ab
1217 1719 1513 1767 omnibus
1569 1723 1930 1784 receptum3
1985 1721 2050 1768 in
2105 1735 2233 1783 quo
2287 1718 2459 1767 nihil
2511 1719 2918 1767 immutatum
2973 1721 3088 1765 aut

597 1808 973 1867 corruptum
1012 1804 1285 1854 damus.“
1333 1804 1465 1854 Inde
1492 1806 1704 1854 nomine
1737 1805 1854 1866 „Re
1870 1809 2152 1870 ceptae“,
2193 1805 2335 1871 quod
2359 1804 2522 1870 paulo
2554 1809 2676 1868 post
2698 1803 3085 1865 invalescebat,

593 1889 731 1938 inter
769 1889 1003 1939 eruditos
1041 1895 1169 1939 nota
1196 1891 1408 1940 exstitit.
1447 1891 1703 1951 Quamvis
1731 1920 1796 1927 —
1821 1897 1881 1941 ut
1915 1893 2052 1942 bene
2085 1897 2264 1941 monet
2299 1890 2628 1952 Lachmann,
2667 1891 2730 1938 N.
2757 1891 2818 1938 T.
2844 1890 2886 1938 Ι.
2922 1905 3002 1953 pr.
3030 1905 3085 1954 p.

594 1978 641 2024 3.
669 1977 717 2024 4.
744 2005 810 2011 —
834 1962 866 2024 e
905 1976 1229 2040 Stephanica
1266 1981 1319 2025 ct
1345 1978 1521 2026 Bezae
1558 1979 1724 2027 mixta
1759 1979 1864 2027 ista
1899 1984 2115 2043 recepta
2152 1979 2310 2027 editio
2349 1979 2529 2042 potius
2577 1975 2960 2040 „vulgaris“,
2997 1975 3089 2024 vel

593 2061 887 2126 plebeia,
925 2063 1012 2112 vel
1058 2064 1288 2128 denique
1339 2064 1653 2126 tolerata,
1711 2081 1828 2114 cum
1871 2067 1959 2114 vix
2012 2065 2394 2115 tolerabilis
2431 2067 2516 2127 sit,
2564 2065 2757 2113 rectius
2796 2063 3083 2112 diceretur.

595 2147 846 2198 Certatim
889 2151 1057 2199 secuti
1094 2155 1217 2198 sunt
1240 2150 1633 2200 Elzevirianam
1671 2157 1861 2216 postea
1892 2153 2146 2217 editores3
2185 2153 2336 2217 isque
2363 2153 2564 2201 Textus
2589 2153 2645 2200 in
2671 2156 2829 2200 coetu
2865 2149 3087 2199 acatho—

501 2275 509 2280 .
594 2235 695 2284 lico
733 2241 939 2284 tantum
977 2237 1118 2300 apud
1154 2237 1345 2286 multos
1384 2239 1719 2287 auctoritatis
1757 2239 1965 2303 habuit;
2004 2243 2064 2288 ut
2095 2241 2184 2304 qui
2213 2240 2280 2289 ab
2309 2255 2370 2288 eo
2398 2238 2710 2299 discederet,
2749 2237 2893 2285 haud
2921 2237 3088 2285 dubie

592 2338 931 2386 corrumpere
970 2322 1194 2388 Spiritus
1233 2322 1417 2373 Sancti
1455 2325 1621 2373 verba
1657 2325 1939 2374 videretur.
1989 2326 2192 2375 Multae
2231 2327 2389 2375 etiam
2426 2323 2641 2374 saeculo
2679 2323 2850 2372 XVII.
2889 2338 3086 2386 procu·

592 2415 739 2458 ratae
790 2415 913 2458 sunt
961 2410 1246 2474 editiones,
1304 2426 1527 2474 quarum
1575 2411 1726 2460 nulla
1763 2428 1881 2460 cum
1920 2412 2088 2461 altera
2122 2414 2323 2478 ubique
2361 2411 2640 2461 consentit.
2705 2409 2934 2458 Saeculo
2984 2409 3092 2458 hoc

590 2497 759 2544 XVII.
806 2497 1014 2545 interim
1053 2497 1309 2546 editiones
1358 2497 1651 2546 Bibliorum
1700 2496 2037 2563 Polyglottae
2073 2500 2479 2549 Parisiensis
2533 2499 2686 2546 1645.
2744 2501 2796 2545 et
2846 2496 3088 2545 Londi-

592 2585 817 2632 nensis
860 2585 1027 2645 1657„
1068 2583 1211 2632 haud
1250 2599 1434 2648 parum
1474 2585 1813 2634 contulerunt
1849 2584 1912 2633 ad
1954 2587 2126 2634 fontes
2164 2587 2560 2650 antiquissimos
2599 2584 2800 2632 Textus
2830 2582 2882 2633 S.
2920 2584 2986 2632 N.
3024 2583 3088 2632 Τ.

592 2674 803 2736 penitus
842 2672 1256 2736 cognoscendos.

700 2918 757 2993 ξ.
806 2917 907 2979 55.
958 2913 1566 2977 Discutiuntur
1612 2914 2045 2977 editiones
2092 2914 2172 2978 N.
2221 2914 2317 2997 T„
2368 2936 2572 2999 quas
2618 2920 2972 2993 vocant,

1614 3028 2042 3109 ,criticae‘.

795 3212 1075 3261 Indefessa
1111 3212 1361 3261 librorum
1402 3228 1563 3261 manu
1602 3218 1653 3261 et
1692 3214 1830 3277 typis
1868 3212 2249 3277 descriptorum
2289 3212 2598 3261 collatione:
2637 3208 2855 3259 saeculo
2881 3209 3083 3257 XVIII.

590 3300 825 3359 ineunte,
863 3300 926 3347 N.
955 3301 1016 3348 T.
1048 3301 1188 3364 cepit
1213 3300 1281 3347 ad
1308 3305 1477 3349 certas
1503 3300 1649 3365 leges
1679 3301 1954 3363 constitui3
1995 3315 2058 3348 ex
2087 3316 2188 3364 quo
2220 3304 2454 3363 tempore
2479 3298 2720 3346 Joannes
2757 3295 2932 3356 Fell,
2973 3294 3084 3343 edi-

592 3387 721 3434 tioni
760 3402 889 3436 suae
929 3402 1087 3451 quam
1126 3387 1362 3436 Oxonii
1402 3404 1429 3435 e
1463 3387 1694 3436 Theatro
1726 3386 2118 3435 Scheldoniano
2149 3388 2297 3434 1675.
2337 3385 2508 3433 emisit
2531 3384 2596 3433 N.
2623 3384 2700 3445 T„
2728 3377 3082 3432 variantes

589 3472 947 3535 lectioneS,
1001 3490 1063 3522 ex
1113 3474 1231 3539 plus
1273 3476 1387 3523 100.
1428 3489 1548 3524 mss.
1588 3474 1704 3523 cod.
1745 3478 1798 3522 et
1834 3474 2065 3537 antiquis
2104 3472 2438 3521 versionibus
2483 3470 2736 3519 collectas
2789 3469 3079 3517 adiecerat.

593 3558 965 3609 Successorem
1002 3564 1191 3609 nactus
1230 3565 1324 3621 est,
1378 3561 1549 3609 virum
1586 3558 1986 3609 solertissimum
2021 3560 2072 3609 J.
2111 3559 2411 3607 Millium.
2466 3557 2518 3606 J.
2556 3556 2758 3605 Millius
2797 3554 3082 3619 theologus

594 3646 928 3707 Oxoniensis,
952 3662 1060 3694 non
1086 3651 1286 3695 tantum
1310 3646 1607 3709 apparatui,
1636 3648 1726 3711 qui
1748 3645 2024 3709 hucusque
2051 3644 2341 3706 codicibus,
2367 3643 2702 3693 versionibus
2732 3647 2843 3691 ets.
2860 3641 3083 3690 Patrum

592 3734 802 3798 scriptis
844 3738 1126 3797 congestus
1174 3734 1365 3793 fuerat,
1416 3733 1604 3781 eximie
1652 3731 2028 3797 locupletando
2069 3732 2360 3793 consuluit3
2412 3731 2506 3779 sed
2553 3731 2710 3779 etiam
2755 3728 2994 3777 indolem
3033 3732 3084 3776 et

597 3821 993 3869 auctoritatem.
1022 3820 1233 3880 testium
1285 3820 1585 3868 criticorum
1642 3819 1943 3867 accuratius
1978 3818 2270 3882 indagavit.
2325 3816 2558 3867 Assidua
2611 3816 2888 3880 diligentia
2939 3814 3083 3862 vari-

592 3911 743 3955 antes
798 3908 985 3956 3Ο.ΟΟΟ
1047 3905 1300 3956 lectiones
1351 3906 1629 3971 collegisse
1691 3905 1936 3954 creditur.
2009 3905 2094 3954 De
2140 3903 2360 3953 historia
2414 3904 2616 3952 Textus
2668 3902 2733 3952 N.
2784 3901 2844 3950 T.
2904 3901 3085 3950 sobrie

591 3992 880 4056 disputavit
915 3994 969 4041 in
1008 3992 1418 4057 prolegomenis3
1456 4022 1523 4029 —
1560 3992 1854 4041 eruditione
1893 4005 2051 4055 quam
2097 3991 2323 4039 maxime
2361 3991 2652 4054 conspicua
2688 3987 3084 4052 Prolegomena

590 4078 834 4127 Milliana
888 4094 1125 4127 seorsum
1181 4066 1369 4140 edidit,
1425 4080 1674 4143 notisque
1728 4077 2012 4126 illustravit
2056 4077 2124 4129 D.
2163 4075 2486 4126 Salthenius.
2535 4076 2774 4139 Regiom.
2812 4074 2904 4122 IV.
2953 4073 3084 4123 diss.

594 4167 743 4214 1733.
771 4168 819 4213 4.
848 4194 907 4200 -
938 4166 1030 4214 ubi
1068 4170 1245 4214 tamen
1283 4166 1499 4230 saepius
1532 4180 1565 4213 a
1598 4180 1656 4213 se
1690 4166 1806 4229 ipso
1847 4164 2127 4227 discrepat,
2167 4179 2229 4211 eo
2265 4162 2409 4227 quod
2448 4162 2626 4210 aliena
2663 4176 2878 4225 quoque
2918 4174 3086 4224 opera

591 4252 647 4299 in
694 4250 799 4300 illis
849 4250 1191 4300 conficiendis
1240 4256 1489 4300 uteretur.
1566 4250 1764 4299 Millius
1816 4250 2024 4314 quidem
2077 4250 2372 4313 triginta
2425 4262 2684 4297 annorum
2732 4246 2977 4295 laborem
3028 4247 3084 4293 in

592 4337 876 4386 editionem
926 4352 1077 4385 suam
1124 4337 1407 4401 impendit,
1468 4352 1604 4401 quae
1656 4336 2053 4401 quatuordecim
2105 4336 2315 4383 circiter
2363 4334 2476 4383 dies
2533 4338 2656 4383 ante
2708 4334 2822 4381 eius
2877 4333 3082 4381 obitum

593 4423 788 4472 Oxonii
829 4425 977 4474 1707.
1016 4425 1069 4471 in
1108 4423 1235 4473 folio
1276 4423 1517 4487 adspexit
1551 4423 1742 4483 lucem,
1784 4422 1953 4471 altera
1991 4421 2150 4470 editio
2188 4422 2334 4469 faeta
2371 4425 2452 4469 est
2485 4419 2756 4483 locuplete
2794 4418 2916 4467 XII.
2955 4433 3081 4467 mss.

592 4509 877 4559 collatione
918 4525 951 4558 a
986 4509 1267 4573 Rudolpho
1306 4497 1862 4558 KustermAmstel.
1893 4510 2042 4557 1710.
2078 4507 2278 4556 Millius
2306 4521 2338 4554 a
2363 4506 2616 4555 mutando
2655 4506 2831 4554 Textu
2869 4520 3082 4554 omnem

592 4595 848 4644 abstinuit
897 4610 1135 4656 manum,
1190 4597 1399 4644 tertiam
1448 4594 1704 4659 Stephani
1753 4593 2036 4643 editionem
2091 4594 2324 4657 repetiit3
2383 4592 2697 4641 collectione
2754 4592 3082 4641 variantium
