3309 5300
1167 442 1229 485 De
1257 441 1540 485 Vei-sionibus
1569 443 1757 485 Latinis.
2580 429 2707 497 203

235 623 283 667 et
316 618 648 683 pinguedinis
696 618 871 668 olivae
906 616 1109 669 fierent.
1153 619 1304 669 Rom.
1347 622 1427 683 11,
1467 622 1549 669 17.
1612 619 1750 669 Cum
1791 621 1975 685 itaque
2018 620 2077 669 in
2120 620 2268 670 Urbe
2313 621 2708 685 provinciisque

236 703 643 755 occidentalibus
690 705 1049 755 Romanorum
1092 708 1312 771 imperio
1352 708 1606 756 subiectis
1642 706 1924 757 Ecclesiae
1972 712 2317 773 exsurgerent
2355 707 2706 770 Christianae,

234 797 289 840 ut
322 791 503 856 lingua
535 792 681 841 hisce
719 794 1005 857 provinciis
1048 793 1339 842 vernacula
1376 792 1541 843 Sacra
1565 794 1801 858 Eloquia
1833 794 2246 859 divulgarentur,
2274 810 2554 843 necessum
2591 794 2706 843 fuit.

235 879 389 928 Haud
428 877 701 943 ecquidem
737 878 1183 929 dissimulavimus
1220 880 1289 930 H.
1315 880 1377 929 R.
1403 880 1471 929 D.
1508 880 1573 929 N.
1599 880 1662 929 Τ.
1694 897 1744 944 p.
1773 881 1889 930 282.
1929 896 1987 942 3.,
2026 880 2311 945 plerosque
2349 880 2708 929 Romanorum

234 980 421 1029 graeca
466 966 643 1031 legere
694 969 747 1014 et
794 964 1091 1031 intelligere
1139 968 1405 1031 potuisse3
1454 968 1511 1015 in
1559 981 1668 1031 qua
1703 970 1762 1015 ut
1799 967 2013 1017 abunde
2062 966 2288 1017 vidimus
2324 984 2376 1031 p.
2418 969 2534 1018 160.
2584 967 2709 1017 olim

234 1053 328 1101 iam
365 1052 605 1117 pluribus
643 1056 767 1101 ante
807 1051 1005 1101 Christi
1041 1058 1211 1101 ortum
1248 1051 1535 1103 humanum
1576 1054 1774 1103 exstitit
1809 1054 1872 1103 V.
1912 1053 1974 1103 Τ.
2013 1055 2286 1103 notissima
2321 1054 2486 1103 LXX.
2524 1069 2710 1103 senum

234 1138 515 1189 translatio,
589 1139 789 1188 Verum
839 1137 1078 1189 Graecus
1126 1140 1191 1188 V.
1228 1139 1290 1188 Τ.
1334 1145 1387 1188 et
1432 1140 1497 1188 N.
1534 1139 1595 1188 T.
1645 1144 1840 1201 textae,
1890 1141 2065 1192 ubivis
2113 1140 2367 1203 locorum,
2420 1140 2708 1190 erudiendo

235 1225 659 1291 instituendoque
695 1225 893 1291 populo
930 1227 1187 1275 inservire
1224 1227 1437 1275 minime
1474 1231 1710 1291 poterat3
1751 1227 1877 1291 quia
1911 1226 2066 1292 lapsu
2096 1228 2348 1292 temporis
2385 1228 2552 1276 maior
2587 1241 2712 1291 pars

236 1312 461 1375 illorum,
534 1313 697 1362 uibus
734 1312 977 1362 doctrina
1015 1312 1331 1378 evangelica
1366 1313 1745 1363 annuncianda
1781 1316 1919 1374 erat,
1959 1318 2012 1363 et
2053 1312 2191 1362 hanc
2227 1329 2440 1378 quoque
2475 1314 2714 1378 linguam

238 1399 523 1463 ignorabat.
560 1400 719 1449 Licet
744 1401 884 1449 enim
910 1404 1018 1449 tum
1043 1402 1101 1449 in
1122 1399 1295 1462 Italia,
1320 1400 1523 1449 Romae
1547 1401 1820 1465 imprimiS,
1846 1400 2042 1449 multus
2067 1415 2292 1465 graecae
2315 1400 2531 1465 linguae
2554 1400 2716 1449 fuerit

238 1502 371 1548 usuS,
411 1501 516 1536 non
552 1492 734 1537 tamen
769 1487 986 1551 reliquis
1022 1486 1234 1551 populis
1271 1492 1380 1535 tam
1415 1486 1517 1535 suit
1554 1486 1848 1549 familiaris,
1885 1502 1985 1535 nec
2020 1487 2276 1536 Romanis
2313 1487 2592 1551 quibusvis
2637 1488 2714 1536 ita

238 1574 495 1638 frequens,
532 1579 593 1623 ut
630 1575 789 1623 etiam
825 1574 969 1623 rudis
1006 1574 1291 1639 plebecula
1325 1574 1487 1623 libros
1530 1575 1847 1639 graecanico
1879 1588 2128 1632 sermone
2157 1575 2379 1638 scriptos
2407 1574 2536 1622 satis
2561 1573 2714 1622 intel-

237 1660 431 1725 ligeret.
488 1662 565 1711 Ut
608 1662 789 1725 itaque
826 1661 1063 1710 Verbum
1097 1661 1203 1709 Dei
1240 1662 1491 1725 scriptum
1530 1661 1800 1723 omnibus,
1842 1662 1933 1725 qui
1967 1661 2115 1709 Latii
2148 1659 2374 1723 idioma,
2412 1676 2510 1725 per
2544 1664 2714 1709 totum

242 1763 339 1812 qua
382 1748 489 1799 late
535 1750 712 1813 patuit
760 1747 957 1797 Orbem
992 1748 1294 1798 Romanum
1342 1747 1555 1813 populis
1604 1747 1990 1812 loquebantur,
2039 1748 2222 1812 lingua
2255 1748 2386 1812 ipsis
2423 1747 2714 1797 vernacula

242 1850 537 1899 expressum
587 1835 826 1885 exhiberi
872 1836 1066 1900 possit:
1117 1836 1224 1883 iam
1267 1850 1300 1883 a
1335 1836 1518 1899 primis
1568 1849 1726 1885 aerae
1778 1833 2097 1884 christianae
2145 1836 2470 1900 temporibus
2519 1815 2714 1899 reperti

243 1926 354 1970 sunt
376 1923 491 1985 viri,
533 1923 625 1988 qui
662 1923 763 1972 sibi
786 1922 842 1971 id
870 1921 1117 1986 religioni
1152 1923 1433 1984 duxerunt,
1470 1927 1529 1971 ut
1566 1922 1617 1971 S.
1647 1921 1700 1971 S.
1737 1922 2202 1986 interpretationes
2241 1921 2532 1971 conderent
2567 1921 2713 1969 Lati-

242 2024 354 2070 nas,
405 2013 569 2075 atque
606 2010 684 2058 sic
720 2009 791 2058 ad
827 2009 1140 2057 Latinorum
1178 2024 1388 2073 quoque
1434 2009 1657 2058 haustus
1694 2007 1820 2057 illae
1855 2009 1911 2056 in
1946 2009 2110 2057 vitam
2154 2013 2427 2057 aeternam
2463 2007 2716 2057 salientes

244 2110 404 2160 aquae
443 2094 799 2146 decurrerent.
851 2095 1003 2156 Quae
1038 2111 1164 2145 vero
1193 2111 1259 2144 ex
1281 2096 1396 2145 istis
1426 2094 1756 2161 temporibus
1794 2094 1970 2145 adhuc
2007 2099 2294 2159 supersunt
2326 2096 2438 2143 sive
2473 2096 2715 2159 integrae

243 2184 513 2246 versiones,
566 2184 677 2232 sive
713 2184 1020 2233 versionum
1054 2182 1369 2247 fragmenta,
1407 2184 1593 2232 merito
1634 2183 2034 2249 antiquissimae
2071 2180 2397 2246 salutantur3
2447 2180 2710 2245 siquidem

246 2270 411 2333 primis
450 2274 505 2319 et
541 2270 923 2335 antiquissimis
958 2269 1285 2335 temporibus
1322 2274 1483 2319 natae
1520 2274 1657 2318 sunt.

1104 2566 1161 2644 ἓ.
1211 2567 1313 2631 89.
1371 2561 1492 2626 De
1538 2560 1827 2645 ,Itala‘.

440 2753 610 2818 Cum
640 2752 1005 2837 Evangelii,
1053 2751 1329 2838 amplius
1373 2752 1441 2815 in
1476 2751 1614 2815 dies
1662 2752 2041 2834 annuntiati,
2087 2753 2524 2836 incrementis,
2572 2776 2721 2838 pro-

254 2863 354 2928 diit
395 2865 726 2952 aliquanto
774 2875 1069 2950 tempore
1116 2875 1267 2950 post
1303 2886 1579 2948 magnus
1611 2865 2060 2950 interpretum,
2109 2865 2219 2949 qui
2252 2864 2316 2929 S.
2352 2864 2722 2952 Scripturas

252 2975 430 3043 latine
478 2979 835 3044 redderent
870 3001 1179 3043 numerus
1207 2981 1245 3041 1.
1292 2977 1542 3042 Verum
1580 2977 1835 3041 illarum
1865 2979 2240 3041 versionum
2283 2978 2620 3063 plurimae,
2652 2986 2724 3040 ut

252 3094 580 3176 repentino
617 3100 763 3156 ortu
807 3100 1001 3154 natae
1047 3091 1327 3174 fuerant,
1373 3091 1465 3154 ita
1508 3099 1657 3176 post
1686 3091 1889 3154 vitam
1926 3111 2060 3152 non
2092 3089 2462 3152 diuturnam
2509 3087 2721 3152 subito
2797 3180 2802 3184 .

258 3225 481 3270 occasu
527 3214 953 3270 evanuerunt.
1016 3203 1149 3268 Sed
1196 3226 1275 3267 ea
1320 3202 1459 3268 sola
1491 3225 1812 3268 annorum
1858 3204 2092 3266 seriem
2138 3201 2422 3287 pertulit,
2471 3223 2638 3288 quae
2686 3224 2726 3264 a

256 3337 297 3380 s.
324 3316 768 3403 Augustino
793 3319 819 3361 2
862 3317 1112 3401 ,Itala‘
1158 3326 1574 3404 nuncupatur
1594 3320 1636 3400 3,
1679 3325 1744 3380 et
1776 3339 1972 3401 quam
2003 3315 2265 3400 reliquis
2295 3313 2724 3401 praetulerat3

451 3592 489 3656 ¹)
525 3591 612 3640 De
652 3606 757 3657 quo
796 3591 970 3656 questi
1018 3594 1143 3640 sunt
1180 3590 1229 3639 d.
1266 3590 1643 3654 Hieronymus,
1684 3591 1738 3638 in
1773 3589 1941 3639 Josue
1990 3589 2158 3653 praef.
2196 3589 2253 3637 in
2287 3590 2617 3655 Evangelist.
2656 3590 2727 3640 ad

258 3675 455 3728 Damas.
492 3677 663 3743 praef.
692 3683 745 3727 et
771 3675 822 3726 S.
846 3677 1195 3742 Augustinus,
1235 3677 1300 3726 de
1338 3677 1502 3727 doctr.
1530 3676 1637 3726 chr.
1665 3677 1734 3738 H,
1763 3678 1842 3724 11.
1869 3693 1920 3742 p.
1947 3677 2030 3726 42.
2073 3676 2211 3738 „Qui
2248 3676 2388 3726 enim
2426 3676 2725 3742 Scripturas

260 3777 315 3812 ex
359 3766 613 3816 Hebraea
666 3764 851 3829 lingua
902 3765 959 3813 in
1015 3763 1275 3814 Graecam
1328 3768 1627 3825 verterunt,
1683 3764 1951 3812 numerari
2004 3767 2251 3828 possunt3
2308 3763 2490 3812 Latini
2545 3769 2722 3813 autem

258 3849 559 3919 interpretes
595 3850 745 3902 nullo
782 3851 957 3902 modo.
1008 3851 1083 3902 Ut
1118 3852 1257 3900 enim
1294 3853 1485 3915 cuique
1523 3852 1706 3915 primis
1743 3849 1867 3898 fidei
1903 3851 2226 3916 temporibus
2263 3851 2318 3898 in
2354 3865 2543 3900 manus
2580 3851 2729 3900 venit

261 3939 409 3989 codex
434 3939 694 4000 Graecus,
732 3942 785 3987 et
810 3938 1196 4003 aliquantulum
1222 3937 1491 3987 facultatis
1528 3936 1633 3986 sibi
1656 3938 1934 4002 utriusque
1959 3936 2176 4001 linguae
2199 3936 2399 3986 habere
2424 3938 2722 4000 videbatur,

262 4037 402 4077 ausus
452 4031 537 4076 est
579 4027 965 4090 interpretari.“
1033 4025 1083 4091 ·²)
1123 4027 1184 4074 L.
1222 4042 1267 4074 c.
1315 4040 1432 4090 cap.
1472 4025 1553 4074 15.
1602 4024 1670 4074 de
1705 4024 1888 4073 Doctr.
1929 4023 2038 4073 chr.
2085 4041 2136 4088 p.
2183 4025 2268 4073 47.
2342 4024 2381 4090 3)
2423 4023 2726 4075 Secundum

262 4108 530 4164 lectionem
565 4113 724 4162 huius
759 4111 864 4162 loci
894 4113 1184 4178 vulgarem,
1224 4127 1382 4177 quam
1417 4117 1599 4162 tamen
1635 4111 1814 4176 plures
1851 4113 2201 4160 recentiorum
2238 4113 2552 4177 scriptorum
2587 4110 2728 4161 solli-

265 4198 491 4251 citarunt.
556 4199 663 4250 Sed
711 4198 886 4250 futilia
922 4203 1045 4248 sunt
1082 4203 1134 4248 et
1168 4201 1353 4248 inania
1388 4199 1450 4248 R.
1487 4198 1716 4262 Bentley
1761 4198 2092 4262 aliorumque
2137 4198 2487 4264 sophismata,
2537 4197 2730 4262 quibus

266 4297 289 4330 e
319 4289 458 4337 textu
497 4287 549 4336 d.
574 4286 862 4350 Augustini
898 4301 1086 4335 vocem
1114 4285 1313 4346 „Itala“
1344 4299 1646 4350 expungere
1673 4284 2005 4333 conabantur
2030 4313 2096 4320 --
2123 4301 2258 4350 quos
2291 4285 2502 4349 egregie
2541 4285 2731 4334 erroris

268 4376 478 4424 convicit
514 4373 682 4439 praef.
722 4373 791 4422 ad
826 4378 950 4422 tom.
977 4373 1073 4421 ΠΙ.
1114 4372 1439 4422 Sabatierius
1476 4388 1527 4437 p.
1558 4373 1637 4421 17.
1663 4387 1704 4420 s.
1731 4400 1796 4407 —
1825 4373 2178 4436 substituique
2215 4370 2516 4419 maluerunt
2556 4369 2730 4433 „illa“,

265 4458 338 4506 vel
371 4460 499 4522 „illa
532 4460 784 4522 Latina“‚
821 4475 871 4508 v.
897 4459 949 4509 J.
976 4459 1034 4508 C.
1060 4460 1401 4523 Mittenzwey
1437 4458 1728 4524 disputatio
1765 4450 2318 4507 Anti-Blanchiniana.
2365 4457 2512 4521 Lips.
2554 4457 2732 4520 1760.;

268 4549 344 4594 aut
377 4549 643 4609 „usitata“
688 4545 970 4611 legendum
1007 4561 1125 4596 esse
1160 4549 1563 4612 praeceperunt.
1600 4545 1651 4594 J.
1681 4544 1743 4594 G.
1780 4545 2051 4610 Kreyssig‚
2090 4545 2203 4594 obs.
2241 4543 2368 4608 phil.
2408 4558 2478 4592 cr.
2515 4544 2573 4591 in
2606 4542 2732 4593 Job.

269 4629 437 4694 39,19.
472 4650 514 4684 s.
552 4634 705 4703 Lips.
736 4635 883 4683 1802.
922 4650 971 4702 p.
1004 4637 1081 4685 10.
1140 4632 1245 4685 Sed
1282 4637 1335 4683 et
1369 4636 1574 4684 mutata
1607 4649 1742 4683 voce
1784 4632 2002 4699 „Itala“,
2038 4632 2094 4680 in
2133 4645 2504 4701 quamcunque
2543 4627 2734 4696 aliam,
