3309 5300
1156 422 1219 463 De
1248 422 1527 465 versionibus
1555 422 1741 465 Latinis.
2563 412 2690 479 225
2739 442 2752 449 ·

222 596 423 661 Sixtus
470 593 577 677 V„
635 594 879 659 laboris
938 597 1462 680 patientissimuS,
1523 598 1588 659 in
1634 596 1761 661 hoc
1827 620 1990 683 opus
2051 600 2192 684 ipse
2239 599 2688 665 ardentissime

219 708 412 773 studio
474 715 653 771 totus
710 706 1039 791 incubuit;
1110 710 1399 772 maxima
1466 708 1569 773 die
1626 719 1957 796 noctuque
2001 734 2354 796 perpessus
2400 713 2628 797 fatigia
2651 717 2688 777 ¹.

220 821 525 885 Universa
557 818 730 883 enim
756 818 820 883 S.
840 819 1055 884 Biblia
1086 829 1439 906 antequam
1471 821 1653 907 prelo
1691 824 2269 905 committerentur,
2303 824 2390 887 ad
2419 824 2690 889 verbum

216 933 508 1020 perlegit,
558 944 755 1020 atque
803 933 1261 999 adiuvantibus
1305 934 1413 997 Fr.
1446 933 1725 999 Toleto
1774 934 1838 999 S.
1878 934 1939 1001 J.
1988 944 2054 999 et
2098 935 2354 1021 Angelo
2401 936 2691 1020 Rocca,

218 1046 531 1109 delectum
579 1068 665 1109 ex
709 1046 1112 1111 variantibus
1158 1046 1546 1111 lectionibus
1578 1069 1617 1109 a
1650 1046 2128 1111 correctoribus
2161 1050 2486 1113 annotatis
2517 1051 2692 1113 insti-

217 1160 323 1221 tuit
341 1160 383 1221 2.
447 1156 645 1223 Anno
695 1158 960 1223 demum
995 1162 1181 1227 1589.
1230 1158 1295 1222 S.
1326 1158 1637 1224 Pontifex
1674 1159 1890 1223 Biblia
1931 1158 1995 1223 S.
2030 1159 2352 1244 Vulgatae
2387 1160 2489 1225 ed.
2523 1164 2693 1247 typis

218 1270 643 1347 describenda
662 1271 929 1335 tradidit
943 1272 1417 1357 typographiae
1438 1270 1864 1356 apostolicae3
1890 1272 2066 1336 unde
2087 1271 2488 1337 allaborante
2505 1283 2693 1359 typo—

215 1381 452 1468 grapho
484 1383 691 1448 Aldo
733 1386 982 1447 iuniore
1014 1422 1099 1431 -
1128 1406 1303 1448 nova
1334 1393 1401 1447 et
1430 1385 1495 1447 in
1524 1383 1741 1449 multis
1772 1395 2021 1449 mutata
2053 1385 2264 1449 forma
2295 1424 2376 1433 -—
2411 1410 2466 1450 a.
2506 1390 2692 1454 1590.

215 1499 271 1560 in
312 1495 489 1578 folio,
538 1496 745 1560 tribus
792 1499 983 1561 tomis
1030 1497 1347 1580 distincta,
1404 1498 1723 1578 exierunt,
1770 1500 2132 1583 praemissa
2174 1498 2696 1584 praeclarissima

217 1609 684 1673 Constitutione
716 1618 1034 1696 perpetuo
1067 1609 1347 1673 valitura
1364 1612 1408 1673 3.
1471 1607 1655 1674 Sixto
1691 1610 1771 1675 V.
1805 1610 2168 1675 decedente
2202 1633 2385 1695 opusS,
2417 1612 2483 1674 in
2519 1610 2696 1697 quod

215 1721 307 1784 ille
352 1720 747 1803 intenderat,
792 1722 939 1787 Deo
973 1722 1141 1785 bene
1188 1723 1453 1786 iuvante
1498 1731 1838 1807 receptum
1887 1733 2003 1789 est.
2079 1722 2259 1787 Cur?
2321 1722 2694 1787 sufficienti-

215 1834 324 1896 bus
364 1832 661 1897 destituti
700 1834 943 1899 notitiis
988 1834 1316 1899 affirmare
1362 1836 1734 1920 nequimus.
1799 1834 1933 1899 Sub
1982 1836 2232 1899 initium
2277 1834 2694 1921 pontificatus

218 1944 515 2029 Gregorii
560 1945 770 2029 XIV„
836 1947 946 2032 qui
992 1947 1078 2010 ad
1136 1948 1712 2031 congregationem
1759 1947 2293 2032 corrigendorum
2342 1946 2406 2011 S.
2454 1946 2695 2011 Biblio-

215 2080 345 2121 rum
380 2057 739 2122 editionem
768 2057 1089 2123 Sixtinam
1120 2061 1585 2144 pertinuerant,
1612 2098 1696 2107 --
1725 2068 1789 2123 et
1818 2061 1988 2124 inter
2016 2060 2135 2123 hos
2161 2058 2234 2123 C.
2263 2059 2588 2124 Carasa⁴
2610 2098 2696 2107 -

216 2169 501 2233 eiusdem
548 2171 1080 2256 suppressionem
1115 2181 1311 2256 atque
1340 2171 1847 2258 prohibitionem
1889 2172 2382 2255 consuluerunt3
2431 2181 2499 2235 at
2526 2172 2694 2236 Pon-

215 2282 369 2345 tifex
402 2282 765 2367 Gregorius
810 2283 995 2347 XIV.
1028 2320 1116 2333 --
1145 2283 1364 2348 audito
1414 2284 1607 2349 Card.
1642 2284 1720 2349 R.
1752 2284 2241 2349 Bellarmino
2273 2324 2361 2331 —
2391 2284 2456 2348 S.
2481 2284 2698 2349 Biblia

214 2395 314 2458 illa
370 2418 508 2459 non
569 2418 712 2459 esse
772 2396 1214 2482 prohibenda,
1285 2396 1402 2460 sed
1467 2400 1557 2461 ita
1625 2399 1840 2461 statim
1902 2397 2292 2481 corrigenda
2350 2398 2565 2480 iussit,
2626 2406 2700 2461 ut

215 2506 387 2571 salvo
435 2507 687 2573 honore
737 2507 901 2572 Sixti
950 2507 1032 2571 V.
1077 2508 1412 2573 Pontificis
1460 2509 1870 2575 emendatius
1915 2508 2249 2594 prodirent
2269 2512 2312 2573 ⁵.
2377 2509 2698 2593 Gregorio

215 2709 344 2758 quae
396 2694 450 2744 S.
490 2694 680 2745 Bibliis
717 2695 982 2760 Vulgatae
1032 2695 1278 2745 editionis
1326 2695 1672 2744 emendandis
1719 2696 1975 2759 incubuit,
2027 2697 2387 2745 exarabantur
2433 2697 2490 2744 in
2528 2711 2700 2744 exem·

216 2782 363 2844 plari,
403 2781 739 2846 quod-1583.
776 2782 1101 2846 Antverpiae
1136 2782 1277 2847 typis
1316 2781 1637 2846 descriptum
1674 2782 1790 2831 suit.
1829 2781 1909 2831 Cf.
1935 2781 2270 2844 Vercellone,
2307 2783 2364 2830 in
2396 2781 2551 2832 Anal.
2577 2783 2694 2832 Jur.

218 2868 407 2916 Pontis.
438 2869 589 2918 1855.
629 2885 681 2932 p.
711 2870 861 2917 1327.
900 2867 1055 2917 Circa
1079 2869 1286 2917 initium
1322 2870 1473 2918 1588.
1512 2885 1673 2933 opere
1713 2869 2078 2934 castigationis
2117 2868 2385 2931 absoluto,
2417 2867 2477 2918 C.
2505 2868 2702 2918 Carasa

218 2954 557 3004 emendatum
595 2953 845 3004 Codicem
885 2971 1086 3004 summo
1124 2953 1370 3004 Pontifici
1410 2955 1557 3004 Sixto
1595 2956 1658 3004 V.
1699 2954 1952 3004 exhibuit.

430 3042 467 3106 ¹)
510 3040 785 3102 „Quantos
834 3057 1065 3106 unquam
1118 3043 1295 3091 verbis
1345 3041 1613 3105 explicare
1662 3057 1818 3091 nemo
1873 3056 2048 3106 posse,
2105 3045 2166 3090 ut
2209 3041 2336 3090 mihi
2391 3042 2701 3106 persvadeo‚

216 3129 303 3192 qui
354 3127 515 3178 huius
564 3129 776 3193 generis
824 3128 1036 3178 labores
1086 3145 1144 3177 re
1191 3130 1313 3193 ipsa
1346 3128 1533 3177 videns
1583 3144 1693 3177 non
1739 3128 1903 3178 semel
1958 3133 2210 3193 tanquam
2257 3128 2500 3178 oculatus
2555 3130 2703 3178 testis

216 3215 526 3280 obstupui3“
579 3218 809 3264 testatur
841 3215 904 3264 A.
940 3215 1137 3277 Rocca,
1184 3215 1437 3265 Biblioth.
1473 3216 1645 3264 Vatic.
1686 3215 1786 3280 Op.
1825 3215 1894 3277 11,
1935 3217 2052 3264 273.
2126 3215 2165 3280 2)
2205 3216 2365 3270 Teste
2413 3215 2602 3266 eodem
2638 3217 2702 3265 A.

214 3301 411 3360 Rocca,
454 3301 520 3349 de
558 3299 694 3349 Sixti
728 3301 793 3349 V.
832 3300 989 3350 aedis.
1027 3302 1096 3363 11,
1136 3303 1253 3351 355.
1328 3301 1368 3367 3)
1411 3301 1767 3362 „Aeternus
1814 3302 1982 3364 ille“,
2035 3301 2283 3352 Calendis
2330 3302 2509 3352 Martii
2554 3305 2703 3353 1589.

214 3389 431 3452 scripta.
506 3387 662 3448 Quod
717 3392 891 3437 autem
948 3393 1167 3437 narrant
1220 3403 1355 3453 opus
1416 3389 1512 3438 tali
1572 3390 1779 3438 ratione
1834 3389 2152 3453 completum
2215 3394 2375 3454 atque
2432 3404 2703 3450 excusum,

216 3475 423 3524 Sixtum
471 3476 657 3524 maiori
707 3474 884 3523 adhuc
932 3490 1087 3524 usum
1124 3473 1401 3539 diligentia
1448 3491 1630 3525 rursus
1679 3476 2011 3544 expendisse,
2063 3481 2116 3525 et
2159 3475 2252 3524 ubi
2291 3475 2398 3524 alia
2435 3492 2499 3524 ex
2535 3475 2702 3540 negli-

214 3563 398 3626 gentia
456 3562 667 3624 deesse,
724 3561 830 3610 alia
882 3561 1017 3626 preli
1068 3563 1197 3611 vitio
1250 3562 1526 3626 irrepsisse
1582 3562 2044 3627 deprehendisset3
2102 3561 2426 3628 exemplaria
2482 3561 2704 3612 ulterius

214 3648 440 3697 distrahi
464 3650 698 3698 vetuisse
724 3664 963 3714 opusque
991 3648 1058 3698 ad
1083 3648 1330 3698 incudem
1368 3649 1611 3698 revocari
1644 3649 2000 3714 praecepisse,
2039 3648 2132 3697 sed
2160 3653 2327 3697 morte
2353 3653 2705 3713 praeventum

214 3750 413 3785 novam
451 3735 737 3786 editionem
774 3751 881 3784 non
929 3736 1154 3786 vidisse:
1196 3764 1259 3772 —
1295 3735 1358 3785 F.
1397 3735 1461 3785 L.
1496 3735 1792 3800 VVadding,
1831 3735 2126 3800 Scriptores
2165 3735 2379 3785 Ordinis
2416 3736 2698 3784 Minorum.

212 3823 420 3871 Romae
459 3825 611 3873 1650.
648 3840 701 3888 p.
738 3825 856 3890 319.
913 3822 971 3872 C.
1010 3823 1297 3888 Tempesti,
1344 3821 1519 3872 Storia
1556 3822 1698 3871 della
1732 3823 1844 3872 vita
1881 3822 1934 3870 di
1972 3821 2111 3872 Sisto
2148 3822 2212 3872 V.
2251 3822 2401 3871 Rom.
2442 3823 2592 3871 1755.
2630 3821 2700 3870 H.

212 3909 262 3970 4,
292 3911 379 3959 18.
402 3923 444 3958 s.
480 3908 615 3973 Ang.
638 3909 836 3971 Rocca,
862 3908 971 3958 ind.
998 3908 1157 3959 theol.
1186 3914 1238 3959 et
1262 3910 1387 3974 spir.
1418 3909 1622 3958 Romae
1650 3909 1802 3958 1719.
1829 3909 1892 3958 Τ.
1917 3909 1987 3957 11.
2014 3926 2065 3973 p.
2095 3910 2174 3957 10.
2201 3936 2268 3944 -—
2293 3907 2394 3957 hoc
2421 3908 2700 3973 ecquidem

212 3995 273 4043 A.
312 3995 391 4044 M.
427 3995 912 4061 Ungarellius,
962 3995 1128 4062 prael.
1166 3995 1215 4044 d.
1252 3997 1317 4046 N.
1354 3997 1415 4046 T.
1452 3996 1672 4046 Romae.
1714 3997 1862 4044 1837.
1903 4012 1950 4060 p.
1995 3997 2112 4044 143.
2165 4000 2218 4044 et
2251 3994 2706 4058 Vercellone,

214 4081 517 4146 Prolegom.
556 4082 626 4132 ad
663 4083 786 4132 Var.
823 4083 973 4132 Lect.
1010 4083 1073 4132 V.
1109 4084 1173 4132 L.
1210 4083 1252 4145 1,
1291 4085 1374 4132 35.
1413 4099 1455 4132 s.
1494 4099 1545 4131 n.
1587 4085 1650 4144 1.,
1700 4082 1971 4147 productis
2007 4083 2061 4130 in
2099 4082 2330 4130 medium
2378 4083 2705 4146 gravissimis

215 4170 563 4234 argumentis,
600 4168 807 4219 inficias
832 4169 997 4219 ibant.
1035 4171 1157 4220 Non
1181 4171 1419 4234 potuisse
1446 4169 1631 4219 dicunt
1656 4167 1860 4230 Sixtum
1895 4169 2183 4233 reprobare
2218 4169 2366 4218 illam
2403 4168 2705 4228 editionem,

216 4269 359 4319 quae
398 4255 749 4305 demonstrari
786 4257 900 4321 quit
936 4255 1003 4304 ad
1036 4257 1287 4306 amussim
1322 4261 1511 4305 exacta
1536 4256 1603 4305 ad
1642 4270 1900 4318 canones,
1940 4271 2073 4320 quos
2110 4256 2338 4318 ipsemet
2373 4255 2704 4317 sanciverat3

214 4357 327 4390 non
366 4347 614 4392 constare
650 4343 906 4407 profectO,
958 4343 1097 4392 hanc
1134 4343 1201 4392 ab
1237 4343 1329 4392 illo
1367 4344 1442 4392 ita
1478 4344 1776 4404 rescissam,
1823 4346 1884 4391 ut
1919 4341 2308 4406 typographica
2343 4355 2508 4404 opera
2545 4341 2705 4389 inter-

216 4429 493 4490 mittenda,
520 4429 737 4478 iusserit
761 4428 1190 4494 exemplariaque
1215 4430 1584 4494 suppresserit.
1644 4429 1685 4493 4)
1723 4428 1868 4478 Sixto
1895 4428 1959 4476 V.
1985 4429 2040 4476 in
2066 4427 2334 4493 aliquibus
2360 4427 2520 4476 rebus
2546 4427 2711 4475 refra-

217 4520 395 4580 gatus.
468 4516 509 4580 5)
546 4515 745 4564 Munus
781 4515 941 4576 istud,
993 4515 1243 4565 defuncto
1292 4517 1398 4564 iam
1442 4514 1501 4564 C.
1543 4515 1743 4566 Carasa
1790 4513 2047 4580 postridie
2093 4513 2220 4563 Idus
2257 4513 2503 4562 Januarii
2542 4514 2709 4575 1591..
2727 4555 2740 4564 .

218 4603 433 4651 comisit
470 4601 873 4652 cardinalibus:
912 4601 1142 4652 Antonio
1183 4600 1501 4651 Columna
1536 4618 1668 4664 sen.,
1707 4601 1766 4651 A.
1793 4600 2092 4662 Valiero,
2133 4599 2190 4650 C.
2221 4600 2286 4649 de
2320 4601 2606 4661 Ruvere,
2645 4598 2711 4648 do

323 4691 537 4743 Dnnko,
568 4693 686 4735 nist.
716 4693 1015 4736 Revelationis
1042 4694 1229 4735 divinae.
1259 4694 1335 4735 111.
2337 4688 2402 4738 15
