3309 5300
1169 376 1234 419 De
1262 378 1431 419 Canone
1459 378 1500 418 S.
1529 378 1693 419 Libror.
1724 378 1821 418 Vet.
1853 376 1973 419 Test.
2730 365 2811 429 31

319 555 382 603 Γ.
407 554 478 603 Η.
514 554 866 620 Reinerding,
904 553 1233 619 Theologiae
1271 554 1687 604 fundamentalis
1725 558 1979 604 tractatus
2017 554 2121 603 duo
2158 554 2386 603 Monast.
2428 555 2578 605 1864.
2616 554 2657 615 Ι,
2697 554 2814 603 268.

319 668 384 677 -
407 642 466 689 in
503 639 782 691 Canonem
819 644 944 690 sunt
978 641 1181 690 relati.“
1220 640 1581 705 Repudiatum
1617 642 1783 691 fuisse
1821 656 1855 690 a
1892 641 2195 691 Concilio
2236 656 2389 690 omne
2426 642 2562 689 inter
2600 656 2813 689 enume-

321 732 464 778 ratos
498 728 697 778 Libros
737 728 931 778 Sacros
968 728 1252 777 discrimen
1288 732 1514 777 testatur
1541 722 1698 777 Card.
1736 727 2113 791 Pallavicinus‚
2150 728 2295 779 Vera
2331 727 2556 777 Concilii
2592 728 2815 776 Triden-

317 814 414 863 tini
449 814 711 865 Historia.
738 814 898 865 Antv.
927 816 1079 864 1670.
1101 816 1143 878 Ι,
1171 817 1290 865 573,
1315 830 1565 865 narrans:
1592 816 1838 864 inventos
1863 814 2029 864 fuisse
2054 813 2329 879 theologos
2356 843 2421 850 -
2446 814 2734 863 Bertanum
2762 818 2817 863 et

319 899 694 967 Scripandum,
759 929 828 937 —
899 902 990 967 qui
1034 901 1331 952 voluissent
1385 917 1565 951 sacros
1611 902 1804 951 Libros
1856 902 1913 950 in
1960 902 2091 952 duas
2140 907 2317 967 partes
2356 900 2489 951 duce
2525 901 2815 951 Melchiore

322 986 493 1051 Cano,
535 989 602 1037 de
639 988 773 1037 locis
810 988 971 1037 theol.
1007 988 1050 1050 I,
1089 990 1138 1037 9.
1177 986 1259 1037 ed.
1296 990 1482 1038 Patav.
1523 990 1673 1038 1727.
1711 1006 1762 1053 p.
1801 990 1883 1038 31.
1922 1004 1964 1038 s.
2002 990 2205 1054 partiri.
2261 989 2464 1038 Tamen
2508 989 2659 1038 addit
2693 988 2814 1037 Pal-

317 1073 618 1124 lavicinus:
647 1076 804 1139 quia
841 1075 1089 1125 divisio
1125 1074 1287 1124 haec
1325 1076 1577 1125 firmam
1613 1076 1934 1124 rationem
1972 1092 2099 1123 non
2136 1076 2663 1139 praeseferebat,
2700 1090 2816 1125 nec

315 1176 439 1211 sua
475 1163 706 1228 specie
744 1167 967 1227 patres
1017 1161 1282 1223 allexit,
1331 1163 1439 1210 vix
1486 1165 1681 1211 nacta
1727 1161 2169 1212 laudatorem.
2201 1162 2433 1210 Proinde
2476 1163 2725 1212 Ecclesia
2760 1164 2816 1211 in

314 1247 565 1297 Concilio
604 1250 948 1299 oecumenico
997 1252 1322 1313 congregata
1358 1277 1421 1284 -
1461 1250 1540 1298 uti
1587 1250 1881 1313 generatim
1917 1249 1973 1297 in
2011 1264 2347 1313 quocumque
2394 1248 2501 1298 alio
2538 1250 2712 1315 priore
2750 1277 2815 1286 —

313 1335 635 1385 Tridentino
676 1335 903 1397 „nullo
940 1335 1136 1384 modo
1175 1336 1353 1384 fecit
1388 1336 1637 1385 Libros
1679 1334 2079 1384 Canonicos
2123 1335 2199 1383 de
2238 1351 2371 1383 non
2408 1334 2814 1398 canonicis,

312 1422 443 1471 sed
495 1427 766 1472 tantum
821 1422 1246 1483 declaravit,
1311 1422 1465 1487 quis
1520 1422 1614 1471 sit
1672 1420 2031 1471 habendus
2088 1420 2509 1484 Canonicus3
2574 1426 2640 1471 et
2691 1421 2817 1471 hoc

313 1524 456 1558 non
509 1514 796 1570 temere,
851 1524 973 1558 nec
1028 1525 1146 1574 pro
1203 1510 1584 1569 arbitratu,
1641 1508 1759 1557 sed
1814 1524 1891 1557 ex
1944 1509 2271 1557 Veterum
2326 1509 2812 1558 testimoniis.“

313 1595 783 1655 Quemadmodum
833 1595 1109 1660 praeclare
1156 1596 1402 1661 exposuit
1451 1594 1607 1644 Card.
1649 1596 1713 1643 R.
1750 1594 2123 1657 Bellarminus,
2174 1596 2241 1644 de
2287 1596 2463 1645 Verbo
2511 1596 2614 1644 Dei
2650 1595 2693 1657 I,
2736 1597 2816 1645 10.

313 1681 404 1731 ed.
441 1682 662 1747 Ingolst.
713 1700 764 1748 p.
815 1684 898 1731 52.
970 1682 1112 1732 Hinc
1162 1687 1305 1731 recte
1354 1684 1510 1731 etiam
1561 1682 1663 1731 hoc
1713 1682 1936 1731 infertur
1985 1682 2265 1740 Ecclesiae
2310 1681 2673 1731 declaratione
2710 1698 2819 1731 non

317 1768 470 1817 effici
506 1770 728 1819 Librum
765 1770 1036 1830 Divinum,
1078 1770 1169 1834 qui
1203 1773 1364 1818 antea
1400 1769 1610 1819 divinus
1647 1785 1755 1817 non
1793 1774 1909 1817 erat
1946 1797 2008 1805 -
2046 1773 2106 1817 ut
2140 1768 2253 1819 vult
2290 1769 2595 1834 Haneberg,
2639 1768 2815 1819 Offen-

313 1855 742 1921 barungsgesch.
780 1873 832 1921 p.
861 1857 979 1905 787.
1007 1884 1067 1893 -
1091 1874 1104 1919 ;
1142 1856 1236 1905 sed
1261 1856 1426 1904 Liber
1449 1856 1506 1903 in
1531 1872 1588 1905 se
1613 1856 1732 1920 ipso
1770 1856 1877 1905 iam
1900 1856 2129 1905 Divinus
2158 1872 2253 1920 per
2277 1855 2557 1905 Ecclesiae
2582 1857 2816 1905 testimo-

313 1943 470 1992 nium
507 1944 701 1993 nobis
739 1942 798 1992 fit
832 1944 1148 1993 manifestus
1185 1948 1243 1993 ut
1283 1943 1649 2008 „inspirams.“
1714 1943 1827 1991 Nec
1864 1943 2096 1992 Verbum
2133 1944 2238 1992 Dei
2282 1946 2403 2007 eget
2438 1942 2814 2005 declaratione,
2856 1927 2861 1931 ¹

313 2029 418 2078 sed
457 2045 556 2079 nos
595 2030 783 2079 eadem
823 2046 1056 2095 egemus,
1095 2034 1155 2079 ut
1189 2034 1374 2094 pateat
1409 2030 1466 2078 in
1500 2033 1711 2078 nostros
1748 2045 1893 2090 usus,
1934 2029 2076 2093 quod
2114 2034 2167 2078 et
2202 2030 2295 2079 ubi
2332 2030 2403 2079 sit
2424 2030 2661 2079 Verbum
2686 2030 2814 2079 Dei!

311 2116 469 2166 Bene
506 2118 690 2181 itaque
729 2134 794 2167 ex
831 2132 1003 2182 aequo
1042 2118 1414 2181 sapienterque
1444 2116 1742 2165 Tridentini
1777 2116 1965 2165 Patres
2003 2121 2373 2166 controversus
2410 2118 2603 2167 Libros
2642 2115 2815 2167 Cano-

311 2205 457 2253 nicis
508 2208 920 2267 accensuerunt3
967 2202 1247 2268 legemque
1296 2203 1512 2252 tandem
1548 2207 1848 2252 statuerunt
1882 2202 2147 2265 fidelibus,
2183 2209 2244 2251 ut
2280 2218 2437 2268 quam
2474 2204 2564 2268 pia
2600 2218 2665 2252 ac
2701 2204 2815 2253 diu-

315 2294 480 2340 turna
533 2292 904 2341 universorum
957 2306 990 2339 a
1045 2288 1253 2339 Christo
1309 2289 1661 2351 saeculorum,
1712 2290 2051 2355 omniumque
2100 2306 2194 2353 per
2240 2290 2585 2341 christianum
2636 2292 2816 2341 orbem

316 2377 693 2428 Ecclesiarum
726 2377 965 2427 Traditio
1004 2382 1056 2427 et
1081 2378 1312 2427 Decreta
1347 2378 1714 2427 sanciverant:
1752 2378 1951 2425 Divina
1986 2378 2277 2427 auctoritas
2314 2377 2601 2442 debitaque
2638 2378 2814 2427 Verbo

313 2465 425 2514 Dei
471 2466 668 2530 scripto
715 2463 846 2514 fides
891 2466 958 2515 iis
1003 2466 1166 2515 etiam
1210 2466 1388 2514 Libris
1425 2464 1728 2525 haberetur,
1786 2480 1919 2528 quos
1968 2469 2252 2530 praetensa
2296 2464 2705 2513 Reformatio
2759 2465 2816 2513 in

317 2551 538 2601 exilium
577 2553 734 2600 misit.
780 2551 988 2601 Eadem
1024 2566 1182 2617 porro
1223 2551 1579 2601 Sacrosancta
1616 2550 1863 2615 Synodus
1901 2568 1965 2599 ex
2000 2552 2298 2616 primitivae
2332 2551 2615 2601 Ecclesiae
2653 2567 2813 2613 more,

315 2638 609 2688 anathema
654 2638 858 2689 addidit
898 2644 1084 2689 contra
1119 2655 1228 2701 eos,
1278 2640 1368 2704 qui
1405 2639 1529 2690 huic
1567 2638 1795 2689 Concilii
1833 2638 2046 2689 decreto
2084 2639 2427 2704 pertinaciter
2464 2640 2632 2690 obniti
2669 2638 2813 2688 dein-

315 2741 448 2790 ceps
487 2727 605 2776 ausi
639 2726 854 2775 fuerint.

527 2813 705 2863 Huius
730 2815 808 2862 rei
831 2815 1110 2863 veritatem
1135 2814 1363 2879 denique
1390 2830 1497 2863 non
1523 2814 1713 2863 leviter
1737 2814 1939 2862 indicat
1962 2828 2149 2863 sensus
2177 2813 2453 2864 Ecclesiae
2490 2813 2813 2876 Graecae,

317 2913 460 2964 quae
507 2901 752 2965 quamvis
805 2905 1014 2950 vetusto
1051 2900 1335 2950 schismate
1380 2915 1414 2948 a
1457 2900 1703 2950 Romana
1746 2916 1788 2949 s.
1835 2901 1982 2949 Petri
2018 2899 2273 2948 cathedra
2320 2902 2549 2950 rescissa
2584 2903 2679 2965 sit3
2718 2902 2813 2951 ubi

317 2986 642 3036 advertisset
676 2989 732 3036 in
761 2986 945 3051 Cyrilli
969 2987 1194 3037 Lucaris
1230 2986 1572 3036 Patriarchae
1599 2986 2178 3051 Constantinopolitani
2218 2988 2519 3048 „orientalis
2553 2987 2815 3038 ecclesiae

319 3071 722 3135 Confessione,“
765 3075 908 3123 circa
943 3075 1142 3124 avitam
1179 3074 1244 3122 de
1281 3075 1490 3122 Divinis
1529 3072 1815 3139 Scripturis
1854 3073 2150 3122 doctrinam
2188 3074 2460 3139 quidpiam
2504 3076 2811 3124 innovatum

319 3176 455 3221 esse,
483 3160 711 3210 eandem
738 3162 862 3209 novi
887 3176 1050 3210 ausus
1077 3162 1378 3224 accusavit3
1406 3163 1537 3210 etin
1561 3161 1765 3226 synodo
1795 3160 2407 3224 Hierosolymitana
2443 3177 2489 3213 a.
2521 3163 2669 3211 1672.
2697 3177 2813 3227 cap.

316 3247 513 3296 va.
541 3264 591 3312 q.
613 3249 663 3296 3.
690 3251 1000 3312 sequentem
1025 3249 1467 3312 protestationem
1493 3248 1730 3298 edidit—
1753 3248 1898 3314 apud
1923 3248 2087 3297 Hard.
2114 3248 2207 3309 XI,
2231 3249 2349 3298 258.
2378 3267 2468 3297 —-:
2503 3248 2815 3310 „Ecclesiae

319 3333 633 3384 Catholicae
669 3335 911 3399 regulam
947 3340 1250 3399 sequentes,
1289 3335 1510 3384 Sacram
1547 3334 1875 3400 Scripturam
1912 3352 2005 3384 eos
2044 3350 2223 3384 omnes
2264 3335 2595 3400 appellamus
2633 3336 2815 3397 libros,

319 3437 453 3488 quos
479 3422 550 3471 ab
575 3422 889 3472 Laodicena
914 3421 1130 3486 Synodo
1159 3412 1409 3486 Cyrinus,
1435 3424 1552 3487 ipso
1580 3423 1795 3488 quidem
1822 3429 2153 3487 corrogante‚
2186 3424 2440 3487 probatos
2466 3429 2723 3484 recenset,
2748 3424 2813 3471 iis

315 3510 538 3575 insuper
575 3508 790 3571 additis,
827 3525 962 3574 quos
998 3510 1330 3574 insipienter,
1367 3511 1573 3571 inscite,
1612 3515 1708 3558 aut
1731 3511 1897 3574 magis
1924 3509 2185 3559 malitiose
2224 3511 2440 3559 vocavit
2462 3510 2813 3575 apocryphos.

319 3594 654 3660 Sapientiam
699 3596 950 3645 videlicet
999 3595 1326 3657 Salomonis,
1383 3595 1577 3646 librum
1631 3596 1669 3646 J
1672 3597 1847 3658 udith,
1902 3597 2151 3658 Tobiam,
2206 3597 2469 3646 Draconis
2524 3597 2811 3657 historiam,

321 3682 597 3733 historiam
637 3683 946 3746 Susannae,
983 3683 1371 3745 Machabaeos,
1417 3688 1469 3732 et
1507 3683 1837 3748 Sapientiam
1875 3683 2075 3732 Sirach.
2135 3684 2252 3732 Hos
2290 3684 2430 3732 enim
2466 3699 2588 3733 cum
2623 3685 2813 3734 ceteris

319 3771 564 3835 genuinis
606 3770 806 3820 Sacrae
844 3769 1151 3834 Scripturae
1187 3770 1354 3832 libris,
1394 3786 1492 3819 ceu
1531 3783 1813 3835 germanas
1852 3771 2087 3820 eiusdem
2114 3769 2419 3835 Scripturas
2457 3776 2652 3836 partes,
2690 3786 2811 3820 cen-

319 3871 495 3907 semus
554 3873 674 3907 esse
729 3857 1134 3907 numerandos.“
1210 3858 1450 3906 Tandem
1505 3857 1860 3923 pulcherrima
1914 3859 2243 3923 expositione
2305 3858 2355 3907 J.
2404 3857 2579 3906 Blan
2595 3857 2700 3906 chi
2716 3859 2813 3920 ni,

317 3945 598 3994 Vindiciae
650 3945 1043 3995 canonicarum
1099 3943 1489 4009 Scripturarum
1542 3945 1810 4010 Vulgatae
1865 3944 2064 3994 latinae
2120 3945 2382 3994 editionis.
2453 3947 2605 3995 Rom.
2658 3947 2808 3994 1740.

316 4032 484 4097 praef.
523 4049 576 4097 p.
604 4033 690 4081 40.
716 4046 756 4080 s.
794 4031 878 4081 Al.
914 4033 1284 4093 Vincenzi,
1323 4030 1357 4080 l.
1396 4048 1441 4080 c.
1478 4032 1548 4094 11,
1588 4033 1879 4082 113-122,
1927 4033 1979 4082 J.
2018 4032 2069 4082 S.
2108 4032 2522 4093 Northcote,
2564 4032 2647 4081 die
2684 4037 2813 4082 rom.

314 4119 711 4169 Katakomben.
747 4119 907 4170 Koln.
948 4119 1096 4168 1860.
1133 4119 1230 4180 ΙΠ,
1260 4121 1342 4168 93.
1369 4135 1410 4168 s.
1450 4135 1480 4168 e
1516 4120 1888 4169 vetustissimis
1924 4120 2161 4185 picturis,
2202 4119 2487 4185 sculpturis
2526 4124 2579 4168 et
2615 4121 2811 4168 numis-

313 4207 549 4256 matibus
607 4208 976 4256 auctoritatem
1031 4207 1262 4255 divinam
1313 4207 1596 4256 Librorum
1650 4208 1708 4254 in
1754 4205 1975 4256 Canone
2022 4205 2453 4256 Acatholicorum
2503 4205 2814 4256 omissorum

313 4294 724 4359 comprobatum
779 4295 1006 4343 iverunt.
1083 4293 1316 4343 Canonis
1370 4294 1532 4358 igitur
1583 4294 1865 4343 Veteris
1926 4293 2358 4343 Testamenti
2420 4294 2811 4343 auctoritas

312 4395 432 4446 per
477 4382 972 4431 successionem
1020 4380 1509 4446 Apostolorum,
1559 4381 2066 4445 Episcoporum‚
2120 4379 2571 4430 conciliorum
2630 4382 2811 4430 robo-

313 4471 462 4517 rata
511 4471 628 4517 est.
701 4468 813 4518 Nos
849 4473 1025 4517 autem
1061 4467 1238 4516 verbis
1277 4483 1318 4516 s.
1347 4467 1650 4532 Augustini,
1689 4471 1874 4516 contra
1908 4467 2169 4517 Faustum
2204 4468 2349 4529 XIII,
2391 4470 2471 4518 18.
2510 4469 2655 4529 VIII,
2692 4470 2812 4517 264.

315 4553 697 4605 confiteamur:
738 4555 849 4616 „ad
885 4556 1582 4604 commemorationem
1618 4553 1795 4604 fidei
1830 4559 2116 4604 nostrae
2164 4555 2386 4605 libros
2437 4555 2710 4604 Patrum
2751 4559 2813 4604 et
