3309 5300
553 433 677 496 184
1259 444 1493 485 Commeat.
1524 444 1577 485 de
1605 445 1648 485 S.
1671 445 1827 495 Script.
1858 457 1948 495 cap.
1981 454 2066 486 sec.
2095 444 2222 485 tract.
2252 445 2310 485 11.

550 621 796 700 attinet,
854 620 1016 682 tanti
1061 620 1322 682 maioris
1367 618 1676 682 facienda
1723 629 1820 681 est
1864 620 2029 682 haec
2075 619 2430 699 translatio,
2494 628 2736 705 quanto
2783 618 2934 703 plus
2983 621 3044 683 ei

550 736 721 796 inest
764 730 917 795 fidei
962 740 1026 793 et
1073 730 1466 815 diligentiae.
1516 731 1884 815 Integritati
1920 730 2232 795 Hebraici
2280 731 2530 795 Textus
2575 733 3043 812 testimonium,

550 847 721 909 vitiis
765 867 922 908 vero
970 842 1183 907 LXX.
1231 846 1660 929 interpretum
1709 843 2152 907 emaculandis
2196 867 2372 908 nova
2417 843 2632 909 adfert
2681 844 2980 907 remedia
3004 849 3044 907 ¹.

552 959 785 1044 Neque
847 967 1068 1020 tamen
1121 958 1396 1021 reticere
1455 957 1609 1021 licet
1669 954 1768 1039 id,
1831 956 2009 1040 quod
2070 956 2273 1042 Syrus
2332 959 2679 1042 interpres,
2744 960 3047 1043 quamvis

553 1071 759 1135 verba
792 1070 1053 1135 Graeca
1092 1092 1507 1155 summopere
1554 1092 1976 1154 persequenS,
2025 1092 2382 1155 eorumque
2427 1070 2534 1134 vel
2582 1071 3050 1156 etymologiam

555 1206 897 1269 premens3
960 1194 1182 1247 tamen
1230 1183 1313 1248 ob
1360 1182 1835 1246 vocabulorum
1889 1185 2250 1267 penuriam,
2314 1205 2444 1268 qua
2488 1182 2710 1269 lingua
2773 1184 3050 1268 Syriaca

553 1298 841 1379 laborat,
905 1297 1597 1382 saepissime'coactus
1646 1296 1768 1359 fuit
1813 1319 1941 1359 uno
1992 1295 2358 1381 eodemque
2413 1296 2738 1361 vocabulo
2787 1292 3048 1383 syriaco

555 1413 665 1493 uti,
714 1409 799 1473 ad
848 1394 1342 1493 exprimendam
1390 1432 1694 1492 magnam
1743 1408 2216 1472 vocabulorum
2265 1411 2543 1494 copiam,
2597 1431 2756 1494 quas
2804 1432 3053 1493 graeca

554 1523 776 1606 lingua
823 1532 887 1585 et
932 1544 1160 1586 sensus
1201 1532 1267 1585 et
1298 1521 1735 1606 etymologiae
1780 1521 2043 1585 vinculo
2094 1532 2408 1606 cognatas
2455 1522 2734 1607 praebet
2751 1520 2792 1584 2.
2857 1523 3049 1585 Kar-

556 1636 653 1698 ka
665 1635 871 1720 phen
888 1638 993 1699 sis
1042 1634 1303 1699 demum
1351 1637 1486 1698 sive
1532 1645 1864 1715 montana,
1915 1634 2148 1698 dicitur
2194 1634 2390 1699 editio
2439 1635 2767 1720 quaedam
2803 1633 3050 1699 Biblio-

558 1771 702 1811 rum
729 1728 1167 1832 Syriacorum,
1204 1747 1286 1811 de
1320 1771 1450 1833 qua
1481 1747 1864 1831 disputatur,
1899 1749 2062 1810 sitne
2093 1770 2328 1810 revera
2363 1750 2577 1812 versio
2613 1758 2678 1811 et
2709 1750 3052 1811 cuiusnam

556 1861 839 1925 indolis?
883 1861 990 1925 vel
1036 1861 1483 1926 tantummodo
1530 1862 1828 1925 recensio
1875 1869 1974 1937 τῆς
2020 1860 2370 1925 Peschito‘?
2430 1861 2520 1925 At
2575 1884 2722 1925 cum
2771 1885 2806 1925 e
2854 1864 3052 1926 ratio-

558 1974 749 2038 nibus
782 1973 1093 2059 gravibus
1126 1986 1459 2039 ostensum
1491 1974 1690 2041 fuerit
1708 1976 1750 2054 3,
1799 1996 1942 2037 esse
1973 1976 2094 2038 nisi
2130 1976 2583 2039 recensionem
2630 1974 3052 2060 monophysi-

558 2090 786 2170 ticam,
837 2089 1018 2151 cuius
1064 2098 1284 2152 textus
1331 2088 1838 2152 fundamentalis
1872 2097 1968 2151 est
2001 2090 2215 2152 versio
2264 2086 2623 2172 ,Simplex‘,
2672 2098 2737 2151 et
2783 2087 3054 2172 quidem

561 2223 1025 2264 ammanuense
1088 2199 1399 2265 Davide
1455 2201 1778 2264 monacho
1831 2199 2132 2264 coenobii
2196 2198 2260 2263 S.
2310 2200 2637 2263 Aaronis4
2684 2202 3054 2284 exscripta3

558 2316 627 2377 in
670 2336 941 2378 numero
1011 2313 1405 2379 Versionum
1459 2316 1863 2399 syriacarum
1923 2312 2126 2378 veluti
2188 2312 2536 2399 peculiaris
2598 2313 3054 2399 interpretatio

562 2427 816 2491 censeri
860 2450 995 2490 non
1038 2435 1256 2512 potest
1276 2430 1316 2489 5.

706 2685 764 2762 ἓ.
813 2686 913 2749 81.
983 2681 1098 2745 De
1145 2681 1830 2767 interpretatione
1879 2680 2214 2765 Syriaca
2257 2680 2335 2743 N.
2384 2680 2458 2743 F.
2505 2681 2774 2764 prisca
2835 2690 2910 2743 et

1541 2793 2072 2858 heracleensi.

770 2969 919 3032 Non
966 2967 1167 3032 multo
1214 2978 1365 3053 post
1411 2967 1775 3031 absolutam
1822 2966 2183 3052 simplicem
2229 2967 2310 3030 V.
2355 2967 2429 3031 F.
2475 2968 2867 3047 versionem,
2946 2987 3062 3028 ex-

568 3093 761 3148 eunte
808 3081 1068 3146 sacculo
1125 3081 1474 3146 secundo
1490 3131 1507 3164 ,
1568 3081 1750 3144 initio
1799 3090 1975 3144 certe
2025 3079 2268 3143 sacculi
2313 3082 2486 3144 tertii
2530 3079 2607 3142 L.
2656 3078 2735 3142 L.
2767 3079 2847 3142 N.
2882 3079 2956 3141 T.
2993 3080 3062 3141 in

568 3254 711 3319 quod
746 3253 1022 3318 interpreti
1056 3267 1184 3316 prae
1220 3252 1467 3301 manibus
1503 3250 1618 3312 fuit,
1658 3267 1841 3299 omnes
1878 3249 2002 3298 illae
2040 3253 2216 3311 notae,
2257 3248 2449 3314 quibus
2487 3249 2700 3298 codices
2737 3247 3061 3311 hexaplares

570 3343 637 3391 ab
676 3341 795 3390 aliis
834 3340 1232 3404 dignoscuntur.

780 3427 817 3493 ¹)
858 3427 964 3476 Cfr.
1002 3427 1214 3491 Bugati,
1252 3424 1419 3490 praef.
1458 3425 1526 3474 ad
1562 3426 1702 3474 Dan.
1737 3441 1787 3473 n.
1817 3426 1897 3473 17.
1923 3441 1974 3489 p.
2003 3426 2084 3473 25.
2127 3439 2167 3473 s.
2205 3424 2270 3473 V.
2295 3440 2347 3488 p.
2376 3425 2492 3472 176.
2520 3439 2562 3475 s.
2636 3422 2675 3486 ²)
2715 3423 2797 3472 cf.
2833 3423 3064 3471 Middel-

573 3515 745 3580 dorpf,
782 3513 949 3579 praef.
989 3531 1038 3578 p.
1079 3515 1161 3562 11.
1217 3512 1373 3573 Quod
1409 3512 1478 3560 ad
1514 3511 1844 3561 Psalmorum
1883 3511 2255 3561 translatorem
2291 3511 2348 3558 in
2385 3512 2562 3576 specie
2601 3511 2808 3571 attinet,
2843 3510 3064 3558 investi—

570 3603 715 3666 gatio
743 3602 999 3649 versionis
1028 3599 1286 3649 ostendit:
1326 3615 1447 3648 eum
1472 3599 1601 3648 satis
1640 3613 1832 3664 graece
1860 3598 2074 3648 doctum
2099 3613 2304 3662 suoque
2331 3598 2532 3646 muneri
2560 3611 2742 3661 parem
2769 3597 3067 3658 exstitisse3

573 3689 767 3737 Latino
806 3692 1042 3737 attamen
1079 3689 1365 3751 interprete
1402 3686 1708 3734 inferiorem
1745 3685 1927 3734 fuisse.
1990 3683 2194 3744 Quodsi
2231 3684 2376 3734 facta
2412 3682 2696 3732 collatione
2735 3688 3068 3748 compertum

574 3777 866 3825 habeamus
915 3775 1229 3835 lectionum,
1280 3788 1419 3838 quae
1468 3773 1523 3820 in
1572 3772 1789 3836 reliquis
1836 3773 2059 3821 testibus
2111 3773 2304 3821 criticis
2353 3787 2460 3820 non
2507 3771 2868 3832 inveniuntur,
2920 3770 3069 3835 apud

575 3863 764 3928 Syrum
812 3862 1172 3927 Hexaplarem
1218 3862 1307 3909 vix
1344 3873 1507 3910 unum
1562 3859 1775 3908 aliudve
1824 3860 2110 3924 vestigium
2167 3874 2309 3921 esse3
2370 3862 2547 3907 tamen
2595 3859 2652 3906 in
2699 3857 2846 3907 lucro
2900 3858 3068 3922 depu-

575 3950 794 3999 tandum
851 3953 953 4011 est,
1010 3953 1225 3998 auctum
1282 3964 1397 3997 esse
1452 3963 1728 3996 numerum
1782 3948 1996 3995 testium
2052 3940 2340 4009 eorumque
2394 3945 2656 3994 bonorum
2701 3947 2758 3994 in
2805 3947 3072 3995 varietate

572 4037 820 4086 lectionis
856 4036 919 4084 V.
958 4035 1019 4083 Τ.
1047 4034 1349 4094 iudicanda.
1402 4033 1483 4084 Of.
1508 4035 1559 4084 J.
1587 4034 1686 4082 Th.
1724 4032 2009 4094 Pliischke,
2049 4032 2114 4081 de
2149 4027 2395 4081 Psalterii
2434 4031 2646 4081 mediol.
2686 4047 2719 4082 a
2756 4032 2815 4082 C.
2853 4033 3072 4098 Bugato

577 4124 702 4173 editi
750 4122 1009 4188 peculiari
1054 4121 1234 4171 indole
1272 4122 1337 4170 ei.
1378 4137 1478 4171 usu
1528 4137 1601 4170 cr.
1638 4123 1696 4170 in
1733 4137 1831 4170 em.
1869 4125 1904 4169 t.
1943 4106 2144 4184 Pssgr.
2182 4119 2344 4168 LXX.
2394 4119 2566 4169 Bonn.
2609 4121 2758 4171 1835.
2811 4138 2862 4186 p.
2904 4121 2986 4170 16.
3029 4138 3071 4171 ε.

576 4209 619 4276 ⁸)
670 4211 717 4258 A
767 4210 1113 4259 celeberrimo
1160 4209 1495 4271 WisemanO,
1551 4207 1587 4256 l.
1639 4223 1684 4256 c.
1740 4225 1792 4272 p.
1852 4209 1965 4256 151.
2015 4223 2056 4256 ε.
2114 4209 2204 4272 qui
2257 4210 2458 4256 textum
2514 4206 2959 4272 Karkaphensem
3015 4210 3074 4256 in

579 4297 763 4348 codice
816 4297 932 4346 153.
987 4296 1282 4344 Vaticanae
1331 4295 1700 4344 Bibliothecae
1747 4295 1945 4358 primus
1998 4295 2230 4343 omnium
2281 4293 2494 4342 detexit.
2567 4293 2609 4358 ⁴)
2650 4292 2808 4353 Quod
2856 4293 3076 4358 quidem

578 4387 737 4435 situm
777 4388 857 4433 cst
891 4384 948 4431 in
984 4383 1273 4448 praecipuo
1312 4383 1424 4431 fere
1459 4381 1878 4446 Mesopotamiae
1915 4386 2094 4430 monte
2136 4379 2451 4446 „Sigara“‚
2492 4379 2631 4428 unde
2668 4396 2864 4430 nomen
2903 4397 3074 4430 mon-

576 4477 796 4533 tanae,
835 4471 964 4535 quia
1000 4486 1073 4519 sc.
1112 4471 1351 4518 recensio
1388 4471 1493 4518 ista
1528 4484 1562 4518 a
1585 4468 1850 4517 Jacobitis
1875 4469 1931 4516 in
1968 4473 2220 4516 montano
2249 4466 2522 4531 Sigarensi
2557 4466 2856 4515 adhibetur.
2897 4467 3074 4516 Wise-

578 4573 717 4620 man,
744 4558 779 4607 l.
808 4575 853 4607 e.
880 4575 932 4622 p.
959 4557 1078 4607 241.
1140 4557 1180 4621 ⁵)
1208 4557 1393 4622 Neque
1427 4556 1731 4605 Nestoriani
1765 4554 1966 4603 habent
2001 4555 2489 4619 interpretationem
2529 4552 2762 4618 aliquam
2797 4554 3076 4618 propriam

580 4650 632 4695 et
669 4660 701 4694 a
737 4644 986 4695 Peschito
1026 4643 1431 4708 discrepantem.
1479 4643 1541 4692 L.
1579 4643 1872 4702 Wiseman,
1909 4641 1944 4690 l.
1983 4657 2028 4690 c.
2067 4658 2118 4705 p.
2160 4642 2274 4689 140.
2316 4640 2362 4688 1.
