3309 5300
537 427 665 494 212
1249 436 1485 483 Commeat.
1514 433 1569 481 de
1598 442 1643 481 S.
1665 434 1824 490 script.
1854 447 1948 491 cap.
1977 450 2063 481 sec.
2094 434 2221 481 tract.
2250 431 2308 480 11.

534 638 755 679 rursus
815 614 1225 679 librariorum
1283 615 1535 679 incuria
1594 614 1918 695 vitiatum,
1985 612 2102 677 ubi
2168 634 2217 675 s.
2272 611 2718 697 Hieronymus
2776 612 3038 677 Romae

533 728 807 809 viveret,
838 726 1139 799 hortante
1172 726 1408 791 eodem
1444 726 1733 790 Damaso
1768 725 1854 790 ad
1883 724 2098 789 LXX.
2131 726 2523 811 interpretes
2556 726 2858 789 correxit.
2905 726 3046 789 Ast

539 848 793 903 tantum
841 840 1100 921 ,cursim
1146 860 1387 923 magna
1431 847 1651 901 tamen
1687 860 1772 902 ex
1816 840 2026 923 parte‘
2050 841 2089 900 ¹.
2153 836 2320 901 Cum
2364 860 2523 901 vero
2555 837 2946 929 Psalterium
2999 858 3044 899 a

536 974 606 1015 se
655 960 1020 1016 correctum
1065 973 1288 1015 rursus
1336 950 1591 1015 mendis
1630 952 1929 1014 vitiatum
1977 959 2292 1033 cerneret,
2339 959 2492 1035 post
2536 949 2780 1035 aliquot
2819 972 3042 1014 annos

534 1073 804 1148 rogatus
852 1086 893 1127 a
933 1062 1143 1127 Paula
1172 1073 1239 1127 et
1265 1061 1655 1145 Eustochi03
1704 1061 2009 1127 secundis
2055 1086 2092 1127 e
2141 1060 2400 1127 Graeco
2447 1064 2630 1145 iuxta
2675 1061 3043 1127 editionem

534 1174 1050 1262 hexaplarem
1114 1177 1284 1241 curis
1338 1175 1498 1240 illud
1555 1177 1771 1262 ipsum
1829 1176 2178 1239 recensuit.
2253 1174 2444 1239 Nova
2504 1174 2668 1239 haec
2726 1176 3038 1239 recensio

534 1290 752 1374 priore
816 1287 882 1352 S.
926 1289 1139 1351 Patris
1187 1286 1753 1352 emendationibus
1794 1289 2001 1372 magis
2042 1288 2268 1351 limata
2284 1289 2328 1370 ²,
2377 1310 2448 1352 se
2491 1289 2707 1351 statim
2735 1287 3040 1372 undique

536 1400 813 1465 diffudit.
864 1400 1167 1486 Suscepit
1212 1400 1385 1464 illam
1433 1401 1644 1465 Roma
1658 1404 1702 1483 ³,
1749 1402 1815 1463 in
1863 1400 2285 1465 Germaniam
2321 1422 2584 1486 quoque
2632 1409 2698 1463 et
2743 1398 3036 1464 Galliam

533 1515 865 1596 transiit43
932 1523 1129 1599 atque
1189 1512 1341 1575 hinc
1398 1512 1676 1577 obtinuit
1724 1535 1969 1577 ’nomen
2013 1512 2315 1576 Psalterii
2379 1511 2832 1594 Gallicani,
2894 1530 3036 1598 quo

532 1628 793 1691 nomine
839 1625 998 1689 illud
1044 1635 1241 1690 vocat
1293 1626 1551 1690 Berno
1611 1624 1883 1690 Abbas
1944 1624 2453 1711 Augiensis5.
2523 1623 3036 1689 Psalterium

536 1737 1075 1821 Gallicanum,
1142 1738 1302 1802 illud
1366 1740 1543 1803 idem
1611 1762 1755 1803 esse
1823 1741 2175 1825 reperitur,
2247 1738 2426 1824 quod
2496 1740 2692 1802 etiam
2761 1740 3036 1803 nomine

536 1850 868 1937 vulgati
911 1854 1112 1934 venit,
1162 1874 1289 1937 quo
1336 1853 1641 1916 universa
1670 1851 1972 1916 Ecclesia
2004 1850 2344 1917 Catholica
2385 1854 2608 1915 nunc⁶
2650 1854 2716 1916 in
2746 1851 3038 1937 publicis

532 2108 833 2157 Romanum
893 2107 1059 2157 edidit
1111 2107 1361 2169 Vezossi,
1418 2105 1521 2156 vol.
1571 2107 1640 2155 II.
1689 2106 1793 2171 Op.
1840 2106 1900 2157 C.
1937 2106 2226 2156 Thomasii.
2281 2108 2433 2157 Rom.
2485 2109 2636 2157 1747.
2695 2108 2779 2157 De
2835 2106 3032 2157 eodem

535 2194 827 2259 disputavit
864 2194 924 2243 A.
962 2195 1273 2255 Martinetti,
1316 2194 1443 2244 diss.
1482 2193 1548 2243 de
1584 2193 1850 2243 Psalterio
1887 2210 2016 2243 rom.
2053 2194 2206 2243 Rom.
2248 2195 2399 2243 1745.

744 2282 781 2345 1)
818 2281 994 2331 Praef.
1020 2282 1076 2329 in
1100 2280 1266 2329 Psalt.
1304 2281 1457 2331 Haec
1482 2282 1740 2331 correctio
1778 2282 1949 2345 prima
1974 2279 2044 2329 ad
2067 2279 2226 2331 fidem
2261 2295 2464 2330 mssrm.
2503 2294 2756 2345 expressa
2791 2280 3029 2330 habetur

533 2382 566 2416 a
596 2367 862 2419 Vallarsio
901 2368 1029 2418 edit.
1068 2366 1122 2417 S.
1148 2368 1475 2431 Hieronymi,
1515 2367 1615 2432 Op.
1641 2368 1708 2430 X,
1738 2370 1852 2418 107.
1879 2361 1921 2417 s.
1995 2366 2034 2432 ²)
2075 2368 2240 2431 Typis
2278 2368 2546 2431 descripta
2579 2369 2842 2431 reperitur
2877 2367 3032 2431 apud

534 2455 873 2516 Vallars'ium,
912 2454 946 2503 l.
975 2470 1020 2524 c.
1045 2455 1109 2516 X,
1141 2456 1257 2505 108.
1285 2470 1325 2504 s.
1366 2470 1486 2503 cum
1524 2453 1694 2504 obelis
1733 2458 1789 2503 et
1823 2455 2090 2503 asteriscis
2127 2468 2160 2511 a
2197 2453 2246 2503 d.
2272 2454 2598 2517 Hieronymo
2638 2454 2763 2503 olim
2800 2454 3028 2517 additis3

534 2542 727 2606 quibus
754 2542 943 2591 demtis
978 2542 1171 2607 integ-ri
1207 2540 1437 2591 subinde
1462 2540 1664 2590 Psalmi
1700 2540 2028 2590 concordant
2064 2556 2184 2590 cum
2219 2542 2466 2605 apposito
2496 2542 2550 2589 in
2577 2540 2748 2589 altera
2771 2540 3031 2591 columna

531 2629 727 2679 ibidem
754 2628 1015 2679 Psalterio
1042 2629 1302 2679 Romane.
1338 2627 1668 2690 Placentiae,
1707 2633 1767 2678 ut
1791 2627 1950 2678 fidem
1987 2628 2119 2678 facit
2142 2628 2382 2690 Brunati,
2421 2627 2487 2678 de
2513 2628 2743 2690 nomine,
2781 2633 3028 2690 auctore,

534 2717 964 2766 emendatoribus
1003 2721 1057 2766 et
1091 2716 1369 2766 authentia
1404 2716 1674 2780 Vulgatae
1711 2715 1835 2766 diss.
1871 2717 2064 2766 Vienn.
2105 2717 2272 2777 1827„
2322 2717 2378 2764 in
2426 2715 2644 2780 publica
2683 2715 3030 2766 Bibliotheca

533 2807 839 2852 asservatur
872 2803 1040 2852 codex
1075 2805 1338 2868 pretiosus
1371 2803 1617 2852 Psalterii
1654 2802 1920 2852 Gallicani
1956 2817 2098 2852 anno
2127 2804 2245 2852 827.
2284 2803 2530 2868 scriptus.
2567 2803 2628 2852 V.
2655 2820 2708 2853 n.
2738 2805 2818 2852 19.
2851 2820 2909 2868 p.
2936 2805 3026 2852 64.

534 2889 573 2954 3)
614 2890 689 2939 Ut
735 2894 962 2940 testatur
1007 2890 1055 2939 d.
1094 2890 1465 2955 Hieronymus,
1518 2905 1599 2954 ep.
1651 2890 1720 2940 ad
1769 2889 2127 2955 Sophronium
2179 2888 2418 2955 praefixa
2462 2890 2526 2939 L.
2563 2889 2762 2939 Psalm.
2797 2891 2833 2938 i.
2869 2889 3028 2938 hebr.

532 2977 682 3026 verit.
721 2977 815 3038 IX,
868 2979 1017 3028 1156.
1068 2981 1253 3026 contra
1300 2976 1568 3038 Rufinum,
1618 2976 1690 3038 H,
1729 2979 1810 3026 30.
1862 2968 1932 3039 11,
1971 2978 2090 3026 425.
2163 2976 2204 3040 ⁴)
2245 2976 2322 3026 Ut
2370 2975 2436 3025 de
2484 2991 2582 3025 sua
2631 2981 2806 3026 aetate
2845 2977 3024 3048 s.·IX.

532 3063 693 3113 refert
727 3061 1057 3112 walafridus
1094 3061 1303 3126 StrabO,
1340 3063 1406 3112 de
1443 3065 1603 3114 rebus
1643 3063 1772 3112 eccl.
1812 3079 1856 3112 c.
1897 3063 1980 3112 25.
2022 3061 2297 3124 „Psalmos
2335 3067 2530 3124 autem,
2569 3077 2688 3112 cum
2727 3063 3028 3112 secundum

531 3151 698 3199 LXX.
735 3151 1050 3215 interpretes
1088 3150 1315 3202 Romani
1352 3150 1527 3200 adhuc
1563 3149 1815 3212 habeant,
1855 3149 1996 3200 Galli
2022 3154 2076 3199 et
2102 3139 2488 3200 Germanorum
2525 3150 2690 3215 aliqui
2725 3150 3024 3200 secundum

533 3236 975 3298 emendationem,
1014 3251 1175 3301 quam
1204 3237 1563 3302 Hieronymus
1588 3239 1750 3287 Pater
1779 3237 1844 3286 de
1869 3235 2036 3287 LXX.
2075 3237 2309 3288 editione
2348 3239 2660 3302 composuit,
2698 3237 3024 3287 Psalterium

535 3327 767 3372 cantant.
824 3324 997 3384 Quam
1036 3322 1325 3388 Gregorius
1362 3325 1687 3375 Turonensis
1725 3326 2028 3390 Episcopus
2066 3339 2099 3374 a
2134 3325 2376 3389 patribus
2411 3325 2667 3374 Romanis
2703 3328 3023 3385 mutuatum,

531 3410 590 3458 in
628 3408 920 3459 Galliarum
960 3409 1150 3459 dicitur
1183 3409 1458 3460 Ecclesias
1496 3411 1880 3462 transtulisse.“
1937 3411 2041 3460 Ed.
2077 3412 2216 3462 Bibl.
2254 3413 2327 3460 M.
2367 3411 2554 3460 Colon.
2591 3411 2685 3460 IX.
2728 3413 2771 3473 1,
2811 3413 2932 3460 963.
2971 3412 3026 3459 4.

533 3495 575 3560 ⁶)
616 3495 766 3545 Sacc.
815 3497 910 3546 XI.
965 3497 1192 3561 scriptor
1247 3496 1392 3561 apud
1438 3497 1490 3547 J.
1526 3497 1806 3560 Mabillon,
1864 3499 1996 3564 disq.
2045 3498 2110 3548 de
2159 3515 2318 3551 cursu
2367 3498 2666 3560 Gallicane,
2721 3499 2776 3547 in
2827 3515 2914 3563 op.
2954 3499 3024 3548 de

531 3584 777 3648 Liturgia
826 3583 1121 3633 Gallicana.
1176 3584 1297 3640 Par.
1349 3585 1498 3633 1729.
1544 3601 1596 3648 p.
1634 3586 1754 3634 396.
1827 3584 1868 3650 ⁶)
1909 3586 2243 3650 Quamquam
2293 3584 2614 3636 Psalterium
2651 3585 2942 3650 Vulgatum
2991 3601 3026 3634 e

532 3669 740 3720 Graeco
777 3671 877 3720 τῶν
907 3671 1071 3720 LXX.
1110 3670 1428 3721 translatum
1464 3687 1583 3721 esse
1621 3675 1846 3734 constet,
1887 3673 1955 3722 ab
1992 3673 2282 3739 interprete
2319 3672 2552 3738 quodam
2595 3674 2809 3738 ign0t03
2849 3673 3026 3722 eidem

530 3763 711 3808 tamen
748 3775 891 3808 nunc
927 3775 1023 3825 per
1060 3760 1239 3808 omnia
1274 3773 1613 3824 nequaquam
1663 3759 1965 3825 respondet.
2026 3761 2312 3810 Enimvero
2350 3761 2516 3821 varia,
2564 3775 2704 3824 quae
2742 3760 2790 3808 d.
2828 3760 3030 3809 Hiero-

530 3861 719 3909 nymus
774 3847 925 3894 iuxta
978 3845 1363 3896 Theodotionis
1418 3845 1709 3896 editionem
1765 3848 2042 3911 apposuit3
2102 3847 2258 3896 modo
2315 3847 2382 3896 ob
2435 3847 2660 3896 omissos
2711 3847 2767 3894 in
2823 3848 3028 3896 nostris

532 3919 923 3997 exemplaribus
974 3933 1256 3982 asteriscos
1307 3947 1425 3981 cum
1470 3936 1619 3981 textu
1655 3931 1758 3981 τῶν
1794 3927 1820 3980 o'
1857 3933 2290 3994 commiscentur,
2339 3932 2448 3982 alia
2481 3948 2630 3994 vere,
2679 3947 2818 3997 quae
2855 3947 3030 3997 penes

529 4020 693 4069 LXX.
752 4024 975 4082 exstant,
1026 4021 1425 4071 resecabantur.
1496 4021 1582 4068 Ex
1631 4019 1881 4070 Psalterii
1927 4021 2097 4069 nostri
2145 4019 2359 4070 dicendi
2409 4036 2604 4084 genere
2657 4019 2798 4068 ultro
2855 4024 3028 4084 patet,

530 4107 806 4170 antiquum
854 4105 999 4156 illius
1047 4108 1405 4172 interpretem,
1462 4121 1804 4172 nequaquam
1852 4108 1910 4155 in
1947 4107 2116 4156 doctis
2165 4107 2428 4156 humanae
2477 4108 2774 4172 sapientiae
2820 4106 3026 4167 verbis,

530 4208 727 4258 graeca
775 4193 955 4242 latinis
1002 4193 1310 4244 reddidisse.
1381 4194 1597 4258 Lingua
1644 4193 1869 4258 simplex
1923 4195 2136 4244 omnino
2185 4199 2268 4244 est
2320 4195 2534 4244 minime
2583 4200 2777 4256 comta,
2831 4194 2944 4243 imo
2995 4209 3030 4242 a

533 4283 749 4347 puriore
776 4281 921 4331 Latii
957 4296 1065 4331 non
1101 4295 1289 4345 parum
1326 4282 1598 4343 recedens,
1636 4281 1970 4331 Hebraismis
2005 4285 2059 4330 et
2085 4281 2404 4332 Graecismis
2439 4281 2718 4344 redundat,
2754 4281 3028 4330 vocabula

530 4374 585 4418 et
635 4369 1057 4418 constructiones
1106 4369 1339 4431 adhibet,
1390 4368 1457 4418 de
1504 4369 1699 4433 quibus
1749 4369 1950 4418 frustra
1984 4368 2186 4418 Lexica
2235 4369 2576 4419 consulimus.
2636 4369 2904 4418 Idiotismi
2956 4368 3028 4418 ad

528 4470 711 4505 omnes
750 4456 1004 4505 orationis
1049 4459 1226 4520 partes
1264 4469 1322 4504 se
1360 4455 1670 4514 extendunt,
1709 4470 1842 4519 quos
1879 4459 1942 4504 ut
1977 4455 2028 4505 S.
2070 4455 2124 4505 S.
2163 4455 2390 4505 studiosi
2436 4455 2753 4520 intelligant,
2791 4460 3026 4520 ‘praeter

528 4541 751 4592 latinum
807 4558 1102 4592 sermonem
1149 4543 1401 4592 Hebraeo
1454 4547 1507 4590 et
1556 4541 1764 4591 Graeco
1815 4557 1950 4606 opus
1999 4541 2216 4591 habent.
2279 4541 2438 4592 Utilis
2487 4548 2569 4592 est
2615 4542 2754 4592 hanc
2802 4543 2861 4592 in
2915 4558 3026 4591 rem

528 4629 991 4678 commentariolus
1016 4629 1067 4678 J.
1093 4629 1156 4678 A.
1183 4628 1392 4693 Hagen,
1432 4627 1778 4693 Sprachliche
1814 4628 2215 4692 Ertirterungen
2250 4643 2346 4678 zur
2371 4627 2618 4693 Vulgata.
2657 4629 2840 4679 Freib.
2869 4631 3023 4678 1863.
