3309 5300
961 406 1180 448 Historiae
1207 407 1371 449 Textus
1397 407 1451 448 N.
1480 407 1529 448 Τ.
1560 408 1680 459 typis
1708 407 1933 460 descripti.
2567 397 2688 461 127

238 581 495 642 Delitzsch,
532 579 1006 630 handschriftliche
1030 581 1235 632 Funde.
1260 582 1303 632 1.
1339 583 1522 648 Leipz.
1553 585 1703 632 1861.
1752 584 1946 633 Variae
1980 583 2106 633 inde
2130 584 2355 633 Erasmo
2395 588 2543 633 ortae
2571 599 2694 633 con-

238 669 499 718 troversiae
528 695 588 702 —
618 667 669 716 d.
700 683 751 731 q.
776 684 827 717 v,
861 667 1063 729 Masch,
1100 668 1135 717 l.
1164 684 1208 716 c.
1235 685 1287 733 p.
1315 671 1413 718 292
1436 706 1449 730 ,
1475 697 1541 704 -
1566 670 1824 732 imprimis
1850 669 2102 718 scandalo
2129 670 2230 718 fuit
2265 670 2408 734 quod
2431 669 2474 718 1.
2501 671 2698 719 Joann.

240 760 280 818 5,
304 758 343 804 7.
367 772 406 804 s.
433 755 847 818 suppressisset3
886 756 1045 803 tertia
1080 759 1258 803 tamen
1298 755 1526 804 editione
1566 755 1742 805 locum
1780 756 2020 806 sublesta
2055 755 2158 805 fide
2198 758 2450 806 omissum
2486 756 2698 821 supple-

238 844 314 891 vit.
362 840 714 890 Nihilominus
753 843 1031 890 Erasmica
1080 841 1242 890 editio
1292 842 1358 891 N.
1396 843 1456 890 T.
1504 842 1664 906 longe
1712 843 1891 907 plures
1941 857 2005 892 ac
2056 842 2448 907 Complutensis
2497 845 2702 892 invenit

238 929 513 978 laudatores
550 932 605 976 et
642 928 902 977 editores:
953 929 1143 992 partim
1196 929 1261 977 ob
1313 929 1582 977 raritatem
1632 929 1714 977 ed.
1764 929 2183 993 Complutensis3
2241 931 2432 994 partim
2470 946 2498 978 e
2537 944 2702 979 causa

238 1015 494 1079 religionis.
537 1013 693 1063 Sicut
716 1015 907 1077 Reuss,
946 1020 999 1064 et
1021 1016 1135 1080 ipse
1160 1016 1243 1062 vir
1268 1015 1595 1064 acatholicus
1620 1015 1818 1064 fatetur
1843 1015 1877 1065 1.
1905 1031 1949 1064 c.
1977 1033 2029 1081 p.
2055 1017 2207 1065 404.:
2251 1016 2426 1076 „diese
2452 1017 2702 1081 Ungunst

238 1103 379 1166 hiingt
400 1116 515 1149 zum
541 1099 700 1149 Theil
729 1101 867 1150 wohl
890 1102 985 1150 mit
1009 1101 1101 1150 der
1126 1100 1454 1150 kirchlichen
1480 1102 1774 1166 Trennung
1799 1106 2152 1151 zusammen.“
2193 1101 2442 1152 Secunda
2468 1117 2515 1152 a.
2545 1105 2694 1152 1519.

238 1194 282 1237 et
309 1189 454 1236 tertia
485 1188 603 1235 vice
640 1201 689 1235 a.
733 1190 881 1236 1522.
922 1203 1071 1236 suum
1108 1186 1199 1236 ille
1236 1188 1301 1237 N.
1336 1189 1397 1236 T.
1436 1187 1625 1251 edidit;
1665 1204 1786 1237 cum
1824 1188 2190 1252 Complutensi
2226 1189 2401 1238 Textu
2437 1191 2698 1254 potiretur

238 1273 573 1324 recensionem
612 1278 858 1338 quartam
895 1273 1107 1336 demum
1141 1273 1425 1322 adornanti
1464 1276 1613 1323 1527.
1663 1279 1876 1338 praesto
1921 1275 2021 1322 fuit
2058 1278 2110 1324 et
2148 1274 2310 1324 editio
2347 1275 2616 1340 Hispana,
2668 1292 2696 1324 e

241 1375 332 1425 qua
353 1359 646 1424 complures
672 1362 731 1409 in
754 1359 1132 1424 Apocalypsim
1168 1358 1425 1409 lectiones
1464 1362 1665 1422 sumsit,
1706 1361 1990 1410 nonnullas
2029 1361 2332 1410 dubitanter
2365 1363 2422 1410 in
2458 1364 2696 1426 margine

240 1448 409 1512 posuit.
462 1446 703 1506 Quartae
740 1451 824 1495 sat
860 1451 1109 1496 accurate
1147 1446 1435 1511 respondet
1471 1449 1706 1511 quinta
1746 1447 1950 1496 editio
1991 1449 2141 1496 1535.
2201 1448 2537 1498 Dissimulari
2573 1465 2699 1497 vero

241 1549 331 1582 uon
352 1536 521 1597 potest
552 1533 813 1581 Erasini
850 1534 905 1581 in
930 1533 1215 1582 serioribus
1243 1548 1455 1597 quoque
1484 1533 1804 1582 editionibus
1831 1534 2116 1583 observata
2149 1534 2501 1583 festinatio
2539 1539 2698 1598 atque

240 1621 511 1681 licentia,
550 1635 664 1684 qua
701 1624 1005 1670 contextum
1040 1617 1276 1680 mutavit,
1316 1619 1532 1680 addidit,
1571 1621 1799 1669 detraxit
1833 1625 2104 1685 utcunque
2137 1622 2188 1669 ei
2221 1621 2395 1671 visum
2421 1626 2516 1670 est.
2566 1619 2694 1670 Suc-

242 1711 485 1755 cesserunt
521 1708 661 1755 varii
684 1706 1001 1771 typographi
1026 1706 1344 1755 editionibus
1370 1707 1435 1755 N.
1462 1707 1523 1754 Τ.
1565 1706 1858 1771 descriptis.
1919 1705 2008 1755 Sic
2034 1712 2150 1756 orta
2179 1712 2259 1756 est
2283 1707 2520 1756 Venetiis
2549 1709 2698 1756 1518.

242 1793 473 1853 Aldina,
512 1793 849 1858 Hagenovae
888 1793 1053 1842 Gerb
1069 1792 1181 1842 elii
1223 1794 1400 1856 1521.;
1447 1795 1539 1857 qui
1574 1799 1754 1842 tamen
1792 1809 1973 1842 omnes
2012 1794 2122 1842 fere
2161 1793 2228 1842 ad
2264 1809 2502 1842 normam
2537 1795 2698 1842 Eras-

242 1882 463 1928 micarum
500 1880 811 1941 editionum,
852 1895 976 1930 suas
1002 1894 1169 1928 novas
1205 1880 1531 1943 iteratasque
1570 1885 1944 1944 expresserunt
1975 1880 2250 1929 editiones.
2303 1882 2477 1944 Atque
2511 1881 2697 1930 harum

241 1982 347 2017 sane
380 1968 564 2030 ingens
604 1972 685 2016 est
720 1981 985 2028 numerus,
1022 1965 1275 2031 plurimas
1314 1971 1591 2015 enumerat
1627 1967 1814 2028 Reuss,
1851 1966 1885 2014 l.
1925 1982 1970 2014 c.
2009 1984 2060 2030 p.
2098 1968 2214 2016 406.
2254 1983 2295 2016 s.

416 2054 609 2103 Varias
635 2059 758 2118 post
781 2053 916 2102 haec
942 2052 1125 2119 Codex
1150 2054 1215 2102 N.
1241 2053 1301 2100 T.
1331 2052 1568 2102 Graecus
1593 2054 1824 2102 virorum
1853 2053 2175 2103 eruditorum
2213 2068 2368 2102 curas
2395 2069 2457 2102 ac
2482 2054 2696 2103 labores

244 2145 461 2206 expertus
487 2145 584 2202 est,
625 2143 717 2206 qui
741 2156 848 2190 non
876 2140 1047 2190 solum
1071 2140 1295 2189 Textum
1333 2154 1579 2204 graecum
1620 2139 1698 2188 ad·
1727 2156 1848 2190 mss.
1877 2140 2086 2189 codices
2126 2145 2472 2204 revocarunt3
2511 2141 2606 2191 sed
2643 2146 2699 2189 et

242 2230 387 2292 ipsum
432 2227 727 2276 secundum
776 2227 1003 2288 codices,
1055 2228 1144 2292 qui
1188 2227 1257 2275 ad
1304 2241 1493 2277 manus
1545 2231 1698 2275 erant
1741 2228 2109 2290 immutarunt3
2158 2227 2522 2293 lectionesque
2563 2227 2697 2276 alias

242 2314 341 2362 aliis
366 2313 643 2363 eliminatis
670 2313 1073 2374 substituerunt,
1112 2318 1273 2377 atque
1302 2313 1559 2362 editiones
1584 2319 1858 2377 pararunt,
1897 2328 2034 2377 quae
2059 2315 2220 2362 variis
2247 2315 2300 2362 in
2325 2313 2457 2362 locis
2484 2314 2550 2362 ab
2579 2313 2697 2363 aliis

243 2399 508 2449 discedunt.
557 2401 765 2449 Primus
802 2401 939 2448 inter
975 2399 1095 2449 illos
1133 2400 1233 2448 fuit
1270 2398 1321 2448 S.
1351 2398 1734 2461 Colinaeus,
1775 2400 1866 2464 qui
1891 2414 1938 2448 a.
1969 2401 2118 2448 1534.
2166 2401 2387 2450 Parisiis
2414 2400 2698 2449 editionem

241 2489 529 2552 procuravit,
568 2489 623 2536 in
661 2501 768 2550 qua
803 2487 1135 2536 Erasmicam
1170 2487 1267 2534 111.
1306 2486 1375 2534 ad
1400 2486 1605 2551 aliquot
1640 2486 1852 2536 codices
1889 2487 2211 2550 recognovit.
2252 2485 2528 2536 Secundus
2561 2488 2699 2536 inter

242 2575 321 2624 hos
356 2579 431 2624 est
463 2574 731 2622 Robertus
770 2573 1167 2638 Stephanus,
1208 2575 1301 2638 qui
1335 2589 1429 2638 pro
1470 2575 1643 2638 operis
1672 2574 1753 2623 sui
1779 2573 1894 2622 solo
1920 2575 2108 2622 stravit
2144 2573 2372 2635 codiceS,
2413 2573 2698 2622 editionem

242 2662 645 2726 Complutensem
670 2667 724 2710 et
747 2662 1136 2711 Erasinianam.
1186 2663 1258 2709 Et
1281 2662 1555 2712 Roberti
1593 2662 1807 2727 quidem
1834 2661 2148 2726 Stephani
2179 2661 2522 2726 Typographi
2544 2662 2698 2727 Regii

240 2749 528 2798 parisiensis
567 2753 851 2813 quatuor
888 2747 1209 2797 editiones
1238 2754 1597 2797 numerantur.
1648 2750 1862 2797 Priores
1889 2748 2027 2797 duae
2055 2764 2191 2814 quae
2219 2749 2286 2798 ab
2309 2750 2462 2797 initio
2488 2748 2695 2813 praefa-

240 2836 377 2885 tionis
395 2864 460 2871 —
481 2835 526 2883 Ο
553 2834 827 2884 mirificam
851 2835 1012 2900 Regis
1037 2836 1217 2885 Nostri
1244 2836 1429 2899 optimi
1467 2840 1520 2884 et
1554 2836 1998 2899 praestantissimi
2033 2835 2286 2899 principis
2323 2834 2697 2884 liberalitatem

240 2927 324 2970 etc.
348 2949 410 2958 —
438 2921 838 2982 „mirificae“
879 2922 1126 2985 audi-unt3
1164 2922 1414 2971 Lutetiae
1449 2923 1569 2971 Par.
1597 2936 1645 2971 a.
1676 2924 1826 2971 1546.
1866 2926 1920 2971 et
1959 2923 2107 2971 1549.
2147 2922 2320 2971 lucem
2357 2930 2696 2987 aspexerunt.

240 3008 493 3057 Editiones
529 3022 563 3057 a
586 3008 759 3058 nitore
785 3012 837 3057 et
862 3008 1125 3058 divisione
1149 3009 1351 3057 Textus
1387 3009 1443 3057 in
1479 3008 1771 3058 versiculos
1808 3025 1859 3057 v.
1885 3024 1936 3073 p.
1965 3010 2048 3057 63.
2084 3007 2366 3071 laudatae;
2404 3008 2498 3058 sed
2525 3007 2694 3057 excel-

240 3094 334 3143 lere
356 3096 759 3144 immunitate
786 3095 852 3143 ab
880 3095 1213 3146 erroribus
1250 3094 1754 3161 typographicis
1792 3094 1965 3144 falso
2004 3099 2126 3144 sunt
2155 3094 2467 3144 creditae.
2504 3094 2696 3143 Immu-

243 3182 508 3231 tationibus
533 3186 587 3231 et
620 3184 848 3231 mixtura
870 3187 1043 3231 textus
1070 3181 1463 3248 complutensis
1491 3187 1543 3231 et
1564 3182 1777 3231 Erasini
1815 3198 2027 3247 quoque
2065 3182 2390 3231 deformatae
2417 3181 2694 3231 habentur.

241 3266 294 3315 In
324 3269 413 3317 111.
451 3268 681 3319 editione
722 3272 870 3319 1550.
932 3267 1235 3334 Stephanus
1272 3269 1554 3318 Erasmum
1590 3284 1776 3334 presso
1818 3269 1956 3334 pede
1993 3270 2256 3333 sequitur,
2303 3270 2378 3317 ita
2425 3272 2602 3317 tamen
2637 3272 2698 3317 ut

241 3356 377 3405 simul
412 3361 659 3421 excerpta
696 3371 729 3407 a
763 3355 893 3406 folio
932 3371 1029 3406 suo
1064 3372 1129 3405 ex
1153 3356 1294 3406 XVI.
1334 3356 1624 3417 codicibus,
1665 3371 1798 3421 quos
1835 3357 1984 3420 regia
2019 3355 2344 3405 bibliotheca
2379 3355 2695 3405 Parisiensis
2749 3365 2755 3371 ·

242 3443 591 3508 suppeditavit,
638 3444 941 3508 conquisita
985 3442 1299 3493 consuleret.
1363 3444 1696 3492 Henricus
1746 3442 2142 3507 Stephanus,
2193 3441 2360 3503 filius,
2402 3441 2696 3491 octodecim

244 3543 477 3578 annorum
499 3530 725 3590 iuvenis,
753 3545 860 3578 non
887 3544 952 3579 ea
978 3544 1087 3594 qua
1109 3544 1207 3594 par
1228 3534 1358 3591 erat,
1385 3544 1519 3594 opus
1545 3529 1646 3578 sibi
1673 3530 1978 3579 adiunctum
2003 3528 2274 3593 persolvit.
2301 3527 2458 3576 Hanc
2484 3529 2695 3576 nomine

246 3616 529 3681 „Regiae“
582 3616 905 3681 adpellatam
952 3618 1195 3666 insecuta
1249 3620 1329 3665 est
1378 3616 1653 3677 Genevae,
1707 3632 1811 3682 quo
1862 3620 2015 3681 pater
2063 3616 2250 3665 relicta
2299 3615 2406 3664 filio
2458 3616 2692 3664 Roberto

243 3702 433 3752 officina
468 3704 759 3753 Parisiensi
796 3705 1024 3766 abierat3
1078 3704 1227 3752 1551.
1278 3703 1435 3752 editio
1482 3708 1674 3767 quarta
1711 3720 1829 3752 cum
1879 3702 2076 3768 duplici
2113 3703 2358 3751 versione
2395 3703 2605 3749 Erasmi
2643 3705 2696 3749 et

244 3790 409 3839 veteris
444 3791 745 3855 interpretis
781 3790 963 3838 latina.
1026 3790 1259 3838 Tertiam
1296 3789 1516 3838 Roberti
1554 3788 1810 3854 Stephani
1849 3790 2134 3838 editionem
2183 3789 2510 3837 Hem-icus
2561 3786 2694 3836 Ste-

243 3877 493 3942 phanus,
545 3880 744 3928 notatis
783 3878 852 3927 ad
889 3892 1033 3927 oram
1070 3878 1390 3927 lectionibus
1426 3879 1759 3927 variantibus
1799 3877 1981 3926 decem
2020 3872 2280 3938 codicum,
2319 3881 2371 3925 et
2407 3876 2697 3925 editionum

243 3980 358 4028 pene
415 3968 645 4015 omnium
704 3980 842 4030 quae
905 3964 1280 4029 Stephanicam
1341 3964 1737 4029 praecedebant
1796 3962 2159 4028 locupletavit.
2244 3963 2363 4011 Hoc
2427 3948 2696 4026 exemplar

242 4051 478 4102 Robertus
517 4051 817 4117 Stephanus
854 4050 1197 4100 Theodoro
1234 4052 1472 4111 Bezae,
1516 4050 1716 4099 homini
1756 4049 2104 4098 Calvinianae
2141 4053 2320 4099 sectae
2367 4048 2610 4119 addictO,
2636 4048 2694 4096 in

242 4152 429 4186 manum
452 4138 692 4201 tradidit3
719 4138 868 4201 isque
894 4153 935 4186 s.
960 4140 997 4185 t.
1028 4137 1109 4197 „J.
1137 4136 1193 4185 C.
1220 4138 1287 4185 D.
1308 4137 1372 4185 N.
1393 4137 1456 4185 N.
1479 4137 1539 4185 T.
1568 4138 1718 4185 cuius
1745 4150 1938 4200 graeco
1965 4136 2157 4184 Textui
2181 4134 2506 4199 respondent
2530 4135 2692 4183 inter-

242 4226 542 4287 pretationes
569 4224 707 4273 duae
727 4252 794 4259 —
814 4223 1015 4272 latinae
1038 4251 1099 4259 —-
1115 4237 1225 4271 una
1248 4227 1401 4271 vetus
1430 4222 1597 4271 altera
1621 4237 1764 4270 nova
1787 4222 1884 4270 Th.
1905 4221 2097 4269 Bezae.
2121 4236 2168 4269 a.
2192 4222 2341 4270 1565.
2380 4220 2696 4269 Excudebat

242 4310 484 4361 Henricus
534 4310 882 4375 Stephanus.“
927 4309 1019 4359 fol.
1068 4308 1333 4357 Genevae.
1394 4309 1697 4357 Editionem
1745 4306 1885 4355 hanc
1935 4307 2261 4357 secundis
2309 4308 2496 4356 curis
2545 4306 2692 4370 prelo

244 4398 459 4460 subiecit,
495 4398 571 4446 ita
605 4400 802 4459 tamen,
833 4400 893 4445 ut
929 4396 1115 4445 obvias
1151 4397 1208 4444 in
1244 4396 1480 4459 margine
1518 4394 1772 4443 lectiones
1811 4408 1936 4443 suas
1973 4393 2302 4458 aliorumque
2340 4394 2691 4453 coniecturas,

243 4498 362 4546 quae
397 4489 448 4533 et
482 4484 586 4549 ipsi
622 4488 677 4532 et
712 4482 1053 4547 opinionibus
1102 4483 1215 4531 eius
1266 4481 1587 4542 arridebant,
1638 4482 1696 4529 in
1746 4484 1948 4529 textum
1994 4480 2281 4544 ingereret3
2336 4478 2604 4543 diligentis
2643 4482 2696 4526 et

242 4568 441 4619 modesti
477 4570 645 4619 critici
682 4567 911 4631 laudem,
948 4582 1015 4617 ne
1051 4569 1153 4632 ipsi
1191 4566 1402 4632 quidem
1440 4567 1759 4615 Ernestio
1790 4592 1854 4601 ——
1878 4564 2148 4614 Institutio
2185 4564 2496 4629 Interpretis
2533 4564 2596 4613 N.
2630 4563 2692 4614 T.
