3309 5300
497 410 622 475 276
1190 426 1423 467 Commeat.
1455 422 1507 467 de
1534 428 1579 467 S.
1610 426 1818 478 Scriptur.
1849 439 1942 478 cap.
1976 424 2079 469 tert.
2108 413 2217 469 seo't.
2247 424 2279 469 I.

496 599 706 663 agenda
752 602 1195 665 praecipiantur.“
1260 603 1343 650 De
1382 600 1578 651 Genesi
1622 602 1693 661 ad
1739 603 1872 652 liter.
1909 603 1952 665 Ι,
1993 607 2038 666 1,
2075 604 2172 653 ΙΠ.
2211 620 2258 653 a.
2297 622 2348 669 p.
2389 606 2505 654 117.
2558 606 2622 653 E.
2662 621 2710 670 g.
2749 619 2992 653 manna

493 685 664 734 Exod.
706 669 786 748 16,
828 688 908 735 15.
948 703 989 736 s.
1028 687 1293 752 significat
1329 689 1543 738 cibum
1581 689 1803 739 coelitus
1841 691 2075 752 missum,
2127 707 2232 755 quo
2270 690 2546 739 Israelitae
2594 692 2988 756 pascebantur-3

492 772 689 821 Joann.
741 775 787 835 6,
828 775 910 822 31.
948 790 989 822 s.
1040 790 1201 823 sensu
1254 774 1517 839 spirituali
1566 774 1633 825 de
1670 775 2114 839 ⁴Eucharistia
2161 778 2398 839 sumitur,
2457 775 2610 826 cuius
2647 784 2761 827 erat
2794 782 2988 842 typus3

492 859 561 908 ΙΙ.
586 859 706 908 Cor.
728 862 777 921 8,
801 862 879 909 15.
900 861 1297 911 accommodate
1318 862 1381 910 de
1409 861 1832 927 eleemosyna
1855 863 2032 912 danda
2049 868 2365 928 usurpatur3
2394 864 2624 932 denique
2643 863 2807 929 Apoc.
2829 866 2878 926 2,
2902 865 2989 912 17.

493 948 785 1011 anagogice
823 948 1049 996 refertur
1086 948 1155 997 ad
1193 948 1472 1013 gloriam
1509 948 1885 999 coelestem.
1923 950 2038 999 Nec
2075 964 2229 1000 secus
2266 952 2462 1000 sentire
2497 955 2700 1015 queunt
2721 949 2994 1013 Theologi

409 1024 417 1027 ”
495 1032 779 1095 Catholici,
822 1035 914 1099 qui
961 1033 1379 1084 foecunditatem
1420 1038 1633 1101 vimque
1671 1036 1905 1085 divinam
1945 1036 1998 1087 S.
2035 1035 2328 1086 Biblio'rum
2366 1042 2588 1099 norunt,
2638 1036 2990 1101 eiusdemque

492 1119 864 1205 excellentiam
902 1127 1216 1186 agnoscunt.
1260 1123 1325 1171 V.
1365 1121 1564 1172 Comm.
1602 1122 1673 1184 h.‚
1710 1139 1762 1187 p.
1803 1125 1884 1172 67.
1923 1138 1963 1173 s.

760 1382 818 1460 ἓ.
870 1384 1011 1446 119.
1061 1379 1388 1443 Natura
1434 1389 1516 1444 et
1560 1382 1785 1445 ratio
1832 1380 2187 1466 linguae
2231 1381 2709 1446 Hebraeae.

695 1572 779 1619 De
826 1571 1042 1637 linguae
1090 1572 1372 1621 Hebraeae
1422 1577 1615 1621 natura
1664 1578 1717 1621 et
1762 1574 1970 1623 ratione
2020 1578 2255 1639 agentes,
2305 1590 2422 1624 eam
2469 1576 2656 1625 merito
2692 1591 2948 1625 vocemus
2969 1589 2986 1621 ε

491 1662 786 1706 sanctam
825 1662 886 1707 et
923 1660 1488 1723 antiquissimam3
1538 1660 1643 1709 imo
1682 1658 1865 1709 habito
1905 1664 2048 1709 certo
2097 1665 2347 1726 respectu
2391 1663 2802 1726 primaevam.
2858 1661 2990 1722 Qua

491 1743 557 1793 de
594 1761 651 1793 re
675 1762 723 1793 v.
748 1746 818 1793 H.
845 1746 907 1794 R.
934 1745 998 1794 V.
1024 1745 1086 1794 Τ.
1113 1763 1169 1811 p.
1191 1748 1277 1795 42.
1302 1747 1387 1794 43.
1442 1746 1515 1807 Et
1550 1760 1681 1795 sane
1719 1746 1922 1811 absque
1961 1748 2264 1811 cognitione
2300 1747 2458 1797 huius
2495 1747 2710 1811 linguae
2748 1749 2992 1796 maxima

490 1830 704 1881 Codicis
740 1847 783 1881 s.
810 1832 874 1881 V.
899 1832 962 1881 F.
1000 1848 1142 1895 pars,
1182 1832 1360 1883 densis
1398 1832 1653 1882 obvoluta
1689 1834 1941 1895 tenebris,
1979 1836 2322 1899 interpretem
2347 1834 2562 1883 doctum
2593 1832 2646 1882 S.
2674 1833 2988 1899 Scripturae

495 1918 717 1983 fugeret.
778 1919 935 1969 Unde
972 1936 1057 1969 res
1095 1920 1214 1983 ipsa
1250 1919 1683 1985 explicandorum
1732 1920 1786 1969 S.
1822 1919 2116 1969 Bibliorum
2164 1920 2415 1985 postulat,
2464 1924 2524 1968 ut
2565 1919 2660 1982 illi,
2701 1922 2794 1985 qui
2831 1918 2883 1967 S.
2923 1918 2982 1967 S.

488 2005 551 2053 V.
577 2004 639 2053 F.
680 2022 944 2070 exponere
972 2006 1293 2071 aggreditur,
1319 2005 1539 2055 hebraei
1569 2008 1827 2055 sermonis
1865 2006 2108 2071 singulae
2145 2011 2368 2071 pateant
2402 2008 2620 2071 copiae3
2660 2020 2982 2070 omnemque

490 2090 705 2155 linguae
752 2092 909 2141 huius
958 2094 1065 2141 vim
1116 2107 1180 2141 ac
1224 2092 1533 2141 facultatem
1582 2097 1779 2155 teneat,
1830 2098 2085 2158 tanquam
2132 2094 2409 2158 praecipui
2445 2093 2510 2142 V.
2548 2093 2609 2141 T.
2647 2091 2984 2157 intelligendi

489 2177 717 2243 aliisque
771 2183 915 2228 recte
967 2179 1267 2243 exponendi
1317 2181 1520 2244 organi.
1592 2180 1748 2239 Quod
1794 2184 1854 2229 ut
1907 2180 2148 2245 pluribus
2199 2179 2636 2241 demonstremus,
2685 2196 2750 2229 eo
2800 2180 2984 2228 minus

487 2280 621 2329 opus
658 2265 884 2327 videtur,
922 2268 1203 2331 quominus
1240 2265 1296 2314 id
1333 2265 1413 2314 his
1452 2266 1639 2315 diebus
1678 2267 1746 2315 ab
1785 2266 1966 2331 aliquo
2004 2267 2060 2316 in
2099 2266 2317 2315 dubium
2353 2271 2595 2316 vocatur.

692 2352 820 2417 Ipsa
854 2352 1157 2418 linguarum
1194 2355 1443 2415 omnium,
1495 2354 1808 2419 praeprimis
1848 2369 2046 2417 earum,
2097 2368 2234 2419 quae
2272 2369 2370 2417 per
2403 2353 2594 2419 longos
2633 2352 2976 2403 saeculorum

488 2438 742 2488 decursus
768 2441 1024 2502 obtinent,
1063 2442 1197 2490 ratio
1229 2441 1357 2490 fert:
1393 2445 1453 2489 ut
1477 2441 1732 2506 plurimas
1757 2456 1865 2490 non
1891 2441 2046 2491 modo
2074 2457 2138 2489 ex
2161 2456 2262 2490 usu
2287 2440 2615 2505 quotidianO,
2654 2440 2977 2489 commercio

488 2541 607 2575 cum
652 2528 859 2589 exteris,
910 2542 943 2575 a
977 2529 1269 2578 victoribus
1317 2529 1557 2593 populis3
1613 2528 1708 2577 sed
1747 2545 1813 2577 ex
1847 2534 2142 2593 temporum
2181 2543 2396 2592 quoque
2447 2532 2500 2577 et
2550 2528 2778 2577 fatorum
2813 2528 2979 2588 serie,

487 2612 725 2664 diversas
764 2614 943 2664 subire
979 2630 1200 2666 necesse
1224 2615 1459 2665 habeant
1494 2616 1831 2665 mutationes.
1880 2615 1955 2666 Ut
1987 2616 2126 2665 enim
2152 2630 2334 2664 omnes
2371 2613 2607 2680 linguae,
2643 2616 2719 2665 sic
2756 2628 2980 2680 quoque

486 2700 791 2751 Hebraea
826 2703 936 2752 suis
972 2705 1181 2752 variata
1218 2708 1299 2752 est
1332 2703 1583 2768 periodis.
1644 2704 1761 2752 Has
1802 2702 2050 2768 periodos
2089 2701 2366 2751 commode
2403 2702 2503 2751 sub
2538 2702 2764 2751 fatorum
2799 2701 2986 2750 Reve-

486 2786 701 2839 lationis
738 2790 967 2840 Divinae
1002 2792 1066 2840 V.
1092 2791 1155 2840 F.
1186 2792 1394 2840 ratione
1432 2792 1716 2855 concipere
1751 2791 1892 2840 licet.
1933 2789 2012 2838 Cf.
2037 2789 2238 2855 proleg.
2263 2789 2335 2839 H.
2361 2790 2426 2838 V.
2452 2790 2514 2838 T.
2539 2805 2590 2854 p.
2616 2789 2678 2836 X.
2705 2789 2799 2837 XI.
2849 2787 2982 2848 Quo

486 2879 645 2937 pacto
683 2877 1019 2927 observanda
1043 2879 1199 2928 nobis
1226 2883 1537 2927 occurrunt:
1575 2879 1730 2927 initia
1756 2882 1808 2926 et
1831 2877 2062 2927 studium
2087 2875 2399 2942 perficiendi
2434 2875 2672 2941 linguam
2704 2890 2876 2939 usque
2903 2873 2986 2922 ad

488 2962 685 3010 exitum
721 2961 1078 3014 Israelitarum
1112 2981 1177 3014 ex
1201 2965 1462 3029 Aegypto,
1501 2969 1555 3013 et
1588 2965 1886 3030 ingressum
1922 2966 1978 3012 in
2013 2969 2210 3013 terram
2247 2963 2540 3013 Chanaam.
2588 2962 2832 3010 Durante
2868 2960 2986 3010 hac

485 3049 707 3112 periodo
732 3048 917 3114 lingua
934 3051 1186 3100 Hebraea
1212 3067 1320 3101 non
1344 3056 1549 3101 tantum
1575 3051 1874 3101 naturalem
1899 3067 2052 3100 suum
2071 3053 2308 3116 vigorem
2331 3050 2566 3112 retinuit,
2593 3048 2690 3098 sed
2713 3047 2987 3113 paulatim

487 3134 680 3184 cultior
716 3139 903 3187 evasit.
953 3139 1015 3186 In
1050 3139 1337 3188 Volumine
1366 3139 1568 3202 Moysis
1606 3138 1872 3204 quaedam
1896 3136 2190 3202 particulae
2217 3136 2430 3187 sublimi
2455 3151 2519 3186 ac
2541 3140 2766 3184 venusta
2800 3136 2990 3183 nitent

488 3225 653 3286 poesi,
692 3240 882 3273 vocum
922 3227 1090 3290 copia,
1130 3227 1419 3292 imaginum
1457 3225 1752 3291 elegantia3
1793 3224 1936 3291 quod
1972 3226 2228 3275 orationis
2263 3225 2462 3273 flumen
2497 3222 2726 3288 amplam
2755 3221 2986 3286 linguae

485 3310 909 3377 perpolitamque
953 3313 1311 3362 extensionem
1347 3312 1601 3377 deposcit.
1641 3311 1724 3361 Cf.
1749 3313 1820 3361 H.
1845 3313 1908 3361 R.
1933 3313 2001 3362 D.
2025 3312 2090 3361 V.
2117 3313 2179 3361 Τ.
2205 3329 2256 3376 p.
2287 3312 2402 3360 184.
2438 3325 2504 3376 s.,
2528 3309 2756 3358 Maxime
2793 3307 2988 3356 floruit

486 3395 673 3460 lingua
696 3397 949 3448 Hebraea
973 3400 1155 3464 perio
1171 3399 1246 3449 do
1280 3398 1494 3448 altera
1518 3399 1635 3448 sub
1665 3398 1980 3464 RegibuS,
2018 3414 2128 3448 non
2151 3399 2266 3446 sine
2291 3394 2519 3446 notabili
2543 3400 2775 3444 attamen
2799 3395 2988 3443 varie-

487 3486 613 3532 tate.
665 3483 917 3534 Salomon
952 3501 1060 3534 non
1099 3485 1255 3535 modo
1295 3490 1589 3534 tercentum
1626 3485 1914 3550 parabolas
1941 3490 1994 3533 et
2017 3482 2161 3532 mille
2199 3484 2437 3548 quinque
2464 3481 2687 3531 Cantica
2721 3481 2986 3546 protulit3

493 3585 673 3619 verum
703 3575 756 3620 et
781 3571 847 3621 de
874 3574 1042 3622 omnis
1080 3573 1289 3638 generis
1315 3572 1475 3621 rebus
1500 3571 1836 3621 naturalibus
1870 3571 2141 3621 uberrima
2164 3585 2426 3620 novarum
2454 3585 2646 3619 vocum
2671 3573 2794 3617 ante
2819 3569 2986 3633 igno-

486 3659 661 3706 tarum
697 3657 1027 3723 supellectile
1052 3658 1308 3721 adhibita,
1344 3659 1650 3724 disputavit.
1691 3658 1880 3707 Aetate
1904 3657 1998 3706 illa
2024 3661 2076 3706 et
2101 3657 2448 3723 sequentibus
2473 3656 2684 3721 plurimi
2705 3655 2988 3704 Didactici

488 3748 540 3792 et
564 3745 867 3809 Prophetici
895 3746 1042 3794 Libri
1064 3761 1103 3795 s.
1133 3747 1336 3796 exarati
1360 3751 1500 3795 sunt.
1538 3745 1601 3794 In
1627 3743 1823 3794 scholis
1848 3744 2197 3810 Propheticis,
2223 3743 2412 3809 procul
2440 3744 2618 3807 dubio,
2646 3744 2805 3792 etiam
2829 3743 2988 3806 puri-

486 3835 583 3881 tati
608 3839 660 3882 et
685 3833 967 3884 facundiae
992 3835 1211 3901 linguae
1247 3835 1529 3884 Hebraeae
1567 3847 1732 3898 opera
1767 3838 1965 3882 navata
1988 3834 2104 3882 fuit.
2154 3834 2408 3895 Quamvis
2446 3837 2618 3882 autem
2646 3848 2708 3881 eo
2733 3837 2988 3895 tempore

484 3920 670 3985 lingua
712 3921 963 3972 Hebraea
1006 3938 1338 3987 summopere
1381 3921 1646 3982 floruerit,
1696 3919 1854 3970 facile
1897 3925 2076 3969 tamen
2121 3919 2343 3970 concedi
2383 3920 2604 3985 poterit,
2653 3919 2827 3982 ipsam
2869 3916 2987 3965 hac

487 4008 707 4072 periodo
746 4009 814 4058 ad
850 4008 1007 4058 finem
1045 4015 1313 4074 vergente,
1353 4011 1408 4056 in
1441 4007 1673 4057 deterius
1711 4009 1897 4058 ruisse.
1954 4006 2090 4056 Cum
2129 4007 2530 4070 captivitate
2565 4003 2988 4068 babylonica

459 4096 695 4144 -tertia
732 4094 1001 4160 linguae
1038 4096 1412 4158 Hebraeae,
1462 4096 1718 4144 continuo
1758 4094 2129 4156 decrescentia
2176 4092 2485 4157 periodus
2528 4092 2730 4156 incipit.
2791 4091 2987 4151 Quan-

486 4197 645 4247 quam
665 4182 865 4232 Judaei
899 4183 956 4230 in
986 4181 1348 4232 Palaestinam
1374 4199 1438 4231 ex
1464 4181 1622 4231 exilio
1662 4181 1887 4230 reduces
1913 4181 2042 4230 facti
2068 4178 2408 4229 vernaculam
2433 4177 2737 4227 Hebraeam
2774 4177 2986 4226 adhuc·

486 4269 755 4330 callerent,
792 4284 992 4333 perque
1020 4267 1235 4334 aliquod
1260 4273 1466 4335 tempus
1494 4271 1903 4316 conservarent:
1941 4272 2121 4316 tamen
2153 4265 2363 4329 linguae
2397 4279 2692 4326 aramaeae,
2731 4263 2988 4312 idiomati

483 4356 732 4405 Hebraeo
764 4355 920 4404 valde
958 4362 1234 4420 cognatae,
1272 4356 1346 4403 ita
1368 4354 1696 4418 pedetentim
1734 4359 2100 4416 assueverunt,
2138 4357 2198 4401 ut
2221 4352 2534 4416 praesertim
2558 4365 2724 4415 penes
2759 4349 2988 4414 plebem

484 4443 699 4507 linguae
720 4443 1003 4492 Hebraeae
1030 4444 1177 4493 notio
1202 4443 1258 4490 in
1283 4440 1607 4490 oblivionem
1633 4441 1832 4504 abiret3
1861 4445 2021 4504 atque
2047 4440 2114 4489 ab
2143 4438 2361 4488 eruditis
2387 4437 2544 4486 modo
2569 4434 2988 4500 intelligeretur.

483 4532 529 4580 A
566 4529 802 4580 secunda
838 4530 1328 4594 Hierosolymarum
1364 4529 1683 4589 vastatione,
1717 4526 1918 4594 ,lingua
1953 4525 2204 4574 Hebraea
2247 4526 2345 4574 sub
2383 4522 2569 4572 favilla
2605 4527 2658 4572 et
2693 4521 2988 4572 ruderibus

486 4619 637 4688 quasi
677 4617 889 4682 sepulta
921 4618 1108 4679 iacuit3
1148 4614 1450 4681 usquedum
1484 4631 1583 4679 per
1615 4614 1860 4664 Judaeos
1897 4628 2068 4676 aeque
2105 4626 2169 4660 ac
2201 4610 2534 4660 Christianos
2570 4611 2988 4660 instauraretur.
