3309 5300
1111 406 1172 447 De
1201 405 1371 447 canone
1399 408 1442 447 S.
1473 406 1639 451 Libror.
1666 406 1774 449 Nov.
1806 406 1925 448 Test.
2672 392 2758 457 43

267 590 383 645 tate
413 587 604 645 solida
635 589 790 645 iacta
832 592 974 645 sunt
1019 588 1423 647 fundamenta.
1469 588 1580 645 Sed
1621 589 1781 644 enim
1826 606 1921 645 res
1963 588 2184 644 isthaec
2224 585 2535 648 conficitur
2583 590 2640 643 4.
2686 605 2761 643 ex

266 691 579 766 superstite
629 691 862 750 Canone
899 693 1158 750 Nicaeno
1184 690 1220 763 ¹,
1269 712 1444 769 quem
1488 691 1819 749 Concilium
1865 690 2323 765 Carthaginense
2374 690 2498 748 III.
2548 694 2607 749 et
2651 690 2759 748 VI.

268 795 594 871 adoptavit.
643 796 720 853 In
748 798 859 854 hoc
887 798 976 853 ita
1005 798 1288 854 habetur:
1338 774 1617 872 ,Capituli
1663 796 1901 853 XXIV.
1946 796 2195 853 Nicaeni
2240 795 2487 853 Concilii
2514 791 2558 852 2.
2606 796 2761 852 Item

268 905 332 959 ut
379 904 618 975 praeter
663 900 996 975 Scripturas
1049 900 1387 972 CanonicaS,
1445 900 1601 958 nihil
1654 902 1719 957 in
1774 901 2035 959 Ecclesia
2086 900 2318 974 legatur
2364 902 2473 958 sub
2524 898 2763 958 nomine

267 1004 615 1063 divinarum
664 1002 1124 1080 Scripturarum.
1187 1004 1341 1063 Sunt
1385 1010 1581 1063 autem
1626 1004 1949 1063 Canonicae
1990 1005 2327 1081 Scripturae
2365 1006 2524 1063 Novi
2562 1004 2763 1061 Testa-

268 1110 484 1165 menti:
517 1107 976 1182 Evangeliorum
1006 1109 1146 1167 libri
1178 1110 1284 1166 IV.
1319 1111 1578 1167 Actuum
1610 1109 2026 1185 Apostolorum
2056 1109 2207 1167 liber
2245 1129 2418 1166 unus.
2465 1107 2763 1184 Epistolae

267 1212 448 1269 Pauli
501 1210 676 1270 XIV.
737 1213 902 1270 Petri
962 1214 1232 1288 Apostoli
1292 1213 1380 1271 II.
1441 1213 1479 1269 J
1482 1215 1690 1271 oannis
1750 1214 2019 1290 Apostoli
2070 1214 2195 1271 III.
2250 1213 2288 1269 J
2290 1215 2437 1271 udae
2497 1212 2765 1288 Apostoli

270 1317 319 1374 I.
360 1317 402 1373 J
403 1316 574 1375 aoobi
617 1317 886 1391 Apostoli
934 1318 983 1374 Ι.
1040 1317 1425 1394 Apocalypsis
1469 1318 1716 1375 Joannis
1760 1318 1941 1376 Liber
1988 1318 2064 1375 I.‘
2125 1318 2244 1375 Hic
2289 1317 2612 1390 Catalogus,
2662 1318 2764 1393 qui

269 1424 431 1479 idem
484 1423 607 1496 ipse
661 1424 842 1480 etiam
894 1422 1141 1490 Canone,
1178 1442 1214 1479 a
1263 1422 1642 1480 Sacrosancta
1694 1423 2078 1481 Oecumenica
2130 1422 2364 1499 Synodo
2416 1421 2765 1478 Tridentina

273 1526 524 1585 definito
552 1528 916 1596 continetur3
961 1526 1110 1583 mire
1155 1529 1432 1609 convenit
1461 1528 1533 1599 ei,
1583 1546 1757 1604 quem
1788 1548 1824 1585 a
1853 1527 2128 1585 Patribus
2160 1546 2219 1583 se
2250 1526 2531 1601 accepisse
2574 1525 2765 1582 faten-

273 1636 376 1689 tur
421 1631 900 1705 Carthaginensis
948 1632 1072 1688 III.
1121 1637 1180 1690 et
1224 1633 1332 1690 VI.
1379 1632 1629 1690 Concilii
1682 1632 1985 1690 Praesules
2012 1629 2054 1689 3.
2117 1632 2404 1689 Nicaenos
2453 1631 2767 1705 Episcopos

273 1738 518 1793 nomine
570 1737 820 1794 Patrum
877 1736 1268 1804 intellexisse3
1325 1738 1582 1812 produnt
1633 1737 1929 1795 Praesules
1986 1735 2234 1793 Concilii
2289 1732 2767 1808 Carthaginensis

275 1840 387 1897 VI.
422 1844 735 1898 testantes:
781 1860 840 1897 se
886 1841 1250 1916 exemplaria
1293 1841 1430 1898 fidei
1481 1846 1540 1899 et
1587 1846 1808 1900 statuta
1837 1841 2131 1899 Nicaenae
2172 1840 2414 1917 Synodi,
2470 1858 2619 1916 quae
2665 1857 2769 1913 per

273 1944 706 2016 Caecilianum,
763 1946 868 2022 qui
917 1945 1223 2017 interfuit,
1279 1947 1456 2003 allata
1507 1951 1646 2004 sunt
1683 1948 1803 2004 suis
1856 1948 2185 2003 inseruisse.
2249 1944 2417 2001 Certe
2470 1943 2542 2000 ad
2595 1961 2765 2017 supe·-

271 2048 436 2105 riora
475 2048 713 2125 Synodo
742 2050 1111 2126 Hipponensi
1155 2056 1420 2125 tempora
1456 2050 1514 2109 S.
1547 2050 1606 2107 S.
1640 2050 1965 2124 Catalogus,
2015 2069 2188 2127 quem
2233 2048 2484 2125 episcopi
2516 2046 2765 2105 Concilii

273 2152 760 2226 Carthaginensis
775 2154 884 2211 VI.
909 2174 945 2211 a
963 2154 1238 2213 Patribus
1268 2175 1326 2211 se
1358 2155 1638 2230 accepisse
1669 2156 1950 2225 fatentur,
1974 2154 2310 2211 referendus
2334 2158 2439 2210 est.
2472 2150 2764 2215 Quoniam

273 2256 464 2330 1gitur
491 2257 733 2314 nonnisi
777 2257 898 2316 sola
937 2258 1204 2335 Synodus
1236 2259 1634 2336 Hipponensis
1674 2259 1733 2317 S.
1766 2258 1825 2317 S.
1871 2257 2165 2317 Canonem
2192 2259 2387 2329 habet,
2423 2262 2597 2332 atque
2626 2257 2769 2313 haec

275 2380 524 2419 canones
556 2382 632 2418 ex
664 2361 920 2420 Concilio
951 2363 1210 2421 Nicaeno
1241 2365 1488 2435 derivat,
1533 2370 1623 2422 sat
1665 2384 1783 2421 esse
1828 2363 2162 2437 argumenti
2201 2362 2455 2432 videtur,
2489 2365 2558 2417 ut
2588 2359 2769 2417 statui

273 2467 461 2540 possit
506 2465 816 2523 laudatum
861 2486 1030 2543 saepe
1060 2467 1403 2541 catalogum
1435 2468 1492 2525 S.
1526 2468 1604 2540 S„
1639 2468 1744 2546 qui
1775 2468 2031 2526 insertus
2062 2472 2150 2524 est
2178 2466 2321 2524 actis
2353 2464 2601 2522 Concilii
2629 2464 2767 2521 Car-

274 2569 646 2642 thaginensis
675 2570 804 2643 VI.,
837 2591 914 2628 ex
959 2572 1219 2631 Nicaeno
1265 2572 1552 2646 originem
1580 2574 1886 2643 habuisse3
1918 2574 2005 2629 ita
2044 2571 2113 2628 ut
2142 2590 2216 2627 ex
2245 2572 2357 2628 hac
2386 2568 2768 2627 Oecumenica

275 2673 514 2751 Synodo
546 2675 610 2731 in
641 2675 900 2753 aliquam
924 2677 1162 2735 Africae
1191 2679 1298 2735 sub
1321 2677 1671 2750 Caeciliano,
1706 2677 1847 2734 hinc
1877 2678 1941 2734 in
1966 2677 2425 2752 Hipponensem‚
2462 2679 2521 2732 et
2550 2674 2767 2731 exinde

489 2881 531 2947 ¹)
588 2882 760 2943 Quem
815 2897 845 2932 e
895 2881 1093 2932 Codice
1147 2887 1330 2932 notato
1386 2882 1462 2932 lit.
1517 2883 1578 2932 B.
1628 2899 1771 2931 num.
1828 2883 1911 2932 58.
1966 2880 2333 2930 Bibliothecae
2384 2879 2774 2930 Vallicellanae

276 2969 505 3031 Romae,
553 2968 742 3034 procul
776 2969 938 3018 dubio
976 2969 1042 3019 ad
1083 2975 1328 3020 octavum
1375 2969 1647 3020 saeculum
1685 2969 1995 3056 referendO,
2042 2968 2336 3034 publicavit
2380 2967 2431 3016 J.
2469 2965 2772 3029 Blanchini,

277 3056 435 3105 Vind.
464 3054 598 3105 Can.
627 3055 818 3120 Script.
856 3056 1023 3121 praef.
1059 3073 1112 3122 p.
1138 3058 1255 3105 361.
1315 3057 1437 3106 Non
1476 3056 1701 3106 deerunt
1737 3059 1825 3121 qui
1861 3057 2260 3122 inscriptionem
2299 3053 2545 3118 Catalogi
2583 3053 2775 3102 Biblici

284 3144 340 3190 in
378 3141 582 3192 Codice
619 3141 972 3192 Vallicellano
1018 3143 1266 3192 oscitanti
1311 3143 1533 3192 Notario
1582 3143 1889 3192 attribuant.
1953 3142 2059 3192 Sed
2106 3141 2291 3190 eadem
2336 3139 2617 3202 facilitate,
2670 3154 2775 3204 qua

283 3207 386 3278 hoc
424 3227 734 3292 affirmatur,
771 3231 957 3294 negari
993 3231 1149 3278 etiam
1187 3235 1380 3294 potest.
1429 3230 1537 3279 Ubi
1576 3235 1656 3279 est
1694 3231 1833 3278 enim
1868 3229 2159 3294 probabilis
2197 3228 2349 3291 ratic,
2391 3241 2528 3292 quae
2566 3227 2777 3276 evincat

287 3316 500 3364 titulum
541 3315 800 3378 „Concilii
834 3317 1092 3365 Nicaeni“
1130 3317 1282 3378 false,
1322 3322 1374 3366 et
1410 3332 1518 3365 non
1556 3317 1733 3382 potius
1770 3317 1919 3378 scite,
1969 3333 2033 3364 ex
2070 3316 2347 3364 vetustiori
2386 3313 2566 3379 aliquo
2606 3329 2777 3361 exem-

291 3403 429 3468 plari
466 3404 542 3453 ibi
569 3402 808 3452 additum
843 3403 1046 3453 fuisse?
1106 3403 1146 3467 2)
1185 3403 1407 3468 Aliquos
1436 3403 1637 3468 Synodi
1660 3405 1933 3452 Nicaenae
1960 3417 2193 3452 canones
2230 3401 2579 3464 intercidisse,
2618 3406 2779 3465 atque

287 3490 618 3538 vicenarium
657 3489 936 3539 Canonu'm
974 3490 1332 3538 Nicaenorum
1368 3506 1644 3538 numerum
1684 3491 1839 3538 unius
1866 3490 1985 3551 nisi,
2026 3491 2200 3553 graeci
2242 3487 2440 3538 codicis
2480 3494 2532 3538 et
2568 3487 2781 3552 quidem

293 3577 525 3641 suspecti
563 3575 863 3639 admodum,
903 3577 1216 3625 auctoritate
1253 3576 1444 3625 fultum
1481 3592 1626 3640 esse3
1667 3576 1993 3641 palmaribus
2032 3577 2355 3640 argumentis
2395 3575 2779 3626 demonstravit

209 3714 216 3720 ,
292 3663 342 3712 J.
379 3661 787 3727 Chrysostomus
825 3679 859 3712 a
895 3661 948 3712 S.
984 3663 1211 3728 Joseph‚
1263 3663 1329 3712 de
1375 3679 1593 3712 numero
1640 3662 1942 3724 Canonum‚
1997 3677 2128 3728 quos
2176 3679 2217 3711 s.
2254 3663 2441 3711 Patres
2484 3663 2541 3710 in
2577 3677 2774 3726 magna

295 3749 508 3814 Synodo
555 3751 799 3799 Nicaena
849 3751 1252 3800 constituerunt.
1323 3749 1526 3798 Romae
1579 3751 1730 3799 1742.
1782 3766 1831 3814 p.
1883 3751 1999 3798 246.
2050 3764 2108 3811 S„
2162 3755 2215 3798 et
2264 3747 2389 3798 diss,
2440 3749 2505 3796 de
2556 3746 2779 3798 Canone

297 3836 346 3886 S.
383 3836 671 3886 Librorum
721 3837 1008 3886 constituto
1052 3851 1086 3885 a
1131 3836 1182 3886 S.
1220 3837 1470 3886 Patribus
1519 3838 1575 3884 in
1621 3851 1815 3900 magno
1852 3837 2091 3885 Nicaeno
2140 3834 2399 3884 Concilio.
2448 3834 2521 3884 ib.
2560 3850 2605 3884 e.
2645 3849 2691 3883 a.
2730 3851 2781 3899 p.

298 3923 408 3971 148.
447 3938 490 3971 s.
565 3923 606 3987 ³)
651 3922 876 3971 Videtur
919 3921 1010 3972 ille
1047 3922 1275 3984 MansiO,
1321 3923 1417 3985 111,
1457 3923 1574 3972 891.
1625 3927 1968 3987 praepostere
2018 3923 2223 3986 positus
2271 3936 2388 3971 esse
2436 3937 2486 3970 n.
2526 3923 2608 3970 47.
2647 3923 2785 3969 inter

300 4009 535 4074 capitula
573 4008 735 4058 Conc.
775 4007 953 4058 Carth.
991 4008 1089 4058 111.
1131 4023 1179 4058 a.
1217 4010 1334 4058 348.
1375 4014 1535 4074 atque
1581 4009 1981 4058 transferendus
2018 4008 2087 4058 ad
2124 4007 2217 4057 VI.
2256 4009 2319 4056 ei.
2358 4023 2497 4057 nom.
2535 4007 2628 4068 IV,
2664 4009 2781 4056 430.

303 4096 692 4145 Convenienter
718 4095 932 4160 quidem
957 4097 1003 4146 si
1027 4095 1298 4145 conclusio
1325 4099 1609 4160 spectetur,
1649 4110 1757 4160 qua
1781 4109 1814 4144 a
1838 4095 2115 4143 Bonifacio
2142 4095 2295 4143 Pont.
2324 4093 2561 4143 ciusdem
2588 4092 2780 4143 confir-

299 4170 457 4232 mati'o
495 4182 811 4247 postulatur.
859 4182 1013 4231 Haec
1047 4183 1254 4231 interim
1290 4183 1496 4246 integro
1536 4181 1813 4246 solidoque
1852 4187 2099 4230 manente
2138 4181 2379 4244 catalogo
2408 4179 2571 4229 Conc.
2600 4177 2782 4229 Carth.

299 4270 388 4318 III.
427 4269 626 4318 auferri
673 4272 864 4333 potest.
925 4269 1105 4318 Tertio
1155 4284 1368 4334 quoque
1419 4267 1580 4318 Conc.
1622 4267 1801 4318 Carth.
1853 4268 2083 4318 adscribi
2130 4281 2289 4334 posse
2342 4267 2607 4332 colligitur
2642 4266 2784 4327 inde,

302 4355 439 4420 quod
475 4357 616 4404 inter
654 4360 774 4404 acta
799 4354 964 4404 Conc.
991 4354 1170 4404 Carth.
1195 4355 1293 4405 ΙΙΙ.
1329 4357 1513 4404 inserti
1550 4355 1749 4404 fuerint
1774 4354 2022 4405 Canones
2048 4355 2453 4420 Hipponenses,
2490 4355 2566 4402 ita
2596 4353 2779 4403 volen-

299 4443 436 4491 tibus
473 4441 579 4490 illis
611 4441 875 4504 PatribuS,
912 4457 980 4491 ne
1016 4444 1271 4492 memoria
1308 4458 1489 4491 eorum
1533 4457 1769 4507 unquam
1809 4441 2089 4492 excideret.
2126 4443 2190 4491 V.
2225 4441 2399 4490 Mansi
2436 4440 2536 4502 III,
2574 4441 2692 4489 894.
2734 4455 2775 4488 s.

305 4527 380 4578 Cf.
420 4545 464 4578 e.
501 4528 775 4590 Ballerini,
813 4532 963 4578 tract.
1002 4529 1069 4578 de
1107 4531 1267 4594 antiq.
1308 4528 1440 4578 Coll.
1469 4527 1674 4578 Canon.
1712 4533 1749 4578 t.
1776 4529 1873 4578 ΠΙ.
1914 4529 2015 4594 Op.
2054 4544 2095 4578 s.
2132 4529 2332 4576 Leonis
2371 4527 2442 4575 M.
2470 4527 2604 4578 Ven.
2635 4527 2785 4578 1775.

306 4615 913 4685 p.LXXXVI11.s.et
948 4616 1000 4669 J.
1040 4616 1098 4666 C.
1135 4615 1344 4680 Hefele,
1385 4615 1844 4682 Conciliengesch.
1880 4617 1950 4680 H,
1990 4617 2073 4665 63.
2114 4633 2155 4667 s.
