3309 5300
1106 378 1169 419 De
1196 378 1425 429 Interpret.
1460 382 1503 419 S.
1532 381 1575 421 S.
1607 380 1842 422 Catholica.
2595 372 2725 439 325

219 559 663 628 permaneatur,
708 558 829 614 vim
876 558 931 615 S.
968 560 1023 617 S.
1074 574 1249 634 saepe
1292 558 1662 618 inferendam
1703 561 1774 617 iis
1816 563 2094 636 agnoscit.
2140 564 2452 639 Duplicem
2497 565 2722 623 intelli-

220 661 487 733 gentiam
518 664 718 719 tamen
748 661 923 719 valde
952 662 1159 719 utilem
1192 683 1315 721 esse
1348 664 1722 721 existimavit.
1763 665 1832 721 In
1866 667 1934 724 U.
1966 666 2031 724 F.
2066 667 2320 725 latinum
2350 672 2579 726 textum
2609 670 2719 728 sibi

219 766 642 838 exponendum
682 766 905 822 sumsit.
964 766 1019 823 S.
1051 767 1467 825 Ambrosius
1508 787 1575 825 eo
1614 772 1960 842 praesertim
2007 770 2138 827 aliis
2177 777 2479 846 praestare
2520 773 2718 831 dicen·-

220 868 343 938 (1118,
393 869 554 947 quod
598 871 1019 943 perspicuus
1065 870 1157 928 sit.
1211 869 1348 928 Non
1390 871 1700 946 vulgarem
1747 892 1990 947 graecae
2036 874 2276 948 linguae
2322 876 2716 950 cognitionem

219 974 501 1047 adeptus3
550 992 702 1050 quae
747 993 779 1031 e
824 974 1061 1032 Graecis
1108 973 1163 1031 S.
1198 976 1262 1033 P.
1298 980 1358 1033 et
1389 978 1447 1035 S.
1482 978 1548 1033 E.
1598 977 1664 1035 111
1708 996 1872 1035 suam
1918 998 2040 1035 rem
2087 997 2410 1053 congruere
2455 982 2712 1055 putavit,

222 1080 531 1134 mutuatus
562 1081 667 1149 est,
700 1080 771 1135 ab
797 1078 915 1135 illis
946 1084 1143 1137 tamen
1176 1080 1546 1137 nominandis
1577 1081 1762 1138 ferme
1792 1100 2023 1156 semper
2052 1082 2356 1139 abstinuit.
2393 1082 2539 1141 Cum
2564 1085 2720 1142 nihil

221 1182 292 1238 ad
339 1181 749 1239 informandos
794 1182 1056 1241 fidelium
1112 1203 1297 1241 mores
1349 1184 1531 1258 magis
1583 1184 1904 1260 pertineat,
1969 1206 2144 1263 quam
2200 1207 2384 1261 genus
2437 1187 2717 1265 loquendi
2804 1245 2810 1252 ,

221 1286 707 1356 exhortatorium,
756 1287 1001 1344 morales
1034 1308 1235 1345 sensus
1277 1289 1619 1366 frequenter
1663 1293 1926 1363 usurpat.
1993 1292 2048 1347 A
2078 1311 2122 1347 s.
2160 1291 2464 1349 Ambrosio
2509 1292 2713 1350 distin-

221 1393 490 1464 guendus
534 1410 579 1447 s.
632 1410 677 1448 0.
709 1392 1232 1470 {ambrosiaster
1276 1414 1319 1449 8.
1370 1394 1423 1449 (1.
1472 1392 1688 1450 Comm.
1736 1394 1800 1450 in
1848 1394 2023 1451 XIII.
2060 1394 2166 1469 Ep.
2203 1415 2246 1453 s.
2276 1396 2450 1453 Pauli
2495 1402 2712 1469 auctor,
2804 1410 2812 1418 '

223 1514 400 1573 quem
431 1494 798 1552 Hilarium
828 1496 973 1553 diac.
1006 1496 1163 1553 Eccl.
1196 1498 1360 1554 Rom.
1396 1498 1610 1571 passim
1642 1499 1882 1555 habent.
1929 1500 2134 1575 Neque
2167 1500 2473 1560 omittendi
2505 1508 2712 1578 poetae

224 1599 571 1657 Christiani:
628 1598 688 1657 O.
734 1601 802 1657 V.
852 1602 964 1677 Aq.
1014 1601 1399 1672 Juvencus,
1456 1601 1511 1658 S.
1559 1602 1907 1660 Paulinus
1951 1602 2116 1673 Nol„
2171 1605 2602 1663 Prudentius
2648 1610 2710 1665 et

225 1703 583 1775 Sedulius;
648 1704 749 1781 qui
793 1706 1157 1778 poematibus
1200 1726 1245 1763 s.
1290 1705 1491 1764 Libros
1536 1706 1591 1763 S.
1636 1705 1708 1764 U.
1744 1707 1806 1764 Τ.
1853 1706 1952 1765 vel
1998 1728 2072 1765 ex
2116 1712 2237 1765 toto
2281 1709 2380 1767 vel
2425 1730 2497 1767 ex
2543 1714 2712 1785 parte

224 1808 622 1867 reddiderunt.
656 1807 929 1866 Carmina
960 1828 1159 1867 eorum
1190 1809 1363 1867 hodie
1387 1829 1633 1887 quoque,
1667 1830 1880 1885 magna
1909 1831 2039 1869 cum
2071 1813 2376 1888 voluptate
2408 1814 2706 1888 leguntur.

428 1930 685 1989 Saeculo·
714 1935 909 1988 autem
958 1936 1214 2009 quarto
1264 1934 1323 1989 et
1368 1932 1746 2009 sequentibus
1793 1952 1944 1991 nova
1987 1934 2051 1989 in
2095 1954 2310 2007 genere
2342 1933 2400 1991 S.
2434 1935 2489 1993 S.
2525 1936 2710 1994 inter-

222 2034 487 2110 pretandi
532 2033 772 2105 literali,
819 2036 925 2092 lux
970 2054 1210 2093 accensa
1253 2036 1369 2093 fuit
1414 2034 1866 2094 clarissimorum
1911 2038 2172 2095 virorum
2217 2039 2535 2111 industria3
2601 2042 2702 2117 qui

228 2140 297 2197 ad
338 2157 543 2195 sensus
588 2140 644 2195 S.
692 2138 749 2196 S.
796 2143 1125 2196 accuratam
1142 2118 1441 2197 ‘notitiam
1490 2142 1826 2211 eruendam,
1888 2160 2064 2218 quem
2122 2147 2358 2217 praesto
2412 2145 2713 2203 habebant

228 2246 583 2317 apparatum,
646 2242 1091 2316 diligentissime
1140 2244 1554 2302 adhibuerunt.
1634 2244 1806 2302 Unde
1862 2264 2087 2303 novae
2140 2266 2356 2321 penes
2410 2249 2710 2307 Latinos

227 2351 377 2403 ortae
422 2350 565 2404 sunt
611 2346 669 2403 S.
705 2345 1107 2404 Bibliorum
1154 2348 1553 2420 versiones,
1602 2354 1706 2407 aut
1737 2351 2016 2428 antiquae
2047 2353 2420 2423 emendatae;
2467 2354 2710 2412 iuvante

225 2450 463 2507 scientia
507 2450 748 2507 illarum
792 2450 1145 2523 linguarum,
1194 2452 1403 2529 quibus
1449 2454 1854 2529 Hagiographi
1901 2457 2236 2513 utebantur.
2292 2458 2384 2513 Ex
2429 2457 2521 2513 his
2565 2458 2709 2515 viris

226 2555 625 2611 eruditissimis
656 2574 915 2611 summus
948 2544 1146 2611 extitit
1175 2576 1218 2613 s.
1251 2556 1751 2633 Hieronymus,
1799 2558 1893 2615 cui
1935 2559 2186 2616 similem
2216 2559 2319 2616 vix
2351 2560 2709 2634 reperiemus

225 2661 491 2739 aliquem.
556 2661 865 2718 Hebraeae
910 2663 1355 2738 ceterarumque
1388 2661 1443 2718 S.
1478 2661 1534 2719 S.
1566 2661 1908 2736 linguarum
1953 2664 2344 2738 cognitionem
2388 2669 2708 2738 assecutus,

224 2767 501 2825 Divinum
546 2765 814 2822 Codicem
860 2766 1002 2823 adeo
1047 2765 1347 2839 praeclare
1392 2765 1719 2826 illustravit
1763 2773 1861 2825 ut:
1926 2769 2014 2838 ,in
2060 2769 2501 2844 exponendis
2547 2770 2602 2828 8.
2650 2770 2708 2828 S.

223 2872 587 2929 Doctorem
634 2861 1026 2925 Masximum‘
1073 2868 1244 2926 illum
1291 2869 1552 2944 adpellet
1594 2870 1890 2944 Ecclesia3
1940 2874 2205 2950 quamvis
2247 2873 2311 2930 in
2339 2875 2411 2932 N.
2447 2875 2511 2932 F.
2560 2893 2710 2930 com-

222 2973 515 3032 mentariis
575 2973 767 3030 minus
827 2972 1056 3047 placeat
1111 2973 1294 3030 nostri
1339 2975 1470 3032 aevi
1516 2975 1870 3047 hominibus,
1934 2995 2108 3053 quam
2155 2978 2217 3034 in
2265 2976 2335 3034 iis
2383 2978 2451 3034 V.
2499 2977 2566 3036 F.
2636 2981 2711 3036 In

224 3079 487 3137 omnibus
534 3077 729 3148 facile,
776 3077 825 3134 si
871 3077 1018 3148 vult,
1064 3076 1338 3148 ex'cellit3
1386 3079 1562 3136 etiam
1602 3080 1666 3136 in
1696 3081 1807 3138 hoc
1848 3099 2124 3154 magnus:
2174 3083 2324 3158 quod
2354 3082 2456 3139 ubi
2489 3080 2716 3140 relictis

222 3183 526 3242 haereticis
562 3215 641 3224 -—
674 3183 1020 3260 quibuscum
1080 3186 1431 3257 perpetuum
1487 3202 1594 3258 pro
1641 3185 1808 3242 domo
1853 3185 1966 3242 Dei
2025 3183 2249 3242 bellum
2312 3185 2490 3260 gessit
2528 3219 2594 3226 —
2636 3188 2708 3244 ad

224 3287 517 3346 Christum
548 3287 613 3344 in
637 3287 793 3362 Lege
824 3291 883 3344 et
912 3287 1221 3361 Prophetis
1253 3288 1675 3345 ostendendum
1707 3289 2102 3361 convertitur,
2135 3291 2282 3346 mira
2311 3290 2490 3364 pla-ne
2521 3291 2708 3365 pollet

225 3394 445 3451 ratione
477 3392 839 3463 inveniendi,
872 3392 1185 3470 eloquendi
1218 3395 1279 3450 et
1308 3392 1714 3450 confirmandi.
1759 3394 1890 3451 Duo
1921 3397 2118 3450 tamen
2152 3395 2223 3451 de
2253 3395 2308 3451 d.
2342 3395 2707 3471 Hieronymo

220 3497 545 3574 polyglotto
576 3497 874 3554 Ecclesiae
904 3499 1231 3572 interprete
1262 3529 1344 3536 —
1378 3497 1471 3554 cui
1503 3502 1704 3555 sancto
1734 3499 1797 3555 in
1830 3497 1947 3555 otio
1978 3499 2218 3555 unicum
2260 3499 2560 3572 negotium
2592 3499 2707 3556 suit

222 3603 287 3661 V.
332 3606 391 3660 et
431 3602 505 3660 N.
553 3601 619 3657 Τ.
669 3601 1027 3658 monimenta
1057 3601 1331 3659 evolvere
1366 3633 1445 3642 -—
1480 3601 1950 3660 animadvertere
1981 3622 2099 3660 non
2137 3603 2706 3676 praetermittemus;

224 3726 367 3784 quae
398 3706 469 3763 ad
505 3704 679 3762 illum
708 3705 939 3763 utiliter
970 3705 1413 3776 consulendum,
1448 3707 1701 3764 multum
1735 3707 2057 3764 adiumenti
2088 3708 2410 3765 adferrent.
2445 3707 2706 3766 Primum

222 3815 319 3881 est,
352 3810 539 3868 solere
569 3809 741 3866 illum
770 3811 833 3868 in
862 3809 1170 3886 prooemiis
1202 3830 1545 3868 enumerare
1576 3813 1908 3886 scriptores,
1946 3831 2090 3889 quos
2119 3815 2355 3868 secutus
2387 3812 2478 3870 sit.
2525 3813 2698 3871 Unde

220 3915 281 3971 in
324 3915 440 3972 suis
484 3915 654 3972 libris
699 3917 903 3989 postea
947 3915 1271 3972 sententias
1316 3915 1443 3972 sine
1488 3916 1824 3973 nominibus
1869 3916 2161 3990 proponit,
2209 3916 2360 3974 nihil
2402 3917 2703 3987 definienS,

221 4020 313 4078 sed
347 4019 549 4077 lectori
579 4017 860 4076 iudicium
891 4019 1261 4096 relinquens3
1295 4022 1357 4076 et
1380 4019 1615 4098 quidem
1647 4039 1766 4077 non
1797 4039 1931 4077 raro
1963 4021 2138 4077 etiam
2169 4025 2314 4078 tunc
2343 4022 2392 4078 si
2423 4021 2704 4080 eiusmodi

222 4123 518 4197 opiniones
564 4143 684 4181 non
728 4125 849 4180 sint
893 4124 1193 4194 fundatae,
1227 4127 1288 4180 et
1316 4145 1351 4180 a
1383 4122 1438 4180 S.
1475 4124 1539 4180 P.
1576 4129 1772 4182 mente
1819 4125 2230 4200 discrepante&
2277 4126 2550 4183 Alterum
2596 4130 2700 4196 est,

219 4228 320 4284 illa
348 4227 647 4286 interdum
676 4249 719 4285 s,
751 4228 1184 4305 Hieronymum
1215 4229 1463 4298 tradere,
1512 4247 1664 4305 quae
1696 4231 1920 4305 accepit
1951 4250 1986 4287 a
2016 4230 2334 4301 Hebraeis;
2381 4230 2444 4286 in
2485 4231 2700 4308 quibus

221 4352 654 4410 nonnunquam,
686 4333 734 4389 si
768 4333 905 4411 quid
938 4333 1155 4390 falsum
1201 4337 1390 4407 putat,
1438 4332 1657 4404 reiicit3
1705 4334 1935 4409 saepius
1981 4339 2178 4392 autem
2225 4335 2538 4393 lectoribus
2583 4335 2702 4393 suis

221 4430 515 4515 relinquit,
572 4441 640 4494 ut
684 4437 849 4515 quasi
896 4439 1034 4496 boni
1080 4437 1461 4495 nummularii
1508 4438 1874 4496 adulterinae
1920 4443 2186 4497 monetae
2231 4441 2542 4514 pecuniam
2586 4439 2700 4515 ipsi

223 4543 545 4620 reprobent.
596 4539 897 4607 Quantum
929 4543 1000 4600 ad
1034 4542 1339 4624 aequalem
1368 4562 1411 4602 s.
1446 4542 1716 4604 Doctoris
1748 4544 1801 4602 d.
1837 4562 1910 4602 sc.
1942 4545 2419 4620 Augustinum
2459 4543 2702 4624 eiusque
