3309 5300
1089 470 1152 511 De
1179 471 1350 513 canone
1379 471 1422 512 S.
1442 471 1608 513 Libror.
1639 471 1739 513 Vet.
1770 472 1889 513 Test.
2650 462 2727 526 21

237 654 616 731 tanquam
677 647 1007 733 primum
1072 645 1416 711 Canonis
1483 646 1814 730 fontem,
1882 669 2283 733 nunquam
2344 650 2729 715 interciso

236 757 736 823 Traditionis
783 758 954 843 filo,
1005 769 1301 823 certum
1346 759 1769 824 referimus
1793 764 1833 823 1.
1893 761 2044 826 Jam
2099 761 2421 826 Historias
2470 760 2729 845 Christi,

234 872 710 957 Apostolorum
741 872 911 937 Acta
949 883 1014 937 et
1041 872 1372 960 Epistolas
1417 873 1807 957 legentibUS,
1853 873 2067 938 nullus
2110 873 2407 959 profecto
2451 876 2732 939 occurrit

235 984 530 1072 syllabus
577 986 930 1053 Librorum
977 986 1326 1051 Sacrorum
1363 986 1630 1051 Veteris
1676 985 2023 1070 Foederis3
2073 988 2182 1072 qui
2229 986 2469 1051 diserta
2509 997 2728 1051 aucto-

233 1100 430 1163 ritate
480 1098 720 1164 Christi
767 1109 832 1163 et
874 1098 1344 1185 Apostolorum
1389 1100 1665 1164 traditus
1710 1100 1939 1164 fuisset
1955 1102 1998 1163 2.
2059 1100 2209 1164 Hoc
2253 1122 2386 1164 non
2432 1100 2730 1166 obstante

233 1220 464 1275 tamen
511 1220 759 1276 certum
809 1221 924 1295 est,
985 1211 1210 1277 fideles
1266 1214 1511 1298 primos
1568 1235 1607 1276 a
1654 1212 1912 1278 Christo
1961 1222 2027 1276 et
2069 1211 2403 1298 Apostolis
2450 1212 2730 1277 Canoni-

234 1347 468 1390 corum
513 1324 866 1390 Librorum
911 1325 1170 1390 Veteris
1213 1325 1533 1390 Foederis
1577 1327 1872 1390 notitiam
1927 1326 2281 1411 accepisse.
2356 1326 2618 1389 Etenim
2663 1328 2729 1388 in

230 1441 380 1525 ipso
430 1436 677 1503 Codice
728 1436 946 1504 divino
979 1438 1151 1503 Novi
1181 1438 1587 1504 Testamenti
1632 1440 2051 1503 inveniuntur
2095 1438 2185 1501 illi
2213 1439 2471 1504 Veteris
2503 1439 2729 1503 Testa-

233 1552 445 1614 menti
504 1550 743 1615 Libros
804 1552 870 1615 in
933 1552 1371 1616 testimonium
1418 1551 1742 1635 attulisse,
1802 1551 1998 1616 modo
2064 1553 2345 1616 auctoris
2405 1551 2511 1616 vel
2570 1551 2729 1615 Pro-

231 1663 478 1748 phetae
525 1687 789 1748 nomen,
837 1688 872 1729 e
906 1686 1033 1751 quo
1066 1664 1274 1729 verba
1303 1663 1526 1729 divina
1567 1666 2008 1747 enuntiavere,
2054 1664 2484 1750 explicantes,
2530 1663 2726 1728 modo

229 1774 410 1840 solos
454 1776 638 1841 locos
667 1777 750 1842 V.
784 1776 860 1864 T.
908 1787 1297 1863 repetenteS,
1347 1779 1504 1862 quin
1549 1779 1935 1862 scriptorem
1966 1777 2073 1841 vel
2102 1776 2338 1841 librum
2381 1799 2726 1842 recensue-

227 1890 380 1951 rint.
442 1889 567 1953 His
613 1892 862 1975 positiS,
909 1888 1096 1954 nobis
1130 1912 1324 1953 curae
1357 1891 1440 1953 sit
1485 1899 1744 1976 oportet
1790 1912 2137 1975 quaerere:
2183 1899 2401 1954 utrum
2434 1889 2727 1954 Christus

231 2010 299 2064 et
354 2001 662 2087 Apostoli
725 2001 1094 2089 Scripturas
1150 2003 1230 2067 V.
1277 2003 1354 2066 F.
1421 2002 1851 2088 advocanteS,
1913 2004 2267 2067 sententias
2325 2024 2583 2088 quoque
2643 2026 2727 2067 ex

227 2113 481 2197 Libris,
531 2116 644 2199 qui
689 2138 862 2179 nunc
907 2117 974 2178 in
1019 2115 1328 2179 hebraico
1375 2125 1563 2179 textu
1606 2138 1741 2181 non
1784 2116 2137 2199 habentur,
2183 2117 2485 2180 noverint
2530 2125 2725 2201 atque

229 2226 665 2310 allegaverint
729 2237 802 2292 ut
865 2228 1258 2313 inspiratas‘a>
1344 2226 1757 2313 Quicumque
1819 2228 2034 2292 Biblia
2088 2228 2261 2291 Novi
2325 2227 2726 2291 Testamenti

228 2324 800 2424 pervestigavefit,
846 2339 936 2403 illi
965 2362 1122 2405 mox
1153 2340 1299 2404 luce
1335 2340 1568 2404 clarius
1613 2339 1957 2426 apparebit
1987 2342 2200 2427 ipsum
2234 2339 2726 2405 Sanctissimum

231 2450 647 2516 Salvatorem
707 2453 974 2537 Libros,
1039 2454 1150 2538 qui
1210 2475 1383 2517 nunc
1443 2454 1510 2517 in
1572 2452 1957 2518 collectione
2019 2452 2425 2517 Judaeorum
2472 2452 2723 2517 deside-

225 2574 487 2647 rantur,
551 2566 740 2629 sicuti
804 2566 1088 2630 Divinae
1156 2567 1554 2630 auctoritatis
1623 2568 2004 2652 agnovisse3
2076 2567 2193 2630 etsi
2264 2576 2423 2653 quot
2488 2559 2727 2630 fuerint

223 2701 503 2742 numero
544 2701 913 2763 recensere,
947 2681 1207 2766 suisque
1241 2681 1610 2745 nominibus
1657 2679 1925 2745 laudare
1959 2691 2154 2765 atque
2189 2680 2407 2766 palam
2436 2680 2725 2766 profiteri

227 2814 798 2876 supervacaneum
874 2792 1134 2858 duxerit
1168 2797 1209 2856 3.
1306 2793 1524 2857 Libris
1599 2793 1830 2857 iisdem
1900 2795 2348 2858 auctoritatem
2416 2793 2726 2856 Divinam

444 3084 480 3150 1)
517 3086 737 3136 Etenim
772 3086 828 3134 in
868 3084 968 3134 hac
1007 3087 1342 3150 quaestione,
1387 3100 1540 3150 quae,
1581 3101 1614 3135 a
1650 3091 1888 3150 tempore
1926 3102 2031 3150 quo
2068 3085 2337 3134 Lutherus
2374 3086 2441 3134 ab
2478 3084 2727 3134 Ecclesia

223 3171 443 3235 defecit,
483 3177 597 3222 tam
646 3176 843 3221 vexata
891 3177 998 3234 est,
1047 3177 1108 3221 ut
1143 3173 1211 3221 ab
1249 3171 1416 3222 altero
1465 3188 1576 3222 non
1610 3171 1942 3237 intelligatur
1992 3171 2119 3237 quid
2156 3173 2225 3221 sit
2258 3171 2337 3234 id,
2389 3171 2533 3236 quod
2582 3171 2725 3220 dicat

222 3257 364 3308 alter
391 3287 454 3295 —
482 3260 562 3308 uti
599 3259 758 3308 etiam
791 3260 851 3308 in
882 3259 1017 3321 aliis,
1058 3260 1103 3309 si
1129 3259 1195 3308 de
1222 3259 1464 3308 doctrina
1490 3258 1689 3308 Christi
1727 3259 2011 3323 ambigitur
2039 3277 2131 3322 —3
2170 3257 2499 3307 redeundum
2536 3262 2616 3307 est
2654 3257 2723 3306 ad

221 3345 592 3411 Apostolos
637 3351 699 3395 et
741 3346 1080 3411 legitimos
1131 3361 1348 3395 eorum
1391 3361 1845 3407 successoreS,
1898 3345 1963 3394 de
2014 3360 2236 3410 quorum
2278 3346 2545 3396 sententia
2581 3346 2725 3394 circa

226 3431 574 3492 „Canonem“
614 3434 662 3483 si
697 3437 920 3494 constet,
959 3434 1050 3498 qui
1088 3448 1271 3482 eorum
1308 3433 1600 3498 discipulus
1638 3449 1757 3483 esse
1792 3432 1923 3494 vult,
1961 3432 2103 3481 idem
2138 3437 2334 3493 teneat,
2373 3447 2593 3482 necesse
2626 3436 2721 3481 est.

225 3519 341 3568 Seu
363 3519 740 3584 inquirendum
778 3524 874 3582 est,
911 3521 1030 3584 quis
1055 3519 1216 3569 fuerit
1247 3518 1435 3568 Canon
1459 3519 1740 3569 Ecclesiae
1776 3519 2120 3584 primaevae?
2180 3518 2221 3583 2)
2259 3520 2343 3567 Ex
2370 3535 2460 3568 ore
2488 3520 2722 3583 ipsorum

222 3606 436 3656 nullum
473 3605 866 3672 Scripturarum
906 3605 1205 3669 Sacrarum,
1243 3621 1380 3670 quae
1418 3611 1543 3655 ante
1579 3621 1672 3656 eos
1710 3606 2005 3666 exstabant,
2044 3605 2347 3671 catalogum
2382 3607 2720 3670 percipimus.

225 3694 268 3757 3)
310 3693 590 3758 Exemplis
625 3694 704 3742 rei
741 3693 1178 3758 suffragabimur:
1216 3694 1302 3742 Ex
1337 3692 1635 3758 Evangelio
1674 3708 1714 3742 s.
1740 3692 2001 3742 Matthaei
2037 3695 2085 3754 4,
2112 3693 2161 3740 4.
2201 3692 2320 3742 coll.
2348 3691 2471 3757 Sap.
2501 3694 2581 3754 16,
2610 3695 2719 3757 26.;

223 3784 274 3842 5,
305 3781 389 3830 28.
437 3781 606 3830 Eccli.
646 3781 730 3842 42,
761 3782 869 3844 12.,
905 3781 954 3842 6,
983 3782 1028 3829 7.
1077 3780 1246 3829 Eccli.
1275 3781 1321 3842 7,
1359 3782 1468 3844 14.;
1508 3781 1556 3841 6,
1588 3781 1667 3829 14.
1718 3779 1886 3829 Eccli.
1926 3781 2007 3841 28,
2036 3781 2110 3843 2.,
2152 3780 2199 3840 7,
2228 3781 2309 3828 12.
2357 3779 2493 3828 Tob.
2528 3781 2577 3840 4,
2609 3780 2719 3840 16.;

226 3870 313 3930 11,
349 3869 433 3917 28.
482 3867 649 3917 Eccli.
687 3868 770 3928 24,
800 3869 881 3916 19.
909 3869 1020 3930 21.,
1073 3869 1154 3930 13,
1181 3869 1265 3917 43.
1317 3867 1440 3932 δερ.
1467 3869 1516 3929 3,
1545 3868 1620 3931 7.,
1675 3868 1756 3930 18,
1793 3867 1871 3915 15.
1919 3866 2089 3915 Eccli.
2126 3869 2205 3928 19,
2246 3868 2326 3915 13.
2376 3867 2476 3914 Ev.
2516 3867 2598 3927 25,
2636 3867 2719 3914 34.

224 3954 353 4020 Sap.
394 3956 444 4016 5,
485 3957 596 4018 16.,
636 3955 720 4016 25,
761 3955 844 4003 36.
897 3953 1066 4003 Eccli.
1107 3956 1154 4016 7,
1193 3955 1306 4018 35.,
1353 3956 1436 4016 27,
1475 3955 1557 4003 43.
1615 3953 1741 4017 δερ.
1780 3954 1829 4014 2,
1870 3955 1951 4002 18.
2011 3954 2096 4001 Ex
2131 3953 2429 4018 Evangelio
2466 3969 2509 4002 s.
2536 3953 2721 4002 Lucae

223 4044 275 4102 6,
304 4043 388 4090 24.
429 4041 549 4090 coll.
574 4040 744 4090 Eccli.
769 4042 854 4103 34,
881 4042 956 4104 8.,
984 4043 1031 4103 6,
1058 4043 1142 4090 35.
1178 4041 1347 4090 Eccli.
1369 4042 1451 4102 29,
1480 4043 1552 4105 1.,
1582 4042 1663 4102 12,
1692 4041 1770 4088 19.
1809 4038 1979 4088 Eccli.
2010 4041 2089 4097 11,
2120 4041 2200 4089 18.
2230 4041 2309 4089 19.
2338 4044 2391 4088 et
2415 4039 2539 4104 Sap.
2567 4042 2615 4100 2,
2643 4042 2719 4101 6.,

225 4131 309 4190 14,
339 4131 390 4178 8.
439 4127 609 4177 Eccli.
637 4131 685 4190 3,
715 4127 796 4178 18.
823 4129 934 4191 2Ο.,
975 4129 1056 4190 14,
1086 4130 1165 4177 13.
1216 4128 1349 4188 Tob.
1377 4130 1426 4188 4,
1461 4129 1534 4190 7.;
1575 4129 1656 4188 17,
1690 4129 1738 4176 3.
1787 4125 1955 4175 Eccli.
1980 4127 2064 4188 40,
2092 4128 2175 4176 29.
2202 4127 2311 4189 30.,
2352 4128 2432 4188 17,
2462 4129 2541 4175 12.
2594 4125 2718 4192 Sap.

226 4217 310 4276 10,
339 4217 418 4278 7.,
458 4217 539 4276 18,
570 4218 615 4265 1.
663 4215 830 4264 Eccli.
861 4215 908 4277 7,
938 4217 1045 4278 10.,
1087 4216 1167 4276 18,
1197 4217 1244 4264 7.
1293 4214 1461 4264 Eccli.
1489 4217 1570 4276 32,
1600 4215 1682 4264 17.
1712 4215 1818 4276 18.,
1857 4215 1939 4275 22,
1971 4216 2051 4263 10.
2103 4212 2227 4278 Sap.
2254 4217 2301 4276 3,
2329 4215 2377 4262 8.
2427 4215 2511 4262 Ex
2537 4215 2717 4262 Evan-

223 4301 368 4366 gelio
397 4315 438 4350 s.
461 4302 690 4351 Joannis
729 4317 774 4350 c.
801 4304 849 4364 3,
890 4303 970 4350 12.
1010 4301 1129 4351 coll.
1157 4300 1281 4366 Sap.
1309 4304 1356 4364 9,
1385 4303 1492 4365 16,,
1533 4303 1579 4363 5,
1611 4303 1691 4351 18.
1744 4301 1868 4365 δερ.
1896 4303 1943 4362 2,
1975 4301 2081 4365 16.,
2120 4303 2169 4362 6,
2196 4303 2277 4350 31.
2329 4299 2454 4365 δερ.
2495 4303 2577 4362 16,
2604 4303 2716 4364 2Ο.,

224 4390 274 4449 6,
295 4390 383 4438 35.
421 4387 587 4438 Eccli.
603 4389 694 4449 24,
717 4391 826 4452 29.,
853 4390 902 4450 8,
929 4389 1012 4436 55.
1052 4386 1176 4452 Sap.
1203 4391 1252 4449 2,
1276 4391 1384 4452 13.,
1413 4391 1493 4450 10,
1521 4390 1604 4438 28.
1645 4387 1769 4452 Sap.
1797 4389 1844 4450 3,
1872 4389 1947 4450 9.,
1978 4388 2057 4448 14,
2088 4389 2167 4436 17.
2207 4387 2332 4452 Sap.
2361 4389 2405 4450 1,
2428 4389 2501 4450 5.;
2533 4389 2611 4450 14,
2634 4390 2717 4436 21.

222 4475 399 4524 Eccli.
426 4477 473 4537 2,
501 4477 610 4538 17.,
652 4476 732 4536 17,
760 4477 808 4524 3.
854 4473 980 4539 Sap.
1009 4477 1090 4537 15,
1117 4476 1165 4523 3.
1194 4479 1247 4523 et
1269 4474 1436 4523 Eccli.
1465 4477 1547 4537 33,
1574 4475 1649 4537 5.3
1692 4476 1773 4536 19,
1803 4476 1883 4523 11.
1934 4473 2060 4538 δερ.
2090 4476 2170 4536 16,
2196 4475 2247 4522 4.
2287 4475 2439 4523 Haec
2477 4475 2721 4538 exempla

225 4560 338 4612 alia
377 4561 496 4610 aliis
521 4563 765 4621 certiora,
800 4562 919 4626 ipso
945 4575 1040 4610 suo
1077 4577 1298 4611 numero
1335 4562 1466 4611 satis
1501 4561 1749 4626 probant,
1788 4560 1981 4610 Libros
2007 4559 2106 4611 hos
2133 4560 2343 4610 Christo
2370 4566 2423 4609 et
2445 4559 2717 4625 Apostolis

225 4663 407 4715 neque
443 4649 672 4716 ignotos,
710 4663 885 4713 neque
924 4651 1217 4698 contemtos
1254 4630 1435 4698 fuisse.
