3309 5300
558 424 681 489 188
1262 438 1497 481 comment.
1529 438 1582 480 de
1610 440 1652 479 S.
1677 439 1834 489 script.
1865 450 1958 490 cap.
1990 451 2076 481 sec.
2108 441 2235 481 tract.
2263 440 2320 481 11.

554 614 797 675 rectius
840 611 1189 697 Polycarpi
1233 615 1719 698 interpretatio,
1767 616 1923 677 item
1969 635 2053 698 an
2101 599 2326 678 omnes
2372 614 2452 678 N.
2497 614 2572 677 T.
2617 615 2693 677 L.
2740 615 2818 679 L.
2871 638 3050 678 com·

556 721 753 807 plexa
798 725 877 786 sit
909 725 1305 807 quaeratur?
1364 724 1630 789 Certum
1679 734 1742 788 et
1786 726 2044 788 firmum
2091 725 2214 789 hac
2261 726 2342 789 de
2392 749 2461 789 re
2509 726 2821 790 iudicium
2871 728 3051 790 ferre

554 857 687 897 non
717 858 1085 919 possumuS,
1136 859 1283 900 cum
1315 837 1603 901 nondum
1638 847 1934 922 repertus
1967 840 2047 901 sit
2080 839 2315 920 codex,
2359 841 2468 923 qui
2500 840 2818 923 integram
2852 839 3054 923 Poly-

558 950 737 1033 carpi
780 951 1403 1034 interpretationem,
1450 950 1555 1014 vel
1603 949 1832 1014 saltem
1866 952 2179 1014 maiorem
2216 953 2352 1015 eius
2384 960 2640 1036 partem
2674 951 3055 1031 exhiberet,

560 1082 643 1123 ex
708 1082 835 1145 quo
898 1061 1184 1125 indolem
1250 1065 1386 1127 eius
1437 1084 1838 1147 cognoscere
1893 1062 2278 1159 valeremus.
2359 1062 2735 1127 Gloriantur
2783 1064 3058 1148 quidem

557 1182 757 1237 testes
784 1173 1133 1239 domestici
1183 1174 1264 1237 de
1298 1198 1568 1256 summa,
1618 1197 1749 1259 qua
1797 1174 2130 1239 elaborata
2176 1177 2316 1258 fuit,
2364 1177 2780 1240 accuratione
2815 1186 2880 1240 et
2912 1175 3059 1239 dili-

558 1288 779 1368 gentia
807 1289 857 1347 ¹:
898 1285 1016 1350 sed
1047 1289 1331 1351 numeris
1368 1288 1668 1351 omnibus
1699 1288 1876 1352 haud
1909 1288 2276 1352 absolutam
2307 1290 2504 1352 fuisse
2550 1288 2702 1352 inde
2737 1290 3055 1373 sequitur,

561 1396 739 1482 quod
784 1409 933 1483 post
978 1399 1311 1463 saeculum
1356 1402 1469 1463 vix
1517 1400 1810 1485 elapsum
1859 1400 2235 1464 Thomas2
2290 1424 2530 1465 novam
2573 1402 2763 1465 huius
2805 1404 3058 1465 versio-

560 1512 657 1573 nis
706 1510 1054 1575 editionem
1103 1512 1187 1574 ad
1234 1511 1361 1575 duo
1408 1512 1514 1576 vel
1559 1514 1682 1575 tria
1730 1513 2132 1598 exemplaria
2189 1535 2430 1597 graeca
2477 1512 2780 1577 collatam
2824 1536 3056 1576 rursus

564 1624 904 1687 curaverit.
986 1622 1179 1705 Quod
1226 1647 1360 1687 non
1420 1624 1629 1688 solum
1675 1634 1996 1688 testantur
2041 1627 2391 1710 scriptores
2441 1624 2587 1711 Syri
2609 1629 2652 1708 3,
2711 1628 2821 1710 qui
2867 1627 3056 1689 istius

560 1736 680 1797 viri
740 1737 1137 1800 mentionem
1199 1737 1527 1819 fecerunt3
1587 1740 2059 1802 verumetiam
2121 1737 2554 1823 epigraphe
2619 1737 2700 1801 ab
2749 1740 2891 1824 ipso
2937 1737 3054 1800 illo

562 1845 853 1911 Thoma
898 1870 1054 1912 suae
1104 1859 1169 1912 et
1213 1849 1722 1933 Evangeliorum
1773 1859 1840 1913 et
1883 1850 2325 1935 Epistolarum
2373 1849 2858 1915 Catholicarum
2903 1872 3057 1912 ver·
3133 1916 3140 1919 ,

563 1960 728 2022 sioni
759 1959 981 2023 addita
1027 1961 1369 2025 confirmat
1386 1966 1429 2024 4.
1494 1961 1774 2042 Quando
1823 1973 2042 2027 autem
2076 1986 2220 2027 cum
2272 1962 2660 2048 quibusdam
2711 1962 3056 2027 codicibus

566 2069 838 2135 Graecis
856 2081 921 2135 et
939 2071 1259 2137 Versione
1278 2076 1726 2160 antiquissima
1743 2074 2056 2159 Syrorum
2072 2075 2531 2140 Heracleensis
2555 2074 2792 2139 collata
2810 2073 3058 2138 fuerit?

564 2192 758 2267 atque
821 2184 906 2247 ad
950 2206 1199 2248 morem
1244 2186 1698 2272 Hexaplorum
1747 2188 1971 2271 obeliS,
2029 2190 2353 2252 asteriscis
2398 2186 2917 2272 lectionibusque
2968 2185 3058 2248 ad

562 2298 923 2380 marginem
971 2300 1295 2363 annotatis
1340 2300 1744 2365 variantibus
1792 2300 2311 2385 distinguebatur
2334 2304 2385 2383 ⁵,
2431 2323 2653 2364 rursus
2698 2302 2992 2365 nescitur
3011 2302 3056 2361 ⁶.

564 2642 701 2692 quae
762 2630 975 2677 omnino
1035 2626 1194 2677 fidem
1252 2633 1495 2678 meretur.
1576 2629 1686 2678 Iste
1748 2628 1961 2693 quidem
2019 2630 2304 2678 memoriae
2365 2628 2624 2694 prodidit:
2696 2626 3061 2694 Polycarpum

565 2713 1018 2779 chorepiscopum
1078 2714 1369 2764 Philoxeno
1431 2717 1547 2780 ipso
1610 2715 1744 2764 duce
1807 2721 1860 2764 et
1919 2731 2138 2766 suasore
2204 2717 2342 2765 hanc
2401 2718 2699 2765 versionem
2759 2732 2788 2764 e
2845 2715 3060 2764 Graeco

564 2801 885 2851 elaborasse.

776 2889 811 2952 1)
850 2889 1173 2953 Fragmenta
1210 2891 1404 2953 exigua
1436 2905 1464 2938 e
1492 2875 1718 2938 scholiis
1745 2887 1874 2938 Cod.
1901 2890 2022 2938 Vat.
2048 2907 2100 2939 n.
2129 2891 2243 2940 153.
2283 2891 2580 2955 adscriptis,
2613 2889 2854 2955 vulgavit
2877 2891 3056 2940 Wise-

564 2991 703 3037 man,
731 2975 763 3024 l.
786 2992 829 3024 c.
852 2993 902 3040 p.
928 2978 1059 3037 178„
1086 2991 1311 3040 graecae
1336 2975 1461 3025 fidei
1486 2978 1615 3026 satis
1641 2976 1982 3040 respondent.
2027 2977 2066 3042 2)
2093 2978 2175 3026 Ab
2202 2979 2333 3026 urbe
2358 2977 2526 3026 natali
2550 2977 2821 3026 Heraclea
2845 2977 3055 3041 Syriae,

565 3061 1038 3112 Heracleensis
1088 3063 1283 3124 dictus,
1324 3063 1448 3112 olim
1501 3065 1747 3112 coenobii
1786 3064 1930 3112 Taril
1973 3063 2294 3126 monachus3
2347 3063 2536 3112 deinde
2575 3080 2624 3112 u.
2663 3081 2712 3113 v.
2752 3065 3059 3129 episcopus.

567 3149 607 3213 ³)
646 3149 1075 3210 Bar-Hebraeus,
1126 3152 1181 3198 in
1230 3151 1494 3200 Chronico
1545 3168 1593 3215 p.
1634 3153 1751 3200 334.
1790 3152 1909 3199 441.
1962 3156 2013 3200 et
2048 3151 2374 3214 Anonymus,
2423 3150 2660 3200 Thomae
2706 3151 3060 3216 biographus,

566 3237 709 3300 apud
734 3237 1085 3287 Assemanum
1121 3238 1189 3298 II,
1228 3241 1311 3286 93.
1385 3239 1425 3302 ⁴)
1467 3237 1747 3302 Congessit
1784 3239 2032 3302 notisque
2069 3237 2356 3286 illustravit
2393 3237 2526 3286 haec
2564 3239 2868 3287 testimonia
2895 3237 2958 3287 G.
2987 3239 3058 3287 H.

566 3324 860 3385 Bernstein,
900 3325 963 3372 de
1002 3323 1319 3374 Charklensi
1350 3325 1489 3374 Novi
1526 3325 1670 3373 Test.
1709 3325 2059 3374 translatione
2099 3326 2306 3387 syriaca
2344 3330 2620 3373 comment.
2660 3325 2873 3373 Vratisl.
2902 3325 3062 3374 1837.

571 3438 633 3446 —
674 3411 754 3459 ed.
792 3412 859 3460 II.
902 3413 1050 3461 1854.
1089 3441 1158 3448 —
1194 3429 1244 3476 p.
1284 3414 1329 3460 7.
1368 3429 1408 3460 s.
1472 3411 1605 3460 Cum
1657 3417 1834 3460 autem
1885 3413 2013 3461 satis
2064 3416 2348 3476 appareat:
2396 3410 2652 3460 'rhomam
2703 3411 3064 3460 Harclensem

570 3500 933 3547 recensionem
980 3501 1174 3563 potius,
1214 3501 1325 3548 sive
1366 3499 1648 3548 editionem
1695 3514 1884 3548 novam
1924 3498 2342 3548 Philoxenianae
2380 3499 2832 3562 interpretationis
2876 3513 3063 3548 susce-

570 3585 728 3647 pisse,
768 3585 961 3648 quibus
997 3584 1267 3633 literarum
1305 3585 1553 3634 subsidiis
1590 3585 1730 3633 hanc
1769 3599 1984 3648 operam
2022 3585 2346 3649 praestiterit
2383 3583 2696 3633 videamus?
2754 3585 3064 3650 Evangelia

572 3687 689 3720 cum
728 3673 937 3722 duobus
972 3672 1060 3720 vel
1094 3673 1261 3721 tribus
1290 3701 1354 3707 ——
1383 3671 1501 3721 coll.
1539 3672 1727 3720 Matth.
1767 3674 1849 3732 27,
1891 3673 1972 3720 35.
2013 3673 2094 3731 28,
2136 3673 2182 3719 5.
2221 3671 2314 3719 ubi
2351 3672 2452 3719 tria
2489 3670 2815 3736 exemplaria
2863 3687 3066 3737 graeca

568 3759 870 3807 laudantur.
898 3787 963 3793 -—
992 3761 1082 3823 qui
1106 3760 1466 3824 probatissimi
1490 3760 1827 3808 habebantur
1853 3757 2128 3808 codicibus
2157 3757 2375 3808 Graecis
2413 3759 2667 3822 contulit;
2705 3759 2842 3808 Acta
2877 3765 3064 3808 autem

572 3845 946 3910 Apostolorum
980 3852 1033 3894 et
1055 3847 1327 3910 Epistolas
1359 3846 1668 3895 Catholicas
1695 3863 1758 3894 ex
1789 3862 1897 3895 uno
1923 3850 2128 3894 tantum
2168 3846 2262 3894 sed
2300 3841 2686 3894 correctissimo
2723 3847 3066 3910 recognovit3

573 3937 702 3996 quot
732 3949 857 3982 vero
896 3934 949 3980 in
975 3932 1229 3999 Epistolis
1256 3933 1493 3982 Paulinis
1532 3933 1776 3981 habuerit
1809 3933 1992 3994 libros,
2033 3947 2140 3981 non
2179 3937 2413 3995 constat3
2453 3933 2704 3996 quoniam
2740 3934 2931 3981 unicus
2971 3932 3070 3980 ille

573 4019 741 4068 codex
769 4019 1105 4080 oxoniensis,
1146 4022 1236 4084 qui
1272 4025 1485 4084 praeter
1520 4020 1652 4068 alios
1690 4021 1754 4068 N.
1781 4021 1841 4068 Τ.
1880 4020 2070 4070 Libros
2098 4023 2254 4070 etiam
2287 4019 2338 4068 S.
2371 4018 2527 4068 Pauli
2566 4019 2780 4068 exhibet
2803 4047 2868 4054 —
2895 4035 2926 4068 e
2955 4035 3068 4083 quo

570 4106 805 4155 Whitius
842 4122 895 4155 u.
942 4109 974 4154 i.
1010 4124 1057 4154 v.
1098 4123 1189 4156 eos
1226 4107 1426 4171 publici
1462 4108 1591 4155 iuris
1627 4107 1767 4157 fecit.
1808 4135 1874 4142 —-
1911 4108 1965 4155 in
2004 4108 2232 4173 epistola
2268 4107 2337 4155 ad
2374 4106 2654 4154 Hebraeos
2700 4105 2900 4166 deficit,
2951 4109 3066 4170 epi—

572 4192 882 4258 grapheque
920 4193 1235 4242 destituitur.
1296 4194 1672 4244 Heracleensis
1710 4194 2088 4254 translationis,
2129 4208 2288 4257 quam
2327 4193 2444 4256 Syri
2483 4190 2844 4256 adpellatione
2878 4201 3070 4253 snam,

574 4277 779 4340 ἔκδυσις,
819 4281 977 4328 editio
1006 4307 1071 4315 —
1098 4296 1170 4329 sc.
1211 4279 1331 4328 libri
1369 4298 1416 4328 v.
1457 4280 1518 4329 G.
1547 4281 1613 4328 H.
1641 4281 1940 4340 Bernstein,
1966 4280 2219 4329 Lexicon.
2249 4279 2362 4344 Syr.
2389 4279 2448 4327 C.
2475 4279 2540 4327 K.
2581 4294 2693 4328 acc.
2732 4280 2880 4342 Lips.
2910 4280 3072 4328 1836.

573 4385 625 4432 p.
665 4369 782 4417 321.
811 4396 876 4403 —
904 4373 1173 4428 ornarunt,
1214 4367 1356 4432 apud
1394 4368 1680 4430 scriptores
1719 4366 2037 4415 domesticos
2065 4395 2129 4402 -—
2166 4383 2210 4414 e.
2250 4381 2294 4414 c.
2331 4365 2658 4415 Bar-Bahlul
2695 4368 2753 4413 in
2787 4367 2921 4414 Lex,
2963 4381 3074 4429 syr.

575 4459 629 4504 et
678 4455 824 4503 arab.
874 4470 1031 4503 msso.
1086 4458 1138 4502 et
1184 4454 1565 4502 Bar—Hebraeo
1606 4481 1671 4488 —-
1707 4452 2106 4518 Abulpharagio
2151 4483 2206 4488 -
2247 4455 2302 4501 in
2337 4452 2496 4501 Thes.
2534 4453 2753 4516 Myster.
2792 4481 2860 4487 —
2897 4451 3074 4501 veluti

574 4541 852 4606 praeclara
886 4541 1147 4590 laudatur.
1208 4541 1245 4605 5)
1286 4541 1436 4600 Quae
1474 4545 1653 4589 tamen
1690 4541 1858 4603 signa,
1885 4541 1941 4588 in
1964 4539 2204 4604 pluribus
2243 4537 2562 4603 apographis
2600 4542 3076 4589 ammanuensium

576 4629 851 4696 imperitia,
892 4628 1078 4680 mirum
1102 4629 1157 4676 in
1184 4627 1396 4679 modum
1424 4627 1716 4695 depravata
1743 4632 1878 4676 sunt.
1937 4625 1976 4693 ⁶)
2016 4627 2206 4676 Exstat
2231 4627 2284 4674 in
2312 4631 2394 4676 sat
2418 4625 2595 4676 multis
2623 4625 2906 4675 codicibus
2946 4642 3075 4676 mss.
