3309 5300
1286 393 1430 434 Biblia
1456 393 1720 445 nungarioa.
2621 384 2748 449 247

262 570 545 629 Universa
574 574 777 628 autem
810 571 1007 629 Biblia
1038 572 1213 630 Sacra
1241 593 1272 629 e
1303 573 1613 632 collatione
1641 574 1936 646 hebraici,
1987 576 2178 648 graeci
2229 576 2518 655 latinique
2550 583 2748 637 textus

258 676 573 748 hungarice
618 677 1045 752 interpretatus
1076 678 1255 734 fuisse
1300 679 1643 753 perhibetur
1668 676 1722 735 ¹:
1766 678 2163 754 Stephanus
2212 684 2476 739 Arator
2517 678 2575 739 S.
2608 682 2663 739 J.
2689 679 2746 753 23·

258 781 349 836 sed
398 780 545 835 haec
600 778 767 837 iuius
822 781 1235 855 interpretatio
1294 801 1597 859 nunquam
1657 783 1818 859 typis
1871 785 2008 841 data
2058 784 2194 841 fuit.
2269 785 2473 843 Gloria
2531 786 2748 844 laboris

258 883 505 941 herculei
538 884 601 940 S.
626 883 1069 959 Scripturarum
1099 885 1173 942 U.
1196 887 1263 943 F.
1296 887 1715 944 vertendarum
1745 888 1915 944 cessit
1945 888 2248 962 Georgio
2279 889 2498 947 Kaldi
2529 890 2587 947 S.
2619 891 2676 947 J.
2701 889 2742 962 3,

257 992 378 1047 viro
424 988 712 1045 scientiae
758 994 819 1045 et
854 989 1091 1064 pietatis
1130 990 1301 1047 laude
1347 989 1643 1065 praeclaro
1665 988 1709 1047 4.
1772 994 2116 1067 Approbata
2159 993 2492 1051 Vernacula
2535 994 2742 1052 Kaldii

256 1092 443 1151 Biblia
489 1097 805 1169 postquam
834 1095 900 1150 in
929 1094 1119 1151 lucem
1150 1095 1531 1170 prodiissent,
1574 1097 1834 1153 maximo
1881 1097 2167 1171 applausu
2205 1102 2449 1173 excepta
2477 1099 2741 1170 fuerunt,

256 1216 473 1253 summa
504 1200 668 1254 enim
722 1197 836 1254 fide
890 1203 948 1255 et
1000 1200 1192 1256 studio
1252 1199 1600 1257 concinnata
1661 1200 2126 1274 reperiebantur.
2211 1201 2462 1260 Kaldius
2525 1222 2746 1261 memor

256 1300 409 1359 illius
440 1302 744 1377 praecepti
778 1321 904 1373 ,nec
932 1305 1179 1360 verbum
1211 1305 1386 1361 verbo
1418 1305 1660 1361 reddere
1691 1305 1920 1362 curabis
1952 1304 2103 1362 fidus
2142 1307 2473 1381 interpres‘,
2513 1326 2746 1363 sensum

256 1406 309 1462 S.
338 1403 675 1462 Bibliorum
715 1425 883 1481 saepe
914 1406 1067 1463 clare
1113 1408 1387 1479 reddidit,
1438 1427 1864 1485 nonnunquam
1896 1412 2091 1465 tamen
2123 1413 2264 1486 quia
2303 1410 2521 1468 Textui
2560 1412 2744 1467 latino

257 1508 497 1579 nimium
531 1510 817 1582 adhaesit,
853 1511 1007 1568 unde
1039 1512 1316 1568 obscurus
1347 1511 1419 1568 fit
1440 1510 1481 1567 5.

256 1700 314 1749 In
358 1700 537 1747 omnia
584 1699 692 1748 alia
737 1700 850 1749 abit
896 1698 947 1747 S.
994 1696 1277 1761 Markfi,
1324 1700 1525 1749 Introd.
1574 1702 1629 1748 in
1673 1699 1725 1749 S.
1774 1702 1838 1749 L.
1877 1702 1942 1751 N.
1989 1702 2050 1750 Τ.
2088 1702 2130 1762 Ι,
2183 1704 2329 1751 143.:
2397 1702 2738 1763 „Joannes

256 1784 419 1835 Erdb'
432 1802 535 1851 sy,
588 1788 775 1851 inquit,
814 1785 948 1835 alias
986 1784 1339 1848 Silvester,
1390 1792 1547 1836 natus
1584 1788 1639 1834 in
1680 1784 2086 1851 Szinervaralja,
2127 1804 2259 1838 com.
2298 1787 2739 1840 Szathmariensis

257 1873 399 1922 homo
451 1873 853 1922 saecularis...
903 1873 1046 1937 apud
1096 1875 1338 1922 comitem
1386 1872 1642 1922 Thomam
1691 1870 2010 1939 Nadasdy
2056 1874 2400 1940 paedagogus
2439 1876 2647 1926 aulicus
2687 1879 2744 1925 in

260 1959 469 2009 castello
510 1960 759 2024 Ujsziget
796 1988 861 1996 -—
898 1959 1056 2008 hodie
1095 1956 1294 2009 Sarvar
1341 1959 1487 2009 Com.
1527 1959 1730 2008 Castris
1765 1988 1826 1995 —
1867 1961 2096 2025 denique
2141 1962 2420 2012 Professor
2466 1962 2742 2028 linguae

256 2047 597 2095 hebraeae
646 2048 702 2095 in
740 2047 1077 2095 scientiarum
1120 2048 1469 2095 universitate
1504 2046 1868 2096 Wiennensi.“
1931 2047 2234 2096 Dolendum
2285 2064 2335 2098 v.
2383 2065 2424 2098 s.
2463 2066 2503 2099 r.
2540 2046 2737 2099 Markfi

257 2150 353 2182 non
387 2133 675 2195 indicasse,
714 2133 855 2182 unde
893 2133 1027 2182 haec
1063 2132 1315 2181 hauserit.
1362 2133 1651 2182 Enimvero
1689 2133 1902 2181 obstare
1928 2133 2188 2196 videntur,
2228 2138 2393 2183 testes
2431 2135 2534 2185 fide
2573 2138 2738 2201 digni,

258 2219 475 2283 catalogi
516 2220 904 2284 stipendiorum
929 2219 1299 2268 Professorum
1326 2234 1411 2283 ap.
1437 2220 1500 2267 R.
1527 2219 1689 2282 Kink,
1723 2219 1914 2269 Gesch.
1942 2220 1991 2268 d.
2017 2219 2070 2273 h.
2097 2220 2344 2269 Univers.
2381 2222 2557 2271 Wien.
2587 2224 2739 2272 1854.

257 2307 293 2367 Ι,
317 2309 361 2367 2,
388 2308 505 2355 165.
535 2309 585 2354 6.
622 2306 684 2353 111
726 2306 843 2355 istis
876 2306 1086 2370 quidem
1115 2305 1393 2353 exhibetur
1416 2304 1539 2355 Joh.
1568 2305 1826 2355 Silvester
1860 2306 2200 2356 Historias
2239 2308 2465 2372 docens3
2503 2308 2741 2374 linguam

258 2399 479 2442 attamen
525 2392 837 2443 hebraeam‘
866 2408 930 2442 eo
977 2399 1215 2458 tempore
1260 2393 1294 2441 i.
1335 2408 1380 2441 e.
1433 2394 1581 2441 1552.
1621 2408 1663 2441 s.
1711 2393 1981 2457 professus
2026 2398 2108 2443 est
2148 2394 2388 2443 Andreas
2435 2395 2740 2447 Blancus.

255 2481 419 2529 Etiam
455 2480 558 2529 illa
595 2481 887 2544 assignatio
924 2479 1326 2543 stipendiorum,
1366 2494 1525 2544 quam
1564 2479 1631 2527 ad
1670 2494 1868 2528 annum
1895 2482 2045 2530 1555.
2097 2481 2293 2546 Consp.
2319 2482 2458 2531 Hist.
2493 2483 2739 2533 Univers.

258 2568 434 2615 Vienn.
489 2568 644 2616 1724.
696 2584 747 2632 p.
800 2568 914 2616 196.
964 2566 1189 2615 inseruit
1237 2564 1291 2615 S.
1340 2566 1830 2616 Mitterdorffer
1878 2566 1930 2615 S.
1977 2567 2057 2629 J.,
2108 2568 2376 2617 Andream
2424 2568 2740 2619 Blancum

256 2655 617 2703 Hebraeam
654 2654 900 2704 docuisse
936 2657 1187 2716 testatur3
1235 2654 1463 2703 Joannis
1499 2669 1625 2702 vero
1666 2652 1908 2703 Silvestri
1943 2653 2104 2718 plane
2143 2671 2249 2704 non
2286 2657 2538 2705 meminit.
2598 2657 2741 2706 Illud

257 2741 399 2789 modo
449 2741 631 2790 adhuc
680 2742 851 2790 obiter
899 2757 1173 2790 monemus
1222 2741 1307 2789 W.
1360 2739 1675 2801 Gesenium,
1726 2745 1821 2788 art.
1870 2739 2026 2789 Bibel
2075 2756 2162 2805 ap.
2210 2741 2382 2790 Ersch
2433 2748 2485 2792 et
2531 2742 2739 2792 Gruber

254 2827 544 2893 Encyclop.
584 2845 696 2893 sep.
744 2829 892 2893 Lips.
935 2830 1083 2878 1823.
1123 2845 1173 2892 p.
1217 2829 1330 2876 153.
1380 2826 1710 2876 mendaciter
1757 2828 1858 2876 ista
1900 2828 2205 2892 scripsisse:
2257 2829 2424 2889 „Vom
2460 2829 2740 2894 Tyrnauer

258 2915 492 2964 Jesuiten
530 2915 593 2964 G.
619 2913 815 2978 Kaldy,
854 2915 1027 2963 Wien.
1057 2915 1207 2963 1626.
1248 2913 1339 2962 fol.
1367 2912 1455 2962 Sie
1482 2915 1552 2963 ist
1577 2913 1724 2962 bloss
1761 2913 1900 2962 nach
1938 2913 2031 2962 der
2061 2913 2295 2978 Vulgata
2332 2915 2592 2978 gemacht,
2630 2915 2741 2965 und

258 3001 351 3050 die
387 3002 677 3066 einzige,
710 3000 771 3068 [?]
814 3001 1058 3050 welche
1098 3001 1210 3050 das
1248 3000 1676 3050 katholische
1713 3000 1982 3064 Ungarn
2019 3001 2470 3050 aufzuweisen
2506 3003 2664 3052 hat.“

455 3089 497 3150 ¹)
532 3089 579 3137 A
614 3085 826 3150 Kaldio,
866 3085 1051 3136 oktat6
1089 3085 1225 3137 intes
1259 3103 1311 3137 n.
1335 3087 1457 3136 VII.
1494 3104 1546 3152 p.
1576 3089 1621 3136 7.
1663 3092 1716 3136 et
1750 3087 1906 3136 Nath.
1947 3086 2245 3136 Sotvello
2285 3087 2338 3136 S.
2374 3088 2443 3149 J.,
2480 3087 2737 3138 Biblioth.

258 3173 435 3240 Script.
469 3173 591 3223 Soc.
611 3175 759 3223 Jesu.
784 3175 934 3222 Rom.
958 3175 1108 3223 1676.
1135 3190 1186 3238 p.
1214 3175 1329 3222 746.
1353 3175 1400 3222 7.
1456 3173 1495 3239 2)
1528 3174 1677 3222 Alias
1703 3170 1918 3235 Szant6‚
1946 3173 2114 3223 dioec.
2141 3173 2367 3237 Jaurin„
2391 3175 2447 3222 in
2472 3191 2580 3225 soc.
2606 3175 2642 3224 J
2646 3191 2740 3225 esu

258 3276 283 3310 e
306 3260 437 3311 Coll.
464 3277 629 3326 germ.
655 3261 833 3325 hung„
872 3263 929 3310 in
954 3276 1058 3325 quo
1084 3261 1259 3310 fuerat
1284 3260 1529 3310 alumnus
1558 3263 1709 3310 1561.
1737 3261 2014 3310 admissus.
2080 3257 2122 3325 ³)
2150 3261 2334 3310 Patria
2356 3262 2738 3325 Tyrnaviensis

257 3363 353 3397 soc.
388 3349 528 3398 Jesu
564 3351 834 3413 ingressus
862 3352 943 3396 est
967 3348 1169 3396 Romae
1197 3349 1366 3410 1598„
1404 3347 1666 3397 referente
1706 3347 1960 3409 Sotvello,
1999 3348 2033 3396 l.
2061 3363 2106 3396 0.
2137 3364 2189 3412 p.
2219 3350 2338 3397 291.
2393 3349 2434 3413 ⁴)
2474 3349 2741 3398 Laborem

255 3435 413 3485 Albae
454 3434 742 3484 Carolinae
779 3436 1085 3499 auspicatus
1136 3441 1217 3484 est
1252 3449 1285 3484 a
1321 3435 1473 3489 Novo
1522 3435 1866 3484 Testamento
1916 3437 1996 3483 11.
2037 3433 2153 3483 Oct.
2196 3436 2372 3496 1605„
2423 3435 2568 3500 quod
2603 3434 2741 3485 finiit

257 3523 299 3570 9.
332 3523 465 3570 Ι)00.
506 3538 552 3570 0.
592 3536 657 3583 a.‚
695 3523 852 3570 sicuti
888 3523 1003 3586 ipse
1041 3525 1224 3570 narrat
1257 3523 1312 3570 in
1350 3521 1559 3571 schedis
1597 3537 1740 3582 mss„
1780 3535 1912 3586 quas
1949 3520 2190 3585 possidet
2224 3537 2368 3570 nunc
2410 3537 2453 3570 r.
2491 3521 2737 3572 Univers.

258 3609 447 3658 Pestin.
516 3608 651 3657 Inde
700 3624 758 3658 se
808 3607 877 3657 ad
924 3608 986 3656 V.
1036 3609 1097 3656 F.
1153 3609 1582 3657 transferendum
1635 3607 1885 3670 contulit,
1940 3606 2179 3672 illudque
2229 3609 2313 3657 25.
2357 3609 2536 3657 Martii
2588 3611 2737 3658 1606.

260 3695 515 3745 010111110ἱί
554 3710 664 3744 una
687 3711 808 3744 cum
833 3695 867 3744 l.
894 3695 928 3744 l.
956 3695 1052 3744 ΙΙΙ.
1080 3699 1133 3744 01
1162 3695 1254 3744 IV.
1290 3696 1497 3746 Esdrae
1536 3699 1590 3744 et
1626 3701 1757 3745 orat.
1795 3695 2060 3745 Manassis
2099 3694 2355 3758 absolvit3
2395 3694 2579 3744 addita
2615 3695 2738 3744 sub·

256 3784 537 3847 scriptione
574 3783 748 3843 „Laus
774 3782 893 3830 Deo
920 3782 1084 3831 Trino
1124 3787 1177 3830 et
1200 3782 1325 3844 Uni,
1364 3782 1717 3833 Beatissimae
1743 3777 1958 3846 'Virgini
1993 3781 2214 3843 Mariae,
2252 3781 2457 3847 Angelo
2497 3782 2736 3844 Custodi,

259 3874 306 3918 et
338 3869 539 3919 Sancto
578 3868 853 3934 Stephano
889 3869 1025 3933 Regi
1063 3875 1117 3918 et
1151 3869 1407 3934 Apostolo
1445 3870 1784 3934 Hungariae,
1833 3870 1984 3918 cuius
2029 3870 2200 3932 gentis
2245 3868 2408 3918 saluti
2451 3868 2605 3919 labor
2648 3869 2735 3918 hic

256 3961 529 4019 susceptus
568 3962 665 4004 est.
720 3954 931 4004 Gratias
968 3956 1064 4004 tibi
1088 3957 1335 4017 Domine,
1374 3958 1516 4020 quia,
1556 3957 1647 4020 qui
1685 3955 1877 4005 dedisti
1913 3955 2070 4016 velle,
2108 3954 2304 4004 dedisti
2341 3961 2396 4004 et
2430 3954 2734 4020 perficere.“

256 4044 411 4108 Typis
450 4043 722 4108 descripta
748 4044 991 4092 exierunt
1019 4045 1243 4107 primum
1271 4045 1421 4092 1626.
1463 4042 1820 4093 Vindobonae
1857 4044 1909 4092 h.
1933 4047 2000 4092 t.:
2039 4043 2202 4092 Szent
2235 4043 2429 4092 Biblia.
2477 4042 2554 4091 Az
2581 4040 2738 4108 egesz

256 4127 771 4194 keresztyensegben
826 4127 1011 4180 beviitt
1064 4127 1175 4194 regi
1232 4127 1373 4179 deak
1427 4127 1665 4180 1101111161.
1738 4131 2048 4193 Nyomtatta
2101 4127 2357 4179 Bechben
2410 4144 2444 4178 a
2495 4129 2738 4178 koloniai

256 4216 527 4266 udvarban
581 4216 841 4267 Formika
889 4214 1053 4265 Mate.
1105 4218 1255 4265 1626.
1312 4213 1691 4266 esztendiiben.
1765 4217 1901 4265 Prae
1953 4217 2202 4266 manibus
2257 4215 2413 4266 nobis
2469 4221 2551 4266 est
2605 4214 2738 4264 illud

256 4303 433 4352 horum
471 4303 769 4353 Bibliorum
818 4303 1112 4368 exemplar,
1161 4303 1305 4369 quod
1347 4303 1718 4353 Bibliothecae
1764 4302 2050 4366 Augustali
2096 4301 2288 4352 obtulit
2325 4303 2371 4353 8.
2410 4301 2544 4366 Maji
2583 4303 2736 4352 1627.

256 4391 559 4440 immortalis
594 4392 881 4440 memoriae
922 4389 1079 4440 Card.
1112 4391 1335 4440 Primas.
1371 4391 1561 4440 Petrus
1598 4385 1958 4453 PazmAnffi
1998 4390 2090 4453 qui
2127 4393 2180 4438 et
2205 4394 2296 4450 „ut
2330 4404 2428 4454 pro
2468 4389 2737 4438 communi

256 4478 307 4526 in
339 4478 625 4542 Hungaria
648 4476 927 4528 Ecclesiae
966 4477 1278 4528 Catholicae
1317 4477 1672 4529 emolumento
1708 4478 2070 4542 imprimatur“
2111 4474 2422 4526 facultatem
2457 4476 2738 4525 concessit.

258 4565 291 4635 ⁵)
316 4565 777 4628 Quemadmodum
801 4565 1107 4619 observavit
1130 4565 1423 4631 Bibliorum
1449 4561 1633 4620 Kaldii
1658 4565 1874 4619 criticus
1907 4559 2106 4635 εὐσεβὴς
2133 4561 2186 4612 S.
2215 4561 2424 4631 Markfi,
2463 4577 2496 4612 a
2519 4575 2739 4633 magyar
