3309 5300
1046 404 1185 453 Super
1210 403 1379 445 ratione
1408 406 1573 445 Textus
1602 407 1648 446 Α.
1682 407 1727 446 F.
1757 406 1924 447 critica.
2643 396 2723 459 97

324 680 378 757 ξ.
427 681 525 745 37.
565 677 971 744 Varietas
1017 679 1343 745 Textus
1388 680 1807 746 Hebraici
1855 684 1950 747 ab
1997 685 2279 748 initiis
2326 684 2660 749 saeculi

581 790 1021 856 undecimi
1066 814 1337 878 usque
1386 793 1486 857 ad
1530 793 1686 858 illa
1732 794 2041 859 decimi
2087 798 2380 881 quinti.

459 982 583 1031 Cum
630 998 798 1047 usque
846 983 916 1032 ad
952 984 1160 1032 initium
1208 984 1475 1034 undecimi
1512 986 1720 1036 saeculi
1755 988 2054 1036 Literarum
2095 986 2146 1037 S.
2197 989 2254 1037 in
2291 987 2510 1037 Oriente
2548 989 2726 1039 studi-a

262 1067 393 1132 apud
441 1069 577 1119 solos
619 1069 732 1119 fere
769 1070 1075 1120 floruissent
1108 1071 1346 1121 Judaeos
1384 1072 1742 1137 Babyloni083
1791 1072 1885 1121 illa
1923 1072 1990 1121 ab
2029 1088 2092 1121 eo
2129 1073 2252 1122 inde
2287 1078 2526 1139 tempore
2565 1076 2722 1123 etiam

262 1154 323 1201 ad
371 1156 638 1221 Europam
682 1156 955 1206 translata
1009 1162 1156 1219 suut,
1217 1159 1500 1208 occasione
1556 1158 1684 1207 data
1720 1172 1753 1207 a
1804 1158 2113 1220 vexatione,
2178 1173 2316 1224 quae
2371 1174 2512 1208 anno
2572 1162 2722 1209 1040.

258 1240 489 1291 iudaicae
531 1244 676 1307 genti
712 1244 769 1291 in
807 1242 1025 1293 Oriente
1064 1259 1095 1293 a
1133 1243 1416 1293 Saracenis
1462 1243 1745 1293 subeunda
1782 1248 1911 1292 erat.
1969 1243 2048 1293 cf.
2085 1245 2223 1307 Jost,
2263 1244 2454 1295 Gesch.
2495 1246 2562 1306 II,
2603 1248 2718 1295 287.

262 1326 460 1393 Quippe
511 1343 576 1377 ea
626 1334 850 1393 urgente
900 1323 1098 1379 Judaei
1151 1330 1369 1379 sedibus
1424 1332 1535 1380 suis
1584 1329 1750 1396 pulsi,
1807 1344 1998 1395 magno
2053 1347 2272 1384 numero
2330 1332 2384 1381 in
2433 1332 2722 1397 Europam,

259 1415 469 1463 maxime
518 1415 574 1464 in
628 1415 947 1481 Hispaniam
1000 1416 1249 1481 profecti,
1305 1415 1434 1466 illuc
1490 1416 1841 1465 eruditionem
1897 1430 2048 1465 suam
2102 1431 2166 1465 ac
2215 1418 2527 1481 praesertim
2577 1416 2725 1465 Sacri

261 1499 459 1549 Codicis
506 1502 739 1551 studium
787 1502 1197 1565 transtulerunt3
1252 1502 1393 1551 unde
1432 1508 1485 1552 et
1519 1504 1708 1566 ingens
1756 1501 1824 1550 ab
1873 1517 1936 1550 eo
1974 1507 2211 1567 tempore
2260 1502 2452 1563 floruit,
2500 1505 2725 1568 primum

257 1586 307 1633 in
339 1586 610 1652 Hispania,
650 1587 840 1638 deinde
880 1593 931 1637 et
964 1590 1021 1637 in
1056 1588 1216 1637 Italia
1254 1603 1319 1637 ac
1358 1588 1645 1638 Germania
1683 1588 2005 1637 eruditorum
2041 1590 2097 1637 in
2136 1588 2238 1637 hac
2274 1594 2447 1655 gente,
2496 1591 2720 1639 maxime

260 1673 458 1723 saeculo
487 1674 608 1723 XII.
647 1679 701 1723 et
736 1675 884 1723 XIII.
922 1690 1187 1726 numerus,
1237 1674 1385 1723 Inter
1420 1675 1534 1737 hos,
1576 1675 1668 1739 qui
1705 1674 1769 1723 de
1795 1672 1846 1722 S.
1875 1673 2160 1739 Scripturis
2198 1676 2336 1724 bene
2373 1677 2545 1725 meriti
2583 1682 2724 1737 sunt,

258 1774 378 1822 prae
412 1760 522 1811 aliis
574 1762 903 1810 memorandi
950 1767 1130 1810 erunt:
1182 1761 1363 1811 Aben
1408 1762 1602 1823 Ezra,
1657 1761 2110 1823 Maimonides,
2166 1760 2420 1811 Salomo
2467 1761 2724 1823 Jarchi,

258 1846 569 1911 Josephus
610 1852 671 1895 et
706 1848 922 1896 David
959 1847 1240 1909 Kimchi,
1287 1847 1451 1896 Levi
1486 1848 1621 1896 Ben
1661 1845 1942 1895 Gersom
1979 1847 2190 1911 aliique.
2251 1847 2329 1896 Cf.
2367 1845 2501 1896 Julii
2537 1848 2723 1895 Barto-

258 1931 374 1980 locii
416 1934 478 1982 de
528 1932 777 1995 Cellen0,
826 1934 983 1983 Vitae
1033 1933 1130 1983 cel.
1178 1933 1545 1983 Rabbinorum
1600 1934 1692 1997 qui
1745 1934 1802 1981 in
1856 1931 1908 1981 S.
1960 1932 2210 1981 Codicem
2265 1935 2614 1997 scripserunt,
2669 1934 2726 1980 in

259 2017 321 2067 Η.
358 2019 571 2069 Relandi
605 2019 800 2069 Annal.
825 2020 997 2069 Rabb.
1022 2036 1085 2084 ·p.
1112 2022 1195 2071 59.
1222 2035 1263 2068 s.
1324 2019 1421 2068 Isti
1459 2019 1672 2084 quidem
1707 2020 1764 2066 in
1801 2020 2105 2067 universum
2143 2020 2502 2083 sequebantur
2538 2010 2730 2068 recen-'

260 2105 440 2154 sionem
466 2106 891 2169 masorethicam,
920 2121 1080 2171 saepe
1106 2112 1285 2155 tamen
1310 2107 1387 2155 ita
1412 2108 1641 2155 citarunt
1666 2109 1759 2154 aut
1783 2106 2272 2170 interpretabantur
2292 2106 2542 2155 Codicem
2568 2122 2636 2169 s.3
2663 2110 2722 2155 ut

262 2190 477 2242 diversas
503 2193 573 2241 ab
602 2208 669 2241 ea
690 2192 947 2256 lectiones
973 2191 1059 2241 vel
1083 2196 1571 2253 commemorarent,
1607 2191 1697 2241 vel
1727 2196 2074 2241 assumerent.
2113 2191 2402 2241 Praeterea
2434 2192 2724 2241 utebantur

262 2277 511 2328 codicibus
549 2278 887 2344 quibusdam,
928 2294 1062 2343 quos
1101 2279 1292 2328 ceteris
1332 2279 1676 2327 correctiores
1711 2270 2112 2342 'existimabant3
2151 2280 2308 2343 quive
2347 2278 2511 2328 veluti
2548 2293 2724 2327 emen-

260 2449 440 2501 Isaac
480 2450 793 2501 Abraban
808 2450 891 2513 el,
943 2452 1035 2516 qui
1085 2466 1291 2499 summa
1337 2450 1614 2513 diligentia
1662 2450 1920 2500 educatus
1969 2452 2137 2500 crevit
2182 2452 2239 2499 in
2286 2452 2458 2500 virum
2503 2450 2724 2515 lectum3

262 2539 604 2599 pecuniariam
631 2542 867 2587 attamen
891 2543 1244 2587 mercaturam
1267 2536 1433 2587 literis
1458 2538 1645 2585 iunxit.
1695 2535 1746 2585 S.
1774 2536 1987 2587 Codicis
2014 2536 2258 2587 assiduus
2296 2536 2390 2586 sed
2415 2536 2725 2601 plerumque

261 2623 466 2674 mendax
500 2626 793 2690 interpres,
846 2623 1135 2674 Christiani
1172 2623 1398 2674 nominis
1436 2623 1824 2674 infensissimus
1873 2623 2072 2674 exstitit
2106 2624 2376 2688 inimicus3
2423 2624 2726 2688 principum

261 2725 370 2759 vero
421 2711 829 2761 christianorum
872 2715 1159 2776 perpetuus
1208 2711 1309 2759 fuit
1357 2709 1617 2760 adulator.
1681 2710 1930 2760 Ceterum
1961 2711 2048 2772 ,ad
2095 2709 2464 2760 Rabbinorum
2513 2710 2724 2760 codices

263 2796 389 2859 quod
410 2801 632 2862 spectat,
661 2797 973 2846 laudantur:
1006 2797 1175 2846 codex
1210 2796 1264 2845 H
1275 2795 1508 2858 illelis,
1546 2797 1738 2846 deinde
1764 2797 1930 2846 codex
1961 2798 2098 2846 Ben
2131 2795 2214 2846 As
2230 2795 2408 2858 cher,
2448 2797 2538 2861 qui
2566 2798 2724 2845 etiam

262 2881 579 2932 Palaestinus
618 2883 911 2945 dicebatur,
950 2882 1120 2932 codex
1155 2884 1272 2931 Ben
1304 2880 1557 2947 Naphtali
1595 2883 1731 2932 alias
1768 2882 2156 2947 Babylonicus,
2196 2882 2363 2931 codex
2407 2882 2724 2931 Hierichun-

262 2969 405 3031 tinus‚
442 2970 610 3020 codex
638 2969 786 3019 Sinai
814 2969 1027 3034 aliique.
1080 2968 1277 3018 Omnes
1302 2969 1357 3017 hi
1382 2968 1593 3018 codices
1618 2985 1761 3018 nunc
1787 2969 2048 3034 deperditi
2083 2973 2230 3032 sunt;
2270 2969 2360 3033 qui
2395 2969 2532 3016 enim
2569 2969 2726 3016 hodie

260 3054 309 3102 in
342 3055 674 3106 bibliothecis
700 3053 1011 3120 Hispaniae,
1051 3054 1359 3118 Galliarum,
1397 3054 1603 3117 Italiae,
1641 3055 1884 3120 Angliae,
1923 3054 2097 3120 Belgii
2124 3060 2178 3104 et
2203 3053 2520 3104 Germaniae
2557 3069 2724 3103 asser-

261 3145 449 3204 vantur,
486 3142 646 3208 longe
684 3144 1004 3192 recentiores
1042 3147 1181 3192 sunt.

347 3419 402 3495 ξ.
448 3421 550 3484 38.
596 3417 931 3480 Primae
980 3415 1418 3487 editiones
1462 3416 1950 3481 Bibliorum
1994 3415 2628 3480 Hebraicorum

1084 3531 1317 3628 tyij
1366 3529 1885 3614 descriptae.

454 3718 585 3769 Cum
623 3719 959 3770 characteres
995 3719 1265 3770 literarum
1292 3735 1414 3770 aere
1441 3720 1668 3786 insculpi
1695 3735 1758 3769 ac
1784 3720 1950 3783 fundi,
1989 3737 2054 3770 ex
2087 3721 2259 3784 iisque
2283 3721 2433 3781 fusis,
2473 3722 2726 3769 connexis

272 3807 413 3867 atque
467 3809 761 3855 atramento
814 3805 1057 3855 obductis
1106 3805 1233 3855 libri
1280 3807 1507 3871 imprimi
1556 3807 1846 3871 cepissent,
1895 3808 1953 3855 in
2002 3822 2106 3871 quo
2156 3810 2325 3855 totum
2371 3806 2518 3854 illum
2570 3808 2726 3856 situm

274 3894 340 3937 est
370 3892 749 3957 typographiae
788 3891 1085 3954 artificium,
1126 3892 1270 3956 quod
1309 3893 1539 3942 omnium
1573 3894 1731 3958 primi
1767 3895 1819 3941 in
1861 3893 1988 3942 orbe
2027 3892 2385 3941 adhibuerunt
2416 3892 2649 3942 Faustus
2677 3898 2730 3942 et

274 3973 691 4043 Guttenbergius:
737 3979 962 4043 primum
1000 3994 1183 4027 eorum
1220 3979 1348 4028 artis
1386 3980 1655 4044 specimen
1693 3979 1999 4028 hebraicum
2036 3978 2300 4027 Biblicum
2340 3994 2590 4027 excusum
2629 3979 2729 4026 fuit

274 4060 646 4113 Psalterium
675 4063 1057 4113 hebraicum
1082 4079 1202 4113 cum
1230 4066 1606 4114 commentario
1626 4064 1856 4113 Kimchii
1874 4067 1929 4113 in
1951 4069 2138 4129 quarto
2159 4081 2211 4113 u.
2233 4065 2300 4125 d.,
2327 4079 2468 4113 anno
2496 4065 2553 4113 C.
2580 4065 2726 4113 1477.

274 4145 341 4194 De
366 4165 463 4214 quo
490 4151 646 4199 sicuti
674 4155 727 4198 et
744 4150 810 4198 de
831 4150 947 4200 aliis
977 4151 1353 4214 antiquissimis
1381 4151 1703 4200 editionibus
1728 4150 1831 4216 leg.
1859 4151 2232 4200 celeberrimus
2258 4152 2308 4200 J.
2329 4153 2390 4200 B.
2419 4150 2484 4198 de
2510 4151 2726 4210 Rossi,
2767 4187 2774 4193 .

275 4232 326 4280 de
350 4234 631 4292 ‚hebraicae
657 4236 1067 4301 Typographiae
1104 4238 1305 4301 origine
1344 4251 1408 4286 ac
1444 4238 1689 4302 primitiis
1729 4253 1825 4286 seu
1858 4239 2090 4301 antiquis
2120 4251 2184 4286 ac
2209 4237 2488 4286 rarissimis
2519 4234 2728 4284 hebrai-

276 4334 432 4370 corum
466 4321 721 4394 librorum
760 4323 1083 4373 editionibus
1120 4322 1323 4372 saeculi
1357 4324 1489 4385 XV„
1528 4339 1634 4372 rec.
1675 4321 1737 4372 G.
1762 4325 1827 4372 E.
1853 4323 2142 4388 Hufnagel.
2178 4323 2288 4372 Erl.
2317 4323 2467 4370 1778.
2498 4339 2548 4385 p.
2580 4325 2658 4371 1‘2.
2687 4338 2727 4370 s.

275 4403 343 4452 Ad
366 4407 641 4458 editionem
665 4410 837 4473 ipsam
863 4408 1005 4474 quod
1032 4410 1221 4458 attinet
1243 4409 1442 4458 Textus
1472 4411 1677 4473 absque
1702 4411 1930 4474 punctis,
1957 4410 2262 4474 germanica
2290 4413 2534 4471 typorum
2561 4407 2730 4456 forma

275 4495 540 4558 exscriptus
578 4500 674 4558 est,
713 4495 827 4544 sine
870 4494 1051 4544 addito
1094 4495 1458 4560 impressionis
1495 4494 1631 4544 locO.
1697 4494 2118 4544 Commentarius
2162 4493 2390 4542 Kimchii
2440 4508 2504 4540 ea
2552 4494 2730 4541 omnia

276 4581 485 4629 continet
529 4583 765 4646 integra,
815 4596 953 4645 quae
1004 4580 1212 4630 Christo
1264 4581 1692 4645 christianaeque
1743 4581 1986 4645 religioni
2035 4581 2401 4630 adversantur.
2466 4579 2729 4628 Posthaec

364 4669 556 4720 Danko,
585 4673 701 4714 Hist.
728 4673 1021 4714 Revelationis
1042 4673 1233 4713 divinae.
1263 4672 1341 4712 111.
2391 4668 2417 4713 ‘1
