3309 5300
1189 464 1453 515 Disquisitio
1476 464 1529 505 de
1558 476 1689 506 sensu
1716 466 1759 506 S.
1793 466 1836 505 S.
2628 450 2758 517 265

276 748 329 829 §-
378 747 523 811 112.
573 742 951 808 Criteria
994 750 1577 827 exponuntur,
1626 744 1870 827 queis
1917 766 2218 809 sensus
2265 745 2757 832 spiritualis

877 845 941 911 S.
992 844 1513 931 Scripturas
1564 848 2150 931 cognoscitur.

474 1043 725 1101 Sensum
770 1041 1140 1118 spiritualem
1190 1042 1246 1099 S.
1283 1042 1340 1099 S.
1373 1062 1492 1100 non
1542 1062 1660 1099 esse
1705 1044 2018 1101 inventum
2063 1046 2460 1121 interpretum
2505 1048 2755 1106 catholi-

274 1168 502 1218 corum;
550 1148 649 1205 sed
678 1166 885 1206 verum
931 1151 991 1204 et
1027 1146 1302 1204 nativum
1344 1144 1570 1205 Codicis
1609 1146 1823 1205 Divini
1853 1148 2111 1205 vidimus
2141 1147 2179 1206 1.
2233 1148 2519 1212 Quamvis
2560 1156 2758 1211 autem

274 1258 495 1313 certum
526 1253 633 1310 sit:
664 1253 893 1309 subesse
923 1251 982 1308 S.
1008 1250 1347 1325 Scripturae
1376 1270 1609 1309 sensum
1638 1251 2026 1326 spiritualem,
2061 1254 2112 1311 si
2143 1255 2212 1310 de
2242 1253 2564 1330 Scripturis
2597 1256 2656 1315 S.
2689 1258 2758 1315 in

272 1377 478 1432 genere
525 1356 598 1415 fit
639 1374 855 1425 serm03
905 1374 1024 1415 non
1070 1360 1266 1413 tamen
1312 1356 1383 1411 de
1428 1355 1678 1429 singulis
1726 1356 1866 1413 locis
1912 1357 1969 1414 S.
2011 1358 2449 1433 Scripturarum
2495 1362 2558 1417 id
2603 1367 2760 1421 certo

274 1461 557 1519 affirmari
611 1465 816 1537 potest.
877 1459 1037 1517 Illud
1067 1478 1206 1517 vero
1238 1459 1579 1534 cumprimis
1609 1461 1676 1516 in
1705 1461 2004 1535 spirituali
2047 1464 2534 1539 interpretatione
2564 1472 2758 1525 atten-

272 1567 525 1625 dendum
569 1570 673 1637 est,
724 1569 792 1622 ut
821 1563 976 1621 nihil
1006 1564 1262 1621 sanctius
1309 1564 1655 1634 habeamus3
1711 1584 1888 1642 quam
1931 1586 2004 1623 ne
2043 1568 2228 1627 veluti
2259 1568 2518 1645 Spiritus
2549 1570 2754 1631 Sancti

272 1672 445 1729 effata
475 1670 859 1747 proferamuS‚
904 1687 1052 1745 quae
1081 1668 1227 1727 talia
1256 1668 1499 1726 fortasse
1530 1687 1898 1747 nequaquam
1929 1676 2084 1743 sunt,
2120 1692 2401 1731 memores
2431 1679 2758 1735 sententiae

273 1776 329 1833 S.
376 1769 782 1849 Augustini2:
844 1772 1266 1844 ,Inutiliter
1318 1775 1526 1846 signa
1585 1774 2107 1850 interpretari,
2170 1778 2356 1837 male
2416 1783 2764 1853 vagantis

272 1881 546 1937 erroris
600 1880 750 1935 est.‘
820 1876 938 1939 Qui
984 1879 1141 1935 enim
1191 1878 1255 1933 in
1305 1877 1557 1935 alterum
1605 1883 1939 1937 extremum
1994 1888 2369 1955 procurrunt,
2430 1889 2606 1962 atque
2659 1886 2763 1944 ubi

271 1982 571 2060 spirituali
622 2002 794 2039 sensu
836 1980 1155 2055 colligendo
1195 1980 1558 2053 adlaborant,
1605 1982 1900 2041 literalem
1928 1970 2263 2059 negligunt,
2313 1992 2490 2066 atque
2527 2010 2760 2048 sensum

271 2088 641 2165 spiritualem
686 2089 865 2145 etiam
894 2088 981 2144 ibi
1011 2092 1307 2164 quaerunt
1337 2092 1403 2165 et
1424 2092 1712 2159 statuunt,
1761 2091 1866 2146 ubi
1907 2090 2076 2148 nulla
2115 2093 2239 2150 eius
2279 2092 2500 2152 indicia
2536 2095 2760 2170 reperi-

272 2198 488 2263 untur;
521 2193 625 2251 isti
649 2211 787 2249 sane
811 2210 989 2269 quam
1012 2191 1271 2249 maxime
1302 2197 1670 2267 praepostere
1700 2199 1885 2267 agunt
1905 2191 1944 2251 3.
1997 2194 2205 2273 Itaque
2227 2202 2388 2255 certa
2416 2217 2483 2255 ac
2511 2199 2760 2259 indubia

275 2318 474 2357 sensus
503 2297 835 2374 spiritualis,
861 2301 1208 2371 argumenta
1242 2315 1358 2354 non
1391 2297 1625 2354 aliunde
1656 2303 1852 2373 petere
1883 2304 1986 2371 est,
2021 2319 2197 2377 quam
2227 2320 2302 2358 ex
2339 2304 2414 2359 iis
2444 2306 2760 2362 auctorita-

276 2405 453 2479 tibus,
496 2403 710 2481 quibus
753 2402 1041 2476 refragari
1081 2401 1334 2459 vetitum
1365 2396 1511 2460 viris
1546 2404 1848 2461 catholicis
1880 2409 1997 2474 est3
2045 2424 2120 2462 ex
2153 2408 2487 2465 testimonio
2517 2409 2762 2486 inquam

278 2508 330 2564 S.
358 2506 743 2581 Scriptorum,
779 2526 854 2563 ex
880 2506 1171 2564 Ecclesiae
1202 2506 1418 2565 iudicio
1453 2512 1625 2585 atque
1656 2528 1732 2565 ex
1765 2509 2058 2567 communi
2091 2510 2148 2567 S.
2176 2510 2422 2568 Patrum
2453 2514 2762 2570 sententia.

275 2611 465 2672 Sicuti
510 2615 707 2670 autem
737 2611 863 2669 sine
894 2611 1012 2669 ullo
1044 2613 1221 2670 dubio
1259 2616 1512 2684 constat,
1563 2612 1807 2671 minime
1839 2633 2054 2672 vanam
2091 2634 2210 2672 esse
2241 2615 2478 2673 illorum
2509 2634 2762 2691 operam,

276 2718 377 2795 qui
408 2737 645 2774 sensum
676 2717 1047 2791 spiritualem
1078 2718 1397 2774 multarum
1428 2719 1687 2792 partium
1719 2717 1776 2776 S.
1811 2717 1869 2777 S.
1903 2721 2219 2794 indagant3
2267 2722 2354 2778 ita
2396 2720 2552 2778 nihil
2581 2723 2768 2796 magis

275 2823 601 2880 cavendum
647 2822 764 2880 erit
806 2823 1136 2896 interpreti,
1190 2840 1365 2897 quam
1410 2841 1483 2878 ne
1524 2822 1668 2898 quid
1713 2826 1947 2895 temere,
1999 2829 2057 2882 et
2098 2826 2251 2901 quod
2291 2845 2409 2882 non
2449 2826 2766 2883 secundum

490 3092 527 3157 ¹)
562 3091 846 3142 Unanimis
892 3089 1005 3138 fere
1052 3090 1398 3154 interpretum
1445 3089 1602 3138 huius
1640 3091 1760 3138 aevi
1809 3090 2224 3141 acatholicorum
2263 3107 2364 3141 vox
2405 3097 2512 3141 est:
2564 3092 2767 3142 nullum

275 3182 391 3231 dari
443 3195 630 3229 verum
680 3178 732 3228 S.
772 3177 824 3226 S.
872 3191 1087 3226 sensum
1130 3177 1233 3225 nisi
1271 3177 2163 3243 grammatico-historicum3
2215 3195 2430 3244 eosque,
2469 3180 2560 3244 (1111
2607 3179 2765 3229 aliter

276 3271 714 3332 interpretantur,
752 3281 861 3314 non
900 3263 1112 3314 Codicis
1140 3261 1289 3312 Sacri
1327 3263 1421 3312 sed
1458 3279 1610 3314 suum
1645 3264 1733 3314 vel
1759 3280 1792 3314 a
1814 3265 2025 3315 Divinis
2050 3267 2242 3316 Literis
2281 3266 2515 3316 alienum
2553 3282 2767 3317 sensum

278 3369 563 3420 exponere.
600 3353 713 3402 Nos
752 3351 966 3416 quidem
1004 3347 1245 3416 quamvis
1282 3350 1347 3400 de
1385 3353 1835 3416 interpretationis
1882 3353 2534 3418 grammatico-historicae
2586 3369 2770 3403 neces-

281 3444 439 3492 sitate
474 3443 661 3490 intime
697 3440 940 3504 persuasi
978 3440 1157 3500 simus,
1214 3454 1422 3504 semper
1463 3444 1642 3488 tamen
1696 3440 2046 3490 iudicavimus
2097 3455 2230 3503 eam,
2279 3440 2421 3490 haud
2470 3443 2683 3490 unicam
2720 3447 2772 3490 et

277 3529 638 3579 sufficientem
676 3542 822 3589 esse3
861 3540 894 3576 a
930 3525 1107 3575 multis
1138 3525 1566 3576 Acatholicorum
1602 3541 1884 3591 perperam
1922 3527 2190 3592 adhiberi3
2231 3534 2282 3577 et
2317 3529 2395 3577 rei
2434 3527 2771 3578 Christianae

278 3633 340 3665 eo
379 3617 671 3666 maximum
707 3613 1077 3662 detrimentum
1115 3612 1391 3676 accidisse,
1432 3613 1574 3677 quod
1612 3614 1753 3663 ultra
1789 3614 1981 3663 limites
2019 3630 2145 3664 suos
2185 3614 2572 3678 extenderetur,
2613 3620 2771 3682 atque

279 3703 395 3753 sine
435 3701 710 3767 principiis
749 3714 813 3748 ac
851 3699 1226 3749 consecutione
1265 3705 1626 3764 usurparetur.
1672 3700 1841 3764 Igitur
1876 3700 1944 3748 ad
1979 3701 2463 3764 interpretationem
2487 3701 2770 3750 Librorum

280 3787 569 3837 Sacrorum
609 3785 1281 3852 grammatico-historicam
1320 3786 1544 3835 accedat
1580 3802 1800 3835 necesse
1839 3791 1920 3837 est
1961 3788 2208 3852 typica,
2248 3789 2301 3836 in
2339 3789 2403 3836 iis
2440 3787 2590 3850 10616,
2633 3803 2772 3853 quae

280 3875 487 3925 habent
536 3889 749 3923 sensum
800 3873 1143 3937 spiritualem.
1218 3873 1257 3939 ²)
1296 3874 1416 3922 Lib.
1455 3873 1550 3922 ΙΙΙ.
1601 3874 1667 3922 (16
1716 3874 1880 3936 doctr.
1920 3873 2028 3923 chr.
2081 3891 2125 3923 6.
2165 3876 2212 3923 9.
2260 3891 2312 3939 p.
2352 3877 2434 3924 86.
2509 3875 2548 3940 ³)
2587 3875 2772 3924 Facile

281 3962 503 4028 quidem
552 3961 809 4026 largimur
856 3959 909 4009 S.
958 3960 1017 4009 P.
1070 3966 1121 4009 et
1170 3959 1221 4009 S.
1259 3961 1325 4010 E.
1375 3960 1647 4010 docuisse:
1697 3977 1910 4011 sensum
1960 3961 2284 4026 spiritualem
2333 3963 2774 4026 praestantiorem

280 4055 335 4099 et
372 4048 737 4099 sublimiorem
775 4061 892 4095 esse
929 4045 1139 4109 literali,
1177 4048 1232 4096 in
1271 4063 1375 4111 quo
1412 4046 1571 4096 latet:
1611 4063 1728 4095 cnm
1767 4063 2039 4112 nunquam
2075 4064 2160 4098 res
2198 4050 2316 4113 ipsa
2353 4048 2582 4114 effigiem
2623 4063 2773 4098 suam

281 4151 391 4186 non
444 4133 749 4185 antecellat.
809 4133 977 4182 Plane
1025 4149 1153 4182 vero
1192 4135 1451 4183 absonum
1498 4134 1658 4196 foret,
1709 4149 1914 4184 sumere
1962 4133 2132 4184 solum
2181 4135 2508 4200 spiritualem
2559 4152 2772 4186 sensum

282 4239 499 4288 semper
554 4227 769 4288 propter
824 4219 875 4269 S.
925 4219 977 4270 S.
1034 4220 1450 4272 foecunditatem
1512 4221 1904 4286 requirendum.
1977 4222 2117 4283 Quin
2179 4224 2283 4271 imo
2346 4240 2440 4289 pro
2502 4229 2772 4289 comperto

282 4310 577 4372 habemus,
634 4309 776 4374 quod
830 4323 1016 4358 66116116
1072 4308 1159 4357 1116
1214 4310 1283 4358 ab
1341 4308 1642 4358 hominibus
1705 4309 1758 4358 S.
1807 4310 2106 4358 Literarum
2163 4309 2458 4374 disciplinis
2512 4325 2621 4359 non
2675 4311 2772 4359 rite

282 4397 588 4446 informatis
636 4399 912 4458 tractatus,
962 4410 1123 4461 saepe
1170 4397 1500 4445 reverentiae
1540 4395 1593 4445 S.
1633 4395 1938 4461 Scripturae
1976 4395 2188 4446 debitae
2235 4395 2561 4447 adversetur.
2622 4399 2774 4460 Quae

286 4499 409 4533 cum
435 4484 514 4532 ita
540 4485 659 4545 sint,
686 4483 856 4532 omnis
884 4482 1125 4533 abusus
1163 4484 1781 4548 interpretationis,
1813 4498 1972 4548 quam
1997 4488 2208 4544 vocant,
2235 4483 2502 4548 typicae
2526 4484 2774 4550 fugien-

286 4571 407 4620 dus
447 4571 563 4633 erit,
602 4575 655 4620 et
678 4569 915 4619 tenenda
937 4571 993 4618 in
1017 4569 1099 4619 his
1124 4569 1301 4619 media
1326 4570 1437 4619 via:
1475 4575 1535 4619 ut
1558 4585 1661 4619 nec
1686 4585 1902 4634 prorsus
1927 4572 2123 4620 inertes
2149 4575 2202 4620 et
2227 4564 2422 4636 torpidi
2448 4584 2772 4631 maneamus,

287 4673 389 4710 nec
426 4673 612 4710 rursus
650 4658 965 4709 curiosiores
1004 4659 1181 4720 simus,
1222 4671 1381 4725 quam
1417 4672 1515 4725 par
1549 4659 1633 4722 sit,
1674 4662 1834 4726 atque
1873 4659 1948 4708 ita
1984 4673 2016 4707 a
2051 4659 2321 4726 proposito
2361 4657 2686 4710 excidamus.
