3309 5300
603 435 729 500 130
1332 445 1568 489 Commeat.
1598 443 1651 487 ‹ie
1683 448 1725 488 S.
1748 446 1888 497 Scrip.
1917 457 2011 497 cap.
2042 459 2129 488 sec.
2158 445 2284 488 tract.
2315 443 2350 486 1.

600 625 925 672 Wetstenius
944 624 1244 687 praeiverat
1264 623 1538 685 rationem,
1566 623 1852 672 editionem
1873 622 1925 672 S.
1945 623 2146 671 Textus
2171 621 2516 687 disponendi,
2545 635 2664 670 eam
2689 625 2908 670 secutus
2933 623 3017 670 est
3036 621 3098 668 in

599 709 911 758 recensione
948 724 1047 758 sua
1081 708 1133 758 J.
1162 709 1214 758 J.
1254 707 1645 770 Griesbach,
1684 709 1837 758 Libri
1872 709 1992 758 hist.
2017 708 2083 757 N.
2109 709 2171 757 T.
2210 723 2286 773 gr.
2324 707 2367 756 I.
2405 723 2452 756 a.
2493 706 2720 772 Synops.
2757 707 2859 756 Ev.
2895 705 3094 756 Matth.

597 796 770 846 Marci
822 800 876 844 et
922 797 1107 845 Lucae
1157 795 1281 845 Hal.
1322 797 1473 846 1774.
1510 796 1563 845 b.
1604 796 1756 846 1775.
1793 796 1991 845 Joann.
2031 799 2085 844 et
2118 795 2254 844 Acta
2289 795 2358 844 11.
2407 795 2580 860 Epist.
2616 795 2680 844 Ν.
2719 795 2782 843 Τ.
2831 798 2886 844 01;
2918 793 3096 858 Apoc.

597 882 671 931 ib.
700 883 850 932 1775.
898 882 1079 930 Editio
1106 883 1353 947 princeps
1381 881 1698 932 Griesbachi
1727 886 1897 932 totum
1921 882 1985 932 N.
2012 882 2074 930 Τ.
2113 881 2440 947 amplectens
2465 880 2662 946 prodiit
2682 879 2808 930 Hal.
2848 881 3006 930 1796.
3044 884 3103 928 et

602 970 753 1018 1806.
780 969 829 1017 2.
866 968 971 1018 vol.
1022 969 1465 1033 Splendidissima
1500 984 1627 1018 vero
1667 973 1932 1018 cartarum
1969 973 2023 1018 et
2058 968 2329 1017 literarum
2364 972 2612 1032 respectu
2646 967 2794 1032 Lips.
2834 967 3100 1016 1803-7.

598 1057 648 1104 4.
674 1059 711 1103 t.
761 1055 943 1105 Editio
981 1070 1123 1104 nova
1159 1055 1455 1118 emendata,
1494 1055 1589 1104 sed
1614 1059 1821 1105 tantum
1853 1055 2287 1120 Evangeliorum,
2325 1059 2513 1104 curata
2549 1058 2630 1104 est
2665 1069 2698 1102 a
2737 1055 2806 1102 D.
2833 1051 3100 1102 Schulz.

597 1140 775 1190 Berol.
804 1143 954 1190 1827.
1006 1140 1141 1194 Cum
1177 1140 1467 1191 lectionum
1502 1157 1754 1191 numerus
1790 1143 1846 1190 in
1870 1143 2183 1191 immensam
2219 1141 2516 1190 excreverit
2549 1140 2886 1206 farraginem,
2915 1139 3100 1188 Gries-

598 1227 737 1277 bach
773 1229 829 1276 in
863 1227 965 1277 hoc
1004 1227 1373 1278 desudandum
1410 1243 1528 1278 esse
1566 1229 1917 1277 existimavit:
1965 1233 2026 1277 ut
2059 1226 2271 1277 illarum
2306 1242 2557 1276 numerus
2593 1227 2863 1276 minuatur
2909 1227 3101 1291 potius

600 1329 760 1379 quam
798 1319 1083 1380 augeatur3
1121 1315 1463 1380 prudensque
1500 1314 1738 1365 delectus
1775 1315 2052 1377 habeatur,
2091 1330 2200 1380 qua
2235 1315 2292 1364 in
2327 1331 2384 1364 re
2415 1314 2696 1379 plurimam
2731 1313 3104 1362 collocaverat

600 1415 832 1466 operam.
858 1402 1085 1451 Textum
1110 1417 1151 1451 s.
1174 1401 1223 1451 d.
1250 1407 1587 1466 receptum
1610 1401 1790 1452 multis
1815 1403 1872 1452 in
1896 1402 2028 1453 locis
2055 1404 2298 1464 correxit,
2325 1402 2444 1452 aliis
2472 1416 2612 1466 quae
2637 1401 2739 1452 sibi
2768 1401 3104 1450 videbantur

599 1493 729 1553 apta
764 1487 895 1538 locis
934 1467 1348 1552 commendavitss
1387 1489 1443 1537 in
1480 1488 1599 1538 aliis
1635 1494 1906 1555 receptam
1942 1488 2228 1538 lectionem
2257 1490 2474 1538 vocavit
2495 1489 2554 1537 in
2579 1488 2824 1537 dubiumt
2863 1501 3101 1552 magnae

605 1580 846 1624 attamen
891 1576 983 1636 rei,
1024 1591 1183 1640 quam
1222 1575 1496 1640 amplexus
1534 1579 1669 1637 erat,
1713 1591 1822 1624 non
1859 1577 2002 1624 omni
2039 1591 2103 1624 ex
2138 1580 2288 1640 parte
2325 1575 2602 1625 satisfecit.
2663 1575 2830 1623 Nimis
2877 1575 3101 1623 interim

606 1664 797 1713 acerbe
845 1663 901 1711 in
952 1662 1358 1712 Griesbachium
1382 1661 1672 1711 'invehitur
1720 1661 2064 1725 Matthaei,
2114 1663 2282 1728 praef.
2332 1663 2431 1711 Ev.
2479 1677 2520 1711 s.
2567 1661 2732 1710 Marc.
2779 1661 2896 1726 Rig.
2939 1661 3098 1710 1788.

603 1749 675 1811 11,
727 1751 809 1798 30.
861 1749 1129 1799 scribens:
1183 1749 1722 1811 „Griesbachiu3,
1779 1750 1889 1814 qui
1933 1750 2296 1800 Wetstenii
2345 1748 2568 1813 copiis
2614 1763 2734 1812 pro
2786 1747 3100 1797 libidine

598 1852 760 1886 usus
811 1841 873 1884 et
920 1836 1163 1886 abusus
1214 1840 1337 1897 est,
1385 1835 1744 1901 plerosque
1781 1836 2046 1885 codices
2083 1840 2242 1902 quos
2277 1838 2419 1902 ipse
2455 1836 2803 1894 tractavit,
2851 1835 3101 1884 cursim

598 1927 855 1972 tantum
889 1924 1201 1988 inspexit.
1266 1924 1515 1983 Quibus
1561 1926 1779 1972 autem
1824 1924 1889 1972 in
1925 1922 2094 1972 locis
2140 1923 2531 1989 inspexerit,
2578 1921 2821 1972 nullibi
2866 1937 3098 1970 memo-

599 2011 787 2058 ravit.
862 2011 986 2070 Qui
1040 2026 1200 2075 ergo
1256 2014 1505 2075 postea
1552 1989 1690 2060 eosl
1723 2011 2144 2075 inspexerit,
2201 2027 2342 2060 eum
2394 2007 2904 2075 reprehendere
2960 2023 3101 2056 non

598 2098 873 2160 poterit,
912 2112 1053 2145 cum
1090 2098 1177 2145 sit
1211 2098 1507 2162 ignotum
1544 2097 1704 2161 quid
1738 2098 2121 2163 inspexerit.
2181 2098 2550 2162 Acceperat
2586 2101 2799 2146 autem
2835 2094 3100 2144 oculum

598 2198 631 2232 a
666 2185 1047 2248 magistro.“
1113 2185 1367 2233 Rixarum
1413 2184 1686 2249 fastigium
1723 2190 1805 2234 est
1838 2185 2075 2235 famosus
2114 2184 2353 2234 libellus:
2398 2183 2683 2244 Matthaei,
2727 2187 2780 2233 ii.
2819 2183 2867 2230 d.
2903 2197 3098 2246 sogen.

597 2271 823 2320 Recens.
858 2271 1102 2323 Ronneb.
1132 2271 1281 2320 1804.
1318 2272 1490 2320 Lectu
1528 2272 1872 2337 dignissimae
1899 2277 2023 2321 sunt
2049 2271 2384 2322 Griesbachii
2413 2271 2812 2320 lucubrationes
2839 2274 2893 2319 et
2929 2286 3097 2319 com-

594 2359 1039 2408 mentationes
1089 2359 1389 2421 criticae3
1442 2375 1471 2407 e
1508 2361 1701 2424 quibus
1751 2376 1848 2410 nos
1899 2376 2110 2425 quoque
2158 2359 2327 2408 multa
2363 2359 2433 2408 ad
2468 2375 2580 2407 rem
2624 2359 2860 2407 criticam
2893 2359 2954 2406 in
2991 2357 3100 2407 hoc

598 2445 976 2494 commentario
1014 2446 1335 2509 pertinentia
1369 2446 1647 2510 praeclara
1683 2446 1943 2509 hausisse,
1979 2447 2120 2497 ultro
2158 2447 2402 2496 fatemur.
2454 2446 2558 2506 Qui
2595 2445 2790 2495 abhinc
2815 2445 3100 2494 edit-iones

597 2533 663 2581 N.
702 2533 763 2581 T.
801 2549 876 2597 gr.
912 2533 1145 2581 minores
1183 2532 1377 2582 scholis
1415 2535 1641 2598 usuique
1682 2537 1946 2584 communi
1992 2535 2388 2584 adornaverunt
2425 2533 2484 2582 O.
2523 2532 2618 2581 Ch.
2656 2533 2840 2597 Knap
2852 2548 2914 2596 p,
2967 2530 3097 2580 Hal.

603 2620 753 2669 1797.
792 2619 873 2669 οᾶ.
912 2620 975 2668 V.
1019 2621 1167 2669 1840.
1216 2620 1285 2669 Η.
1324 2619 1386 2669 A.
1425 2619 1682 2684 Schott,
1724 2622 1868 2688 Lips.
1910 2623 2060 2673 1805.
2099 2622 2181 2671 ed.
2214 2622 2303 2672 IV.
2335 2621 2485 2672 1842.
2531 2619 2593 2669 A.
2624 2619 2695 2669 H.
2727 2619 3096 2680 Tittmann,

597 2706 745 2770 Lips.
788 2708 936 2755 1820.
976 2722 1188 2771 recogn.
1227 2708 1288 2755 A.
1326 2708 1542 2770 Hahn,
1583 2710 1735 2759 1840.
1783 2710 1834 2759 J.
1875 2708 1926 2758 S.
1959 2711 2186 2770 Vater,
2223 2707 2349 2757 Hal.
2389 2708 2541 2757 1824.
2592 2706 2650 2755 C.
2689 2706 2752 2755 Gr.
2789 2705 3028 2755 Theile
3067 2722 3098 2754 e

598 2808 771 2857 recog.
809 2794 1045 2858 Knappii
1082 2794 1287 2843 emend.
1321 2794 1403 2843 ed.
1429 2800 1552 2843 ster.
1589 2796 1740 2860 Lips.
1770 2798 1921 2845 1844.
1949 2797 2031 2845 ed.
2056 2796 2176 2844 VH.
2205 2796 2374 2857 1858.,
2416 2793 2870 2843 Griesbachianae
2907 2808 3097 2841 recen-

599 2880 763 2928 sionis
795 2882 1138 2945 praecipuam
1164 2879 1467 2929 habuerunt
1490 2883 1774 2945 rationem3
1815 2884 2021 2932 etiamsi
2057 2883 2323 2931 interdum
2349 2883 2462 2931 eius
2489 2881 2742 2930 lectiones
2770 2880 3098 2928 desererent.

600 2966 908 3016 Utilissimis
956 2967 1037 3016 ed.
1077 2968 1199 3016 min.
1239 2969 1304 3017 N.
1340 2968 1402 3017 Τ.
1442 2968 1846 3019 adnumeranda
1883 2975 1990 3019 est:
2037 2970 2125 3019 Fr.
2163 2970 2229 3019 X.
2266 2970 2565 3032 Reitmay
2577 2968 2644 3016 ri.
2687 2967 2899 3016 Monac.
2943 2967 3097 3015 1847.

600 3264 658 3343 ξ.
706 3264 811 3329 56.
878 3264 1238 3344 Scholzii,
1296 3266 1786 3345 Lachmanni,
1842 3267 2438 3351 Tischendorfii‚
2497 3273 2730 3348 atque
2785 3266 3096 3345 Tregel-

863 3378 1047 3439 lesii
1090 3376 1683 3459 recognitiones
1728 3376 1808 3439 N.
1856 3376 1933 3441 T.
1980 3378 2248 3462 graeci
2295 3385 2820 3462 exponuntur.

808 3592 882 3643 Ut
906 3592 1186 3642 Sacrorum
1214 3594 1495 3644 Librorum
1521 3596 1583 3644 N.
1612 3596 1862 3645 T.·editio
1901 3602 2148 3657 exstaret,
2175 3600 2431 3661 quantum
2467 3595 2581 3645 fieri
2607 3600 2798 3660 potest,
2827 3610 2860 3643 a
2885 3595 3094 3644 mendis

602 3680 1012 3746 quibuscunque
1038 3686 1346 3745 expurgata,
1373 3682 1598 3731 Textum
1624 3683 1696 3731 ad
1720 3683 1978 3745 codicum,
2005 3685 2308 3733 versionum
2336 3689 2390 3734 et
2415 3700 2454 3733 s.
2482 3685 2542 3733 P.
2569 3684 2628 3732 P.
2663 3688 2718 3732 et
2744 3682 2794 3732 S.
2823 3684 2889 3731 E.
2916 3682 3096 3744 fidem,

601 3768 862 3817 industria
899 3783 1093 3833 magna
1130 3770 1454 3817 examinavit
1486 3770 1537 3819 J.
1564 3770 1637 3819 M.
1664 3769 1726 3819 A.
1753 3770 2015 3833 Scholz,
2054 3772 2198 3820 Prof.
2236 3770 2423 3820 Theol.
2462 3771 2633 3820 Bonn.
2673 3770 2811 3819 cath.
2847 3771 2883 3832 †
2916 3771 3098 3831 1852.;

600 3855 879 3904 itineribus
929 3856 1008 3903 rei
1056 3856 1273 3927 criticae
1322 3871 1489 3905 causa
1546 3859 1808 3922 susceptis
1859 3857 2049 3908 clarus.
2106 3857 2186 3907 Cf.
2223 3859 2308 3907 Ei.
2346 3856 2585 3907 Biblisch
2631 3856 2887 3906 kritische
2935 3857 3098 3905 Reise

604 3941 771 3991 durch
808 3942 1154 4004 Frankreich,
1199 3943 1283 3991 die
1322 3942 1597 4005 Schweitz,
1634 3943 1844 4007 Italien,
1880 3945 2160 3994 Palastina
2194 3945 2306 3994 und
2341 3945 2446 3994 den
2482 3943 2886 4009 Archipelagus.
2943 3946 3100 3993 1818.

604 4031 825 4079 -1821.
882 4030 1031 4095 Lips.
1081 4031 1231 4078 1823.
1292 4030 1399 4079 Hic
1446 4031 1826 4095 permultorum
1880 4032 2120 4081 codicum
2174 4032 2411 4081 nondum
2465 4030 2780 4080 collatorum
2834 4030 3100 4081 lectiones

602 4117 899 4181 variantes3
956 4118 1083 4165 item
1128 4118 1471 4182 antiquorum
1518 4119 1961 4168 monimentorum
2001 4118 2480 4167 ecclesiasticorum
2519 4117 2707 4167 veluti:
2765 4116 3099 4167 Concilio-

602 4220 761 4266 rum,
802 4202 854 4253 S.
894 4202 945 4252 S.
984 4204 1043 4253 P.
1082 4204 1139 4255 P.
1181 4209 1235 4253 et
1271 4204 1682 4269 Scriptorum
1717 4206 1799 4268 E„
1846 4204 1935 4255 vel
1981 4207 2150 4270 primo
2187 4205 2273 4254 vel
2315 4207 2506 4254 iterum
2543 4204 2742 4254 collata
2789 4207 3102 4255 testimonia

602 4290 853 4357 produxit
876 4292 930 4339 in
957 4291 1037 4339 ed.
1064 4306 1188 4341 sua:
1223 4294 1318 4353 „N.
1344 4294 1404 4341 T.
1433 4297 1671 4358 graece.“
1712 4294 1937 4342 Textum
1963 4294 2031 4342 ad
2055 4292 2212 4342 fidem
2237 4294 2780 4343 testium.criticorum
2806 4296 3097 4356 recensuit,

602 4378 891 4427 lectionum
916 4379 1146 4428 familias
1173 4380 1400 4429 subiecit
1422 4379 1527 4429 vol.
1552 4380 1594 4429 Ι.
1621 4381 1780 4441 Quat.
1805 4381 1904 4429 Ev.
1941 4385 1994 4429 et
2028 4380 2326 4444 Synaxaria
2359 4380 2601 4430 codicum
2637 4382 2703 4430 K.
2728 4380 2802 4429 M.
2829 4383 2953 4431 262.
2979 4384 3098 4431 274.

602 4466 742 4515 Bibl.
780 4468 903 4531 imp.
942 4468 1111 4517 PariS.
1146 4468 1294 4532 Lips.
1324 4470 1473 4517 1830.
1500 4467 1605 4517 vol.
1631 4467 1704 4516 II.
1729 4466 1847 4518 Act.
1883 4469 1984 4533 Ep.
2018 4468 2182 4534 Apoc.
2223 4468 2417 4533 Synax.
2457 4474 2509 4518 et
2544 4468 2742 4518 Menol.
2771 4467 2906 4517 Cod.
2935 4468 3100 4519 Coisl.

604 4556 720 4603 205.
750 4582 809 4591 —
840 4554 888 4603 d.
916 4571 965 4620 q.
994 4572 1044 4604 v.
1069 4556 1435 4617 Montfaucon‚
1461 4573 1511 4621 p.
1539 4557 1656 4605 266.
1679 4584 1746 4591 —-
1766 4557 1913 4621 Lips.
1943 4558 2092 4606 1836.
2119 4559 2168 4606 4.
2203 4557 2269 4606 In
2292 4556 2618 4607 recensendo
2645 4557 2822 4605 Textu
2847 4557 2934 4618 iis1,
2963 4572 3102 4621 quae

605 4641 670 4689 de
708 4642 949 4691 codicum
986 4642 1200 4692 familiis
1239 4645 1533 4707 disputavit
1556 4671 1621 4679 -—
1650 4660 1697 4693 v,
1724 4662 1776 4709 p.
1805 4644 1920 4693 108.
1948 4671 2013 4679 -—
2041 4645 2394 4706 conformiter,
2434 4644 2572 4693 hanc
2597 4645 2701 4694 sibi
2730 4644 2908 4709 legem
2949 4659 3100 4711 prae—
