3309 5300
1132 402 1484 477 Βιβλιογραφία
1518 414 1874 457 Homeneuticae
1901 416 1944 455 S.
2640 402 2768 467 253

274 596 385 658 Quo
444 597 672 651 nomine
728 599 1005 670 proprie
1050 607 1098 655 et
1143 617 1197 655 κ.
1250 616 1292 653 ε.
1340 598 1635 668 empticatio
1671 596 1896 651 -Divini
1965 595 2180 650 Codicis
2241 597 2574 673 adpellatur,
2634 597 2766 667 qaia

274 695 541 773 ἑρμηνεία
590 703 756 757 etiam
819 705 1132 777 vulqarium
1194 703 1454 757 librorum
1518 701 1784 771 eoepositio
1830 700 2050 756 dicitur.
2155 699 2260 753 Vioe
2301 701 2422 753 ulla
2467 699 2768 770 disciplina

271 805 499 875 yraviov·
565 813 665 875 est,
726 825 962 879 quaeque
1019 808 1277 862 maiorem
1338 806 1551 859 haberet
1610 807 1681 858 ab
1741 805 1978 858 utilitate
2037 804 2558 880 commendationem,
2604 805 2686 858 vel
2731 823 2768 858 a

272 907 609 976 difficultate
655 914 972 981 cautionem,
1032 930 1193 983 quam
1254 928 1334 980 ea,
1402 928 1539 980 quae
1600 910 1678 962 ad
1724 908 2182 981 investigationem
2252 908 2767 979 empticationemqae

269 1029 451 1065 sensus
496 1013 557 1067 S.
610 1015 929 1085 Scripturae
979 1015 1235 1086 pertinet.
1279 1015 1346 1067 In
1392 1032 1502 1083 qua
1545 1013 1777 1067 strictim
1827 1009 2204 1083 persequenda
2263 1013 2566 1066 docebimus
2585 1031 2602 1065 .·
2657 1030 2768 1083 qua

271 1116 483 1170 ratione
530 1118 607 1171 sit
652 1119 827 1189 ipsius
892 1118 1361 1190 interpretationis
1428 1135 1617 1189 genere
1683 1116 2042 1186 efficiendum,
2105 1122 2163 1169 ut
2222 1134 2331 1169 non
2381 1118 2555 1185 modo,
2604 1135 2768 1187 quae

270 1238 425 1273 vera
505 1240 691 1277 mens
762 1222 855 1276 sit
929 1226 1247 1293 cuiusque
1320 1222 1477 1291 loci,
1553 1239 1721 1291 quae
1795 1220 1896 1273 vis
1969 1220 2331 1289 dictorum,
2423 1220 2766 1275 orationis

272 1331 624 1395 venustas,
671 1328 1055 1396 iudicetur,·
1103 1345 1283 1381 verum
1331 1326 1491 1381 etiam
1529 1326 1792 1395 facilitas
1836 1326 2098 1395 quaedam
2148 1326 2428 1379 emoriatur
2471 1326 2582 1379 ista
2627 1333 2768 1381 certo

264 1429 618 1498 percipiendi
648 1438 697 1485 et
718 1440 939 1501 promto
981 1431 1302 1501 empediendi
1347 1430 1571 1499 iudici03
1614 1429 1887 1499 imprimis
1932 1429 2049 1482 illis
2080 1430 2140 1483 in
2172 1430 2322 1499 locis,
2372 1429 2469 1483 ubi
2514 1430 2768 1483 doctrina

270 1533 385 1585 sola
432 1534 871 1605 eruditionisque
929 1537 1090 1605 copia
1150 1536 1298 1589 haud
1358 1535 1581 1603 sufficit.
1657 1534 1982 1587 Doctrinam
2027 1534 2198 1605 iyitur
2232 1551 2596 1603 proponemus
2639 1526 2766 1608 περὶ

272 1632 573 1711 ἑρμηνείας
624 1638 838 1693 Codicis
902 1638 1084 1708 Sacri,
1147 1638 1343 1693 iuxta
1397 1657 1534 1692 eum
1591 1656 1876 1706 sensum,
1943 1654 2126 1707 quem
2193 1638 2414 1692 tenuit
2474 1645 2538 1692 et
2595 1644 2768 1692 tenet

274 1740 329 1797 S.
364 1742 447 1794 Μ.
481 1724 840 1812 Ecclesia,-
873 1743 1075 1814 paucis
1106 1744 1319 1815 quidem
1345 1743 1622 1812 faciemus
1655 1743 1736 1797 vel
1767 1742 1906 1810 ide0,
1940 1759 2006 1796 ne
2035 1742 2170 1813 quid
2200 1749 2417 1796 nostrae
2447 1743 2768 1798 tractationi

273 1846 333 1898 de
376 1843 435 1898 S.
471 1846 774 1917 Scriptura
819 1849 1032 1919 eiusque
1075 1849 1525 1919 interpretatione
1572 1848 1729 1903 desit.

696 2087 755 2164 ξ.
808 2087 950 2151 106.
1012 2085 1516 2165 Βιβλιογραφία
1568 2082 2233 2147 Hermeneuticae
2283 2082 2384 2170 S..

478 2256 523 2305 I.
565 2258 726 2306 Initia
760 2259 845 2306 τοῦ
884 2256 1294 2325 ,,διερμηνεύειν“,
1322 2257 1440 2307 coll.
1467 2259 1599 2307 Luc.
1628 2260 1712 2320 24,
1741 2260 1848 2320 27„
1888 2257 2172 2307 Sacrarum
2202 2258 2506 2307 Literarum
2543 2259 2610 2307 ab
2647 2260 2764 2323 ipso

274 2344 623 2392 Divinissimo
663 2342 965 2405 salvatore,
1002 2344 1272 2409 Apostolis
1311 2346 1609 2410 ceterisque
1645 2346 1710 2393 N.
1748 2345 1811 2393 T.
1849 2344 2258 2410 Hagiographis,
2294 2345 2411 2393 iure
2448 2344 2763 2395 derivamus.

275 2430 477 2477 Horum
518 2431 663 2479 enim
694 2429 837 2479 dicta
863 2435 914 2480 et
939 2432 1153 2495 scripta,
1194 2432 1428 2496 genuina
1453 2430 1603 2481 Sacri
1629 2431 1842 2481 Codicis
1867 2431 1931 2481 V.
1957 2431 2018 2480 F.
2045 2433 2306 2496 expositio
2331 2431 2521 2482 haberi
2543 2430 2764 2481 debent:

276 2532 391 2565 cum
437 2516 627 2579 multa,
678 2532 817 2581 quae
864 2518 920 2566 in
956 2517 1190 2582 Antiquo
1227 2519 1570 2568 Testamento
1627 2519 1770 2567 circa
1823 2517 1979 2568 fidem
2009 2524 2089 2567 ,et
2143 2516 2314 2568 mores
2359 2522 2656 2579 occurrunt,
2709 2520 2766 2567 in

277 2601 470 2653 Codice
524 2602 692 2654 Sacro
736 2604 800 2654 N.
837 2604 898 2654 F.
938 2604 1203 2670 explicata
1262 2606 1609 2670 reperiantur.
1683 2604 2092 2670 Hagiographos
2147 2605 2340 2654 imitari
2389 2604 2766 2655 adnitebantur

277 2689 325 2739 S.
360 2692 555 2740 Patres
594 2697 647 2740 et
683 2693 974 2741 Doctores:
1020 2692 1073 2740 S.
1109 2692 1533 2754 Ambrosius,
1574 2691 1626 2741 S.
1664 2691 2000 2754 Basilius,
2039 2690 2108 2762 S.
2145 2693 2451 2742 Joannes
2493 2692 2764 2757 Chryso-

275 2783 543 2840 stomuS,
584 2777 637 2827 S.
666 2777 987 2827 Isidorus.
1026 2778 1155 2841 Pel„
1194 2778 1246 2828 S.
1272 2779 1740 2842 Hieronymus;
1778 2780 1906 2827 item
1932 2778 2225 2843 Scriptores
2253 2779 2381 2828 eccl.
2411 2778 2762 2844 Origenes,

274 2864 503 2914 Julius
532 2864 713 2927 Afer,
752 2866 1121 2928 Eusebius,
1144 2865 1509 2927 Adrianus,
1538 2865 1861 2915 Aurelius
1889 2866 2396 2927 Cassiodorius,
2437 2868 2528 2932 qui
2563 2868 2764 2932 ingenii

275 2953 352 3001 sui
390 2953 722 3001 monimenta
761 2952 951 3002 Sacras
988 2954 1200 3002 Literas
1248 2952 1561 3018 exponendo
1610 2953 1966 3017 reliquerunt:
2017 2968 2242 3017 quorum
2291 2957 2524 3001 attamen
2573 2955 2764 3004 merita

276 3039 435 3087 sectio
459 3038 621 3088 huius
642 3040 833 3104 capitis
852 3041 992 3088 tertii
1018 3039 1186 3088 altera
1212 3039 1538 3089 dilucidabit.
1574 3039 1882 3089 Meritorum
1911 3055 2124 3104 quoque
2151 3039 2439 3101 Alcuini,
2467 3040 2763 3089 Hrabani

276 3125 506 3187 Mauri,
562 3126 746 3174 Petri
798 3125 1176 3186 Lombardi,
1238 3125 1611 3175 Lanfranci
1667 3125 1995 3191 aliorumque
2052 3126 2117 3175 de
2169 3127 2608 3188 Hermeneutica,
2670 3129 2763 3192 qui

276 3227 402 3260 aevo
429 3227 472 3260 s.
504 3211 554 3260 d.
582 3211 755 3262 medio
784 3213 1091 3273 floruerunt,
1129 3214 1434 3261 memoriam
1471 3213 1725 3262 excitabit
1756 3213 1942 3262 eadem
1977 3214 2207 3262 narratio
2235 3213 2300 3262 de
2323 3213 2761 3278 interpretatione

278 3297 326 3347 S.
364 3297 676 3364 Scripturae
716 3298 1009 3349 Catholica.

481 3386 549 3435 ΙΙ.
578 3386 986 3436 Recentioribus
1026 3384 1269 3447 saeculis,
1299 3402 1364 3434 ex
1389 3401 1493 3450 quo
1532 3392 1902 3436 novatores
1939 3388 2008 3437 ab
2035 3388 2180 3436 avita
2202 3387 2481 3438 Ecclesiae
2520 3388 2763 3440 doctrina

282 3469 607 3536 defecerunt,
648 3478 912 3522 contemto
951 3472 1231 3534 infallibili,
1271 3473 1413 3537 quod
1449 3474 1504 3522 in
1543 3473 1594 3522 S.
1623 3471 1675 3522 S.
1702 3474 2114 3539 interpretandis
2150 3474 2313 3524 habet
2349 3475 2572 3539 iudici03
2610 3477 2761 3525 Divi·

276 3575 397 3608 num
456 3560 710 3610 Codicem
774 3562 921 3609 iuxta
970 3561 1239 3625 proprium
1296 3560 1571 3609 arbitrium
1621 3576 1883 3625 exponere
1935 3566 2204 3626 ceperunt.
2278 3562 2420 3610 Hinc
2468 3563 2665 3612 factum
2703 3567 2762 3612 ut

280 3647 773 3708 „Hermeneutica“,
812 3663 949 3711 quae
997 3647 1261 3710 prioribus
1310 3647 1633 3711 temporibus
1684 3662 1954 3712 nunquam
2003 3663 2103 3696 ceu
2139 3649 2422 3713 peculiaris
2473 3649 2758 3714 disciplina

278 3733 565 3795 colebatur,
606 3734 829 3783 scientia
864 3732 1220 3794 induceretur,
1256 3735 1406 3782 varia
1441 3734 1567 3782 item
1605 3734 1928 3783 adminicula
1965 3735 2260 3783 adinveniri
2286 3738 2538 3800 ceperint,
2567 3737 2757 3801 quibus

280 3821 563 3869 Sacrarum
599 3822 899 3869 Literarum
937 3835 1123 3870 sensus
1162 3822 1357 3884 aperiri
1396 3823 1581 3886 quiret.
1619 3822 1782 3870 Initia
1818 3822 2082 3885 quaedam
2120 3823 2454 3886 reperiuntur
2479 3824 2534 3871 in
2559 3823 2756 3873 XVIII.

277 3904 307 3954 1.
342 3908 613 3974 Isagogae
662 3907 731 3956 ad
777 3909 1026 3970 mysticos
1066 3908 1116 3956 S.
1154 3908 1205 3956 S.
1245 3923 1431 3957 sensus
1468 3907 1500 3936 ’κ’
1538 3908 1771 3957 Santis
1811 3909 2108 3973 Pagnini.
2150 3908 2262 3958 Col.
2304 3911 2453 3958 1511.
2524 3909 2630 3959 Sed
2665 3912 2759 3960 ubi

278 3991 325 4040 S.
354 3993 407 4042 S.
435 3995 673 4059 magistri
712 3993 997 4043 acatholici
1034 3994 1442 4044 contenderent:
1482 3993 1533 4044 S.
1563 3995 1888 4059 Scripturam
1925 4011 2039 4044 esse
2079 3997 2268 4044 suimet
2304 3997 2472 4060 ipsius
2507 3997 2758 4046 idoneum

275 4081 631 4145 interpretem,
659 4080 923 4146 posseque
952 4081 1244 4146 quemlibet
1267 4081 1465 4130 Divina
1491 4082 1728 4130 Oracula
1752 4080 2052 4147 intelligere
2077 4087 2131 4131 et
2155 4082 2450 4147 explicare;
2489 4084 2757 4148 regulas

276 4167 824 4217 hermeneuticas
886 4172 1211 4230 statuerunt,
1276 4184 1414 4232 quae
1476 4184 1508 4217 a
1570 4168 1929 4218 Catholico
1991 4170 2329 4219 Veritatis
2401 4171 2756 4236 irrefragabili

278 4269 527 4303 canone
584 4255 907 4304 recedunt
962 4269 1123 4318 quam
1172 4256 1505 4320 longissime!
1556 4256 1712 4305 Unde
1761 4260 1910 4320 patet
1945 4272 2188 4321 operum,
2243 4273 2380 4321 quae
2429 4257 2500 4306 ad
2535 4259 2755 4308 Herme-

278 4343 543 4390 neuticam
597 4340 892 4392 docendam
944 4343 1213 4406 pertinent
1260 4344 1327 4392 ab
1364 4342 1690 4392 Acatholicis
1741 4347 2093 4405 exaratorum,
2143 4345 2356 4392 nonnisi
2405 4359 2600 4408 magna
2637 4361 2755 4394 cum

278 4429 538 4489 cautione,
577 4429 801 4478 servatis
838 4429 1133 4492 servandis,
1171 4444 1206 4478 a
1242 4429 1295 4479 S.
1320 4431 1619 4480 Literarum
1658 4430 1894 4480 studioso
1934 4430 2196 4480 catholico
2236 4430 2350 4480 fieri
2391 4447 2548 4495 posse
2587 4447 2754 4481 usum.

278 4514 677 4564 Tentaminibus
726 4517 959 4565 virorum
1006 4515 1423 4566 acatholicorum
1469 4517 1681 4566 obviam
1726 4517 1877 4567 ibant
1921 4516 2156 4582 theologi
2205 4516 2480 4578 catholici,
2532 4534 2756 4582 quorum

278 4615 309 4650 a
342 4603 497 4653 nobis
549 4604 603 4651 in
653 4604 999 4669 sequentibus
1036 4603 1347 4653 recensendi
1384 4603 1504 4654 libri
1539 4604 1988 4654 Hermeneuticae
2036 4605 2360 4654 asterisco
2412 4605 2753 4660 notabuntur.
