3309 5300
572 420 701 485 308
1274 434 1510 475 comment.
1544 433 1597 474 de
1624 436 1670 474 S.
1692 434 1900 485 Scriptur.
1933 444 2030 485 cap.
2059 433 2164 475 tert.
2192 433 2356 475 sect.1.

568 610 1001 673 provocationem
1026 608 1095 657 ad
1121 608 1348 671 codices,
1375 614 1467 658 aut
1492 608 1920 658 annotationem:
1963 610 2090 669 „sic
2113 609 2270 674 legi,
2309 626 2434 658 non
2461 609 2714 671 aliter“,
2751 610 3064 675 appositam

566 695 791 756 habent,
841 696 1029 744 merito
1076 700 1323 745 accurate
1369 696 1547 745 factae
1596 701 1896 745 censentur.
1957 695 2078 745 Non
2122 696 2294 745 minus
2330 713 2377 763 γ.
2416 696 2648 760 probant
2682 695 2778 745 illa
2812 696 2966 758 loca,
3006 696 3068 743 in

569 782 763 846 quibus
801 782 1000 830 Textus
1039 781 1091 830 S.
1120 781 1173 831 S.
1209 782 1457 846 paralleli
1493 782 1649 832 simul
1689 784 2002 844 excitantur,
2041 787 2199 847 atque
2235 784 2374 832 inter
2405 799 2462 832 se
2489 782 2852 831 conferuntur.
2901 781 3070 843 Quod

568 869 661 917 ubi
700 869 978 930 cernimus,
1035 869 1299 933 suspicari
1334 869 1486 919 nefas
1526 875 1631 920 est:
1677 869 1914 934 singulos
1963 870 2188 931 Textus,
2238 852 2493 935 imprimis
2531 870 2578 919 si
2614 869 2898 933 ampliores
2936 870 3066 927 sint,

568 970 598 1003 e
646 953 791 1003 fonte
840 955 1041 1003 incerto
1090 954 1287 1003 nedum
1336 954 1690 1017 fraudulente,
1739 955 1825 1004 vel
1873 972 1902 1004 e
1939 955 2058 1005 sola
2103 957 2360 1005 memoria
2402 970 2666 1005 manasse.
2729 955 3066 1004 Citationum

570 1040 849 1091 diversitas
886 1040 1031 1106 apud
1069 1038 1121 1089 S.
1161 1041 1347 1091 Patres
1386 1047 1438 1091 et
1476 1042 1528 1091 S.
1566 1044 1648 1104 Ε.,
1699 1042 1805 1091 imo
1856 1042 2002 1108 apud
2040 1042 2266 1092 eundem
2305 1042 2594 1107 aliquando
2633 1040 2685 1090 S.
2723 1042 2934 1091 Patrem
2975 1038 3069 1089 vel

568 1126 1005 1178 Ecclesiasticum
1043 1126 1380 1193 Scriptorem,
1420 1144 1527 1178 non
1554 1146 1617 1178 ex
1644 1145 1707 1179 eo
1736 1129 2030 1179 derivanda
2065 1130 2332 1179 censenda
2369 1134 2476 1193 est3
2516 1128 2659 1194 quod
2693 1127 3066 1187 tumultuarie,

567 1215 882 1276 memoriter,
908 1215 1203 1276 arbitrarie,
1231 1214 1485 1280 nullaque
1512 1216 1630 1280 lege
1653 1215 1707 1266 S.
1730 1214 2036 1281 Scripturae
2061 1217 2366 1266 testimonia
2385 1216 2750 1277 recitaverint3
2777 1213 2874 1265 sed
2898 1212 3067 1279 quod,

566 1315 662 1365 pro
710 1300 921 1350 illorum
968 1302 1205 1351 moribus
1256 1316 1319 1351 ac
1366 1301 1614 1351 libertate
1664 1308 1984 1368 temporum,
2041 1302 2321 1367 multiplici
2369 1302 2664 1368 gaudentes
2712 1302 3068 1366 probatarum

566 1388 885 1437 Versionum
922 1388 1093 1452 copia,
1143 1390 1305 1438 variis
1353 1404 1449 1453 pro
1502 1392 1898 1454 opportunitate
1948 1394 2002 1438 et
2047 1390 2197 1439 iuxta
2239 1390 2560 1454 exigentiam
2597 1388 2704 1437 loci
2740 1388 2824 1439 usi
2860 1387 3070 1437 fuerint

566 1475 1120 1539 interpretationibus3
1159 1491 1258 1524 nec
1283 1477 1392 1540 uni,
1431 1477 1509 1525 uti
1542 1478 1595 1525 in
1632 1478 2055 1542 praesentiarum
2091 1491 2207 1539 nos,
2246 1477 2464 1526 editioni
2501 1475 2715 1525 cuidam
2755 1475 3068 1537 „authen-

564 1562 771 1614 ticae“
826 1562 1044 1623 addicti,
1095 1578 1192 1628 per
1240 1562 1477 1613 diversas
1514 1568 1854 1628 vagarentur.
1902 1562 2216 1613 Tenendum
2252 1568 2432 1613 tamen
2469 1568 2578 1613 est:
2617 1560 2670 1612 S.
2707 1563 2767 1612 P.
2805 1566 2861 1612 et
2900 1562 2956 1611 S.
2996 1562 3068 1610 E.

564 1648 619 1697 in
670 1648 1063 1713 dogmaticis
1114 1654 1166 1697 et
1214 1650 1587 1713 exegeticis
1638 1650 2099 1715 disquisitionibus
2151 1651 2696 1701 accuratissimos
2753 1648 2947 1711 fuisse;
3011 1650 3069 1696 in

564 1733 861 1785 homiliis
898 1734 1286 1799 liberiores,
1336 1736 1391 1784 in
1429 1735 1531 1785 illis
1570 1738 1781 1801 proprie
1819 1752 1883 1785 ac
1919 1750 2101 1801 presse
2140 1736 2455 1802 disputasse,
2493 1738 2550 1786 in
2585 1737 2701 1787 istis
2737 1752 2864 1785 vero
2903 1749 3068 1785 occa-

566 1821 717 1871 sione
754 1825 1049 1885 temporum
1076 1826 1129 1870 et
1154 1820 1406 1885 locorum,
1445 1824 1698 1871 orationis
1737 1838 1897 1873 cursu
1930 1828 1982 1872 et
2014 1824 2216 1889 impetu
2247 1828 2426 1889 raptos
2451 1824 2634 1873 fuisse.
2686 1822 2817 1872 Cum
2854 1822 3071 1871 scilicet

566 1906 619 1956 S.
659 1906 990 1972 Scripturam
1041 1909 1513 1973 interpretarentur
1562 1909 1614 1958 S.
1651 1910 1712 1959 P.
1763 1914 1816 1958 et
1853 1909 1906 1959 S.
1943 1910 2026 1972 Ε.,
2078 1912 2190 1959 sive
2241 1909 2636 1959 Commentaria
2672 1909 2743 1958 ad
2778 1909 2976 1958 Libros
3011 1906 3068 1955 S.

566 1994 775 2043 Veteris
825 1999 879 2043 et
914 1996 1054 2044 Novi
1089 1996 1417 2045 Testamenti
1456 1997 1862 2059 concinnarent,
1912 2013 2018 2047 non
2056 1998 2250 2047 Textui
2293 2002 2567 2062 utcunque
2616 2000 2710 2045 aut
2755 1997 3068 2059 cuicunque

567 2080 959 2145 adhaerebant3
999 2081 1095 2131 sed
1132 2083 1395 2131 sincerum
1432 2084 1601 2147 magis
1627 2084 1855 2133 Textum
1891 2084 2234 2149 inquirebant
2270 2088 2322 2133 et
2344 2077 2398 2132 τὸ
2425 2084 2785 2148 Originarium
2822 2083 3068 2147 pressius

566 2173 1071 2233 repraesentantem.
1132 2168 1350 2218 Interim
1398 2175 1580 2219 tamen
1627 2186 1738 2219 non
1786 2186 1994 2236 semper
2028 2172 2178 2220 iuxta
2213 2185 2372 2219 unam
2411 2175 2614 2219 tantum
2655 2168 2964 2235 allegarunt
3001 2182 3069 2216 ac

564 2255 1052 2321 interpretabantur
1077 2255 1363 2305 editionem
1390 2271 1455 2305 ac
1479 2258 1807 2321 versionem3
1845 2257 1942 2307 sed
1967 2257 2144 2322 plures
2169 2258 2224 2307 in
2249 2272 2473 2307 examen
2495 2256 2840 2316 revocabant,
2877 2255 3068 2321 plures

563 2342 879 2403 recitabant,
920 2341 989 2391 ad
1015 2341 1339 2407 exemplaria
1364 2343 1674 2393 authentica
1699 2348 1793 2393 aut
1819 2345 2122 2409 originaria,
2157 2349 2250 2393 aut
2275 2343 2343 2393 ad
2367 2344 2684 2409 archetypos
2711 2343 2878 2414 magis
2905 2357 3068 2391 acce·

496 2484 504 2492 ,
564 2428 760 2491 dentia,
801 2430 847 2479 si
881 2428 1111 2479 facultas
1137 2430 1267 2494 ipsis
1296 2435 1424 2492 erat,
1464 2430 1874 2496 confugiebant3
1915 2431 2059 2497 quod
2083 2432 2267 2498 utique
2293 2431 2483 2480 ceteris
2508 2432 2566 2479 in
2589 2429 3068 2480 lucubrationibus

562 2516 675 2566 sive
712 2515 1018 2578 moralibus,
1056 2516 1170 2565 sive
1208 2517 1473 2579 asceticis,
1510 2518 1623 2566 sive
1662 2517 1976 2567 homileticis
2015 2534 2106 2567 eos
2142 2522 2416 2583 praestare
2454 2532 2676 2567 necesse
2713 2518 2886 2566 minus
2927 2520 3065 2565 erat.

565 2602 646 2653 cf.
684 2590 1027 2669 quaestiones
1066 2609 1158 2653 aut
1206 2602 1593 2654 locutiones
1632 2603 1685 2654 S.
1724 2604 2106 2670 Augustini,
2144 2606 2200 2653 in
2239 2604 2432 2670 quibus
2471 2605 2668 2670 passim
2708 2604 2814 2653 imo
2853 2603 3068 2652 vic-ibus

563 2690 783 2740 infinitis
820 2690 998 2756 legere
1037 2697 1144 2740 est:
1196 2691 1377 2756 quod
1412 2690 1695 2756 plurimi
1740 2692 2000 2741 habent
2046 2692 2256 2740 latini
2305 2691 2616 2754 codices3
2667 2690 2849 2755 quod
2897 2690 3068 2738 scri-

563 2784 749 2843 ptum
798 2784 903 2828 est
946 2779 1014 2827 in
1052 2779 1493 2844 quibusdam3
1541 2780 1609 2828 in
1658 2778 2026 2828 codicibus
2074 2778 2534 2843 paucioribus
2584 2776 2701 2826 sed
2749 2776 3065 2825 veracio-

563 2865 771 2914 ribus.
821 2865 907 2914 Ita
940 2869 1000 2914 ut
1035 2864 1267 2930 plurium
1301 2867 1468 2915 instar
1506 2881 1670 2915 unum
1707 2867 1763 2914 in
1799 2865 2032 2914 medium
2067 2864 2399 2929 proferamus
2437 2863 2750 2925 exemplum,
2791 2861 2845 2910 S.
2878 2863 3064 2922 Pater,

561 2951 815 3002 locution.
854 2952 919 3002 de
960 2951 1092 3002 Gen.
1130 2953 1172 3015 1,
1214 2955 1331 3002 198.
1371 2957 1609 3005 annotat.
1648 2952 1748 3002 III.
1789 2955 1836 3014 1,
1873 2953 1992 3002 338.
2031 2951 2407 3000 animadvertit
2459 2950 2646 3011 „Quod
2683 2950 2943 3014 scriptum
2981 2954 3066 2998 est

564 3037 697 3088 Gen.
724 3040 806 3100 48,
837 3041 883 3087 1.
920 3039 1237 3088 Nuntiatum
1263 3043 1345 3088 est
1368 3039 1590 3103 Joseph,
1630 3039 1758 3104 quia
1781 3043 1935 3104 pater
1958 3043 2082 3087 tuus
2106 3039 2380 3100 turbatur3
2419 3037 2587 3101 aliqui
2611 3037 2825 3086 codices
2854 3036 3066 3086 habent

562 3130 801 3186 vexatur,
830 3125 1044 3191 aliqui
1070 3130 1358 3187 aestuatur,
1388 3130 1441 3174 et
1470 3125 1615 3175 aliud
1642 3125 1788 3187 alii,
1827 3125 1984 3175 sicuti
2008 3125 2343 3190 interpretari
2368 3124 2550 3172 Latini
2570 3127 2874 3189 potuerunt,
2917 3122 3069 3187 quod

527 3211 768 3261 ‘Graece
806 3212 1060 3277 scriptum
1098 3217 1178 3262 est
1215 3209 1536 3280 ἐνοχλεῖται.“
1588 3212 1786 3262 Similis
1823 3216 1954 3262 nota
1989 3212 2214 3260 recurrit
2249 3227 2371 3260 mox
2407 3226 2458 3259 n.
2497 3212 2616 3259 202.
2652 3225 2704 3274 p.
2742 3211 2862 3278 339.
2915 3208 3068 3257 Illud

562 3296 605 3347 δ.
632 3314 795 3348 unum
822 3299 979 3348 facile
1008 3299 1221 3348 damus:
1260 3299 1525 3348 interdum
1562 3299 1909 3360 librarios,
1937 3299 2028 3363 qui
2055 3313 2220 3362 opera
2245 3297 2298 3346 S.
2325 3297 2384 3346 P.
2412 3302 2464 3346 et
2490 3295 2542 3345 S.
2567 3297 2632 3346 E.
2660 3297 3068 3361 descripserunt

560 3387 616 3434 in
652 3385 829 3435 locum
866 3385 1129 3447 lectionis,
1166 3400 1325 3450 quam
1361 3385 1439 3434 illi
1465 3386 1780 3450 interpretes
1814 3385 2192 3451 sequebantur,
2232 3383 2391 3434 aliam
2417 3384 2520 3432 sibi
2545 3384 2715 3448 magis
2740 3382 3064 3432 familiarem

562 3473 917 3522 substituisse.
963 3473 1273 3521 Eorundem
1316 3473 1736 3535 amanuensium,
1776 3474 1867 3537 qui
1901 3473 2050 3521 iuxta
2088 3487 2419 3522 communem
2448 3470 2708 3520 editorum
2731 3471 3063 3520 sententiam

562 3559 613 3609 S.
651 3560 710 3608 P.
760 3565 812 3608 et
859 3560 911 3609 S.
946 3561 1012 3608 E.
1064 3558 1265 3609 dictata
1312 3560 1598 3610 festinante
1648 3559 1855 3609 calamo
1907 3564 2254 3624 exceperunt,
2307 3558 2565 3608 celeritati
2603 3563 2656 3607 et
2691 3556 3062 3622 negligentiae

560 3647 854 3708 tribuimus,
904 3647 1047 3711 quod
1083 3649 1137 3694 in
1173 3646 1599 3711 Allegationibus
1638 3647 1994 3696 controversis
2042 3661 2340 3710 synonyma
2375 3647 2698 3710 synonymis,
2748 3644 3062 3709 similiaque

559 3735 725 3783 verba
750 3732 1040 3798 aliquando
1060 3733 1236 3783 verbis
1266 3733 1526 3784 similibus
1552 3734 1840 3784 substituta
1865 3733 2154 3783 videamus.
2179 3733 2301 3782 Non
2319 3731 2561 3781 ultimum
2585 3748 2681 3796 pro
2704 3731 2898 3781 Citatis
2920 3731 2972 3780 S.
2993 3732 3060 3780 P.

562 3825 615 3869 et
640 3819 691 3869 S.
720 3822 783 3870 E.
812 3826 1059 3870 accurate
1096 3820 1251 3870 factis
1290 3825 1655 3885 argumentum
1695 3837 1729 3870 ε.
1769 3822 1994 3870 sumitur
2019 3836 2083 3869 ex
2111 3837 2190 3881 eo,
2231 3819 2374 3884 quod
2411 3825 2618 3869 testes
2656 3821 2791 3867 sint
2829 3818 3060 3868 Eccle·
3120 3823 3128 3829 “

561 3909 882 3958 siasticae
918 3907 1351 3956 Traditionis.
1389 3909 1451 3957 V.
1478 3925 1529 3972 p.
1556 3909 1676 3957 305.
1714 3908 1818 3968 Qui
1857 3909 1995 3956 enim
2033 3921 2220 3956 sensus
2259 3907 2312 3956 S.
2351 3905 2758 3971 Scripturarum,
2799 3910 2854 3955 et
2890 3921 3058 3954 verae

559 3994 884 4045 Traditionis
908 3999 1069 4044 testes
1097 4009 1213 4044 esse
1240 4000 1459 4059 possent
1482 3995 1537 4056 ii,
1566 3995 1656 4060 qui
1683 4009 1846 4059 saepe
1872 4009 2088 4044 numero
2115 3993 2168 4042 S.
2190 3993 2490 4058 Scripturas
2515 3998 2711 4042 temere
2737 4007 3057 4057 repraesen—

558 4085 801 4132 tassent?
837 4088 966 4146 quot
1002 4087 1145 4131 certe
1184 4086 1311 4130 tunc
1348 4081 1485 4131 falsa
1522 4083 1881 4143 consectaria,
1933 4085 2063 4146 quot
2098 4081 2223 4130 inde
2263 4080 2492 4129 derivari
2530 4080 2844 4130 debuissent
2879 4080 3058 4130 hallu-

560 4169 883 4218 cinationes!
940 4167 993 4216 S.
1034 4167 1423 4232 Scripturarum
1462 4168 1732 4230 admixtio,
1771 4182 1929 4232 quam
1968 4169 2220 4218 Veterum
2256 4166 2577 4217 lectionibus
2615 4167 2881 4216 contineri
2921 4168 3056 4217 obii-

559 4257 707 4305 ciunt
743 4255 1052 4316 adversarii,
1090 4256 1166 4303 uti
1204 4255 1501 4306 additiones
1540 4271 1605 4304 ac
1641 4256 1983 4319 omissiones3
2021 4255 2150 4320 ipsis
2182 4254 2396 4304 illorum
2425 4258 2724 4318 temporum
2751 4253 3054 4317 codicibus,

557 4344 611 4392 in
668 4341 859 4407 quibus
914 4343 1269 4392 admixtiones
1324 4341 1376 4392 S.
1428 4342 1816 4407 Scripturarum
1867 4341 1992 4391 illae
2043 4347 2096 4390 et
2145 4341 2445 4391 additiones
2495 4355 2560 4390 ae
2608 4341 3054 4407 interpolationes

558 4431 895 4491 exstiterant,
948 4430 1047 4478 erit
1096 4429 1393 4478 tribuenda.
1457 4429 1599 4490 Quid
1648 4428 1874 4494 amplius
1922 4433 2169 4494 poterant
2218 4427 2270 4476 S.
2307 4429 2496 4478 Patres
2548 4431 2602 4477 et
2645 4427 2948 4494 Scriptores
2981 4431 3053 4480 E.

557 4522 829 4582 praestare
865 4517 1053 4566 mediis
1090 4515 1196 4566 illis
1234 4518 1289 4566 in
1331 4517 1764 4582 persecutionum
1801 4517 2076 4581 angustiis,
2113 4517 2170 4565 in
2207 4517 2520 4566 continuato
2555 4515 2648 4566 illo
2687 4518 3052 4567 instituendae

558 4603 728 4670 plebis
751 4610 804 4654 et
830 4603 1166 4669 Episcopalis
1204 4605 1379 4654 oneris
1404 4621 1499 4670 pro
1528 4603 1786 4670 dignitate
1825 4603 2152 4669 adimplendi
2187 4604 2376 4667 studiO,
2416 4605 2471 4652 in
2505 4603 2718 4654 illarum
2744 4604 3050 4654 Literarum
