3309 5300
553 418 681 483 292
1244 431 1478 472 Commeat.
1508 429 1561 471 de
1586 430 1631 471 S.
1656 428 1871 482 scriptur.
1901 442 1996 480 cap.
2025 428 2134 471 tert.
2162 429 2270 471 sect.
2301 428 2335 471 1.

552 604 700 655 Alter
746 605 1093 670 propheticae
1139 604 1481 655 revelationis
1530 604 1718 654 modus
1769 610 1879 654 est:
1930 605 2113 654 Visio
2161 604 2280 654 coll.
2324 604 2446 655 Isai.
2489 608 2532 666 1,
2585 607 2629 653 1.
2679 606 2726 666 6,
2770 607 2814 653 1.
2869 606 2952 665 13,
3003 604 3062 650 1:

552 693 747 742 Jerem.
788 694 834 753 1,
876 694 955 740 11.
1005 691 1203 741 Ezech.
1245 694 1291 753 1,
1332 694 1377 739 1.
1413 691 1581 756 Apoc.
1620 693 1666 752 1,
1709 694 1808 753 10.‚
1857 706 1966 755 qua
1999 691 2280 755 vigilantes
2318 691 2664 756 rapiebantur
2697 692 2756 739 in
2789 690 3059 748 ecstasin,

554 783 797 829 cessante
835 779 902 828 ad
938 783 1148 844 tempus
1196 795 1300 830 usu
1348 793 1600 828 sensuum
1639 783 1990 827 externorum.
2041 779 2107 827 In
2142 777 2244 827 hoc
2283 782 2426 827 statu
2463 791 2498 826 a
2541 776 2594 825 S.
2635 776 2835 842 Spiritu
2873 775 3062 825 menti

557 865 946 931 Prophetarum
986 866 1375 915 exhibebantur
1412 870 1467 913 et
1508 864 1614 914 alte
1650 862 2009 929 infigebantur
2055 866 2316 929 imagines
2360 864 2638 929 quaedam,
2691 865 2800 912 sive
2837 862 3062 928 figurae

556 968 731 1002 rerum
757 952 1119 1017 propheticae,
1158 954 1353 1017 quibus
1378 957 1433 1001 et
1456 952 1816 1017 praesentiam
1842 955 1896 1000 et
1919 951 2248 1000 voluntatem
2274 966 2426 999 suam
2461 950 2840 1000 manifestabat
2862 950 3060 1000 Deus:

554 1054 775 1103 quarum
796 1053 925 1087 vero
952 1054 1165 1089 sensum
1190 1043 1286 1088 aut
1307 1039 1457 1087 Deus
1482 1039 1614 1102 ipse,
1641 1037 1728 1086 vel
1753 1022 1978 1102 angelus
2004 1037 2232 1087 edocuit.
2267 1036 2348 1085 Of.
2367 1036 2526 1085 Zach.
2549 1052 2594 1085 c.
2617 1038 2767 1085 1—8.
2793 1037 3060 1087 Summus

552 1124 750 1189 gradus
776 1129 859 1174 est
893 1140 1043 1187 vox,
1078 1125 1344 1175 verbum
1379 1125 1718 1187 Divinum3
1756 1124 1990 1173 humano
2021 1123 2210 1185 simile,
2247 1122 2397 1189 quali
2421 1124 2504 1171 vir
2526 1138 2644 1171 cum
2671 1124 2800 1185 vire,
2837 1125 3056 1172 amicus

554 1226 673 1261 cum
710 1213 897 1273 amice,
936 1228 1207 1262 sermones
1242 1213 1519 1261 instituere
1544 1210 1697 1261 solet.
1737 1210 1818 1260 cf.
1844 1211 2017 1261 Exod.
2043 1212 2126 1273 33,
2156 1214 2238 1260 11.
2274 1210 2430 1259 Num.
2459 1212 2506 1272 7,
2537 1210 2620 1259 89.
2657 1210 2817 1259 Deut.
2844 1211 2928 1271 34,
2964 1211 3052 1258 10.

554 1298 697 1362 quod
744 1314 925 1349 rursus
977 1300 1153 1349 evenit
1188 1314 1344 1363 pure,
1392 1299 1597 1362 absque
1634 1298 1816 1362 aliquo
1861 1299 2218 1361 internuntio,
2270 1296 2356 1346 vel
2392 1296 2592 1357 medio,
2641 1296 2779 1345 ultro
2819 1297 3050 1356 citrove,

554 1384 869 1449 explicando
908 1390 963 1435 et
1000 1384 1412 1450 respondendo„
1449 1383 1638 1433 Matth.
1677 1386 1728 1445 3,
1766 1386 1847 1434 17.
1896 1384 2094 1433 Joann.
2135 1386 2216 1445 12,
2255 1385 2339 1433 28.
2384 1382 2501 1432 Act.
2540 1384 2588 1444 9,
2626 1385 2675 1432 4.
2734 1382 3052 1447 Aliquando

550 1471 774 1520 verbum
811 1471 1106 1520 visionibus
1144 1474 1198 1519 et
1229 1470 1553 1534 imaginibus
1592 1470 1932 1519 coniunctum
1969 1475 2099 1519 erat.
2153 1469 2280 1519 Isai.
2307 1471 2354 1531 6,
2389 1470 2437 1518 9.
2475 1471 2559 1530 21,
2588 1470 2635 1517 6.
2683 1468 2724 1516 Ι.
2750 1468 2880 1533 Reg.
2911 1470 2967 1529 3,
3001 1470 3050 1517 1.

552 1556 617 1605 In
654 1556 735 1606 his
774 1558 1019 1608 omnibus
1055 1557 1227 1605 modis
1265 1556 1493 1620 Spiritus
1530 1554 1760 1605 Sanctus
1796 1571 1906 1605 11011
1947 1560 2222 1605 mentem
2269 1556 2440 1605 solum
2477 1571 2651 1605 rerum
2699 1555 3052 1605 dicendarum

554 1643 880 1693 revelatione
913 1642 1371 1707 collustravit3
1410 1660 1595 1693 verum
1621 1645 1780 1693 etiam
1807 1643 2009 1693 effecit:
2045 1648 2106 1692 ut
2129 1643 2431 1708 Prophetae
2463 1644 2805 1708 appositas
2841 1657 3052 1691 voces

557 1727 843 1792 eligerent3
883 1730 1076 1793 quibus
1104 1728 1173 1777 ad
1197 1728 1475 1778 consilium
1500 1734 1838 1794 mentemque
1862 1729 1968 1780 Dei
1994 1730 2212 1780 oracula
2237 1744 2336 1778 sua
2359 1729 2660 1778 funderent.
2695 1729 2819 1777 Isai.
2843 1730 2928 1789 59,
2959 1729 3052 1776 21.

554 1814 743 1879 Neque
799 1818 978 1863 tamen
1034 1831 1199 1864 unum
1252 1820 1537 1880 propterea
1590 1816 1822 1865 omnium
1878 1820 1932 1865 et
1985 1815 2268 1881 aequabile
2318 1816 2514 1864 Vatum
2567 1815 2826 1865 dicendi
2877 1820 3054 1878 atque

553 1901 896 1950 scribendi
933 1916 1139 1967 genus
1174 1903 1451 1966 reperitur,
1488 1902 1584 1951 sed
1621 1901 1778 1967 longe
1804 1902 2246 1966 diversissimum3
2285 1901 2600 1967 perelegans
2623 1902 2681 1951 in
2703 1901 3054 1967 quibusdam,

552 1988 612 2036 in
648 1988 769 2038 aliis
806 1989 1115 2053 simplicius,
1152 1993 1213 2037 ut
1242 1990 1583 2053 exposuimus
1618 1988 1714 2038 ubi
1745 1990 1810 2038 de
1836 1989 2058 2054 singulis
2083 1990 2146 2038 V.
2171 1988 2236 2037 F.
2271 1988 2550 2053 Prophetis
2589 1988 2827 2039 diximus.
2875 1988 3053 2037 Natu·

553 2074 753 2123 ruralia
790 2076 928 2123 enim
964 2074 1109 2123 dona
1141 2076 1353 2139 integra
1386 2076 1581 2139 cuique
1619 2074 1847 2139 Spiritus
1879 2074 1931 2123 S.
1967 2074 2210 2140 reliquit3
2249 2074 2604 2124 sanctificavit
2633 2078 2810 2123 autem
2835 2074 3054 2133 eadem,

556 2161 765 2225 sibique
800 2160 931 2209 fecit
966 2161 1253 2209 inservire:
1292 2162 1369 2209 ita
1394 2160 1623 2225 quidem,
1649 2165 1711 2210 ut
1733 2162 1918 2209 nativa
1940 2161 2040 2209 sibi
2064 2160 2250 2226 lingua
2274 2166 2328 2210 et
2350 2159 2532 2209 indole
2568 2161 2792 2225 quisque
2827 2162 2885 2209 in
2913 2161 3054 2208 scri-

552 2247 743 2297 bendis
767 2248 1037 2296 vaticiniis
1061 2251 1323 2310 uteretur-3
1352 2252 1582 2296 attamen
1608 2249 1666 2295 in
1690 2247 1964 2297 tradendis
1989 2249 2254 2297 vaticiniis
2282 2248 2528 2297 omnibus
2554 2251 2740 2296 auctor
2761 2248 3058 2312 primarius

554 2335 929 2383 vaticiniorum
964 2334 1259 2400 Prophetas
1296 2335 1373 2383 sic
1410 2333 1615 2397 direxit,
1651 2350 1721 2383 ne
1759 2334 1889 2399 quid
1925 2348 1958 2383 a
1992 2339 2170 2385 mente
2205 2335 2374 2399 ipsius
2410 2334 2610 2383 Divina
2645 2333 2969 2383 deflecteret.

752 2637 811 2718 §-
864 2636 1005 2703 130.
1072 2634 1339 2701 Sermo
1386 2634 1966 2722 Prophetarum
2013 2635 2346 2722 amplius
2391 2633 2852 2701 illustratur.

763 2856 1031 2916 Quantum
1068 2854 1137 2904 ad
1173 2871 1468 2906 sermonem
1503 2856 1890 2920 Prophetarum
1937 2856 2150 2918 attinet,
2191 2855 2356 2905 habet
2388 2855 2658 2920 quandam
2693 2857 2798 2906 sibi
2833 2856 3054 2922 privam

554 2943 930 3007 propriamque
982 2946 1314 3003 structuram,
1368 2957 1505 3006 quae
1556 2943 1623 2992 ab
1675 2942 1927 2992 historico
1975 2943 2126 2992 iuxta
2162 2957 2226 2992 ac
2265 2943 2496 2992 oratorio
2531 2943 2756 2992 multum
2791 2945 2920 3004 abit,
2980 2942 3060 2992 ad

553 3030 820 3092 poeticum
870 3034 1049 3078 autem
1086 3043 1246 3094 quam
1282 3029 1519 3093 proxime
1562 3028 1798 3092 accedit3
1848 3026 2029 3093 figuris
2071 3029 2430 3094 grammaticis
2469 3034 2521 3078 et
2557 3028 2834 3079 rhetoricis
2867 3030 3057 3094 pictus

555 3116 929 3178 sententiosus,
976 3117 1251 3180 gnomicus
1288 3143 1355 3152 -
1392 3116 1522 3180 quia
1564 3115 1785 3180 vulgare
1825 3115 2037 3164 dicendi
2085 3131 2255 3181 genus
2292 3131 2401 3165 11011
2437 3115 2658 3166 suffecit.
2697 3143 2760 3152 -
2799 3117 3058 3164 concisus

554 3207 837 3266 praeterea
891 3206 945 3250 et
998 3202 1255 3266 abruptus
1322 3217 1710 3266 nonnunquam
1770 3201 2200 3266 deprehenditur.
2274 3203 2393 3263 Quo
2462 3201 2544 3264 fit,
2605 3205 2666 3251 ut
2721 3201 3058 3266 Prophetiae

556 3287 791 3338 evadant
833 3287 1109 3337 intellectu
1144 3287 1467 3338 difficiliores
1483 3324 1497 3351 ,
1552 3293 1607 3338 et
1645 3288 2050 3352 diligentissimo
2095 3289 2350 3338 scrutinio
2399 3293 2560 3352 atque
2610 3293 2815 3338 attenta
2861 3303 3058 3353 perso-

554 3389 758 3437 narum,
806 3374 1061 3436 locorum,
1111 3378 1407 3439 temporum
1444 3380 1497 3424 et
1532 3375 2046 3424 circumstantiarum
2093 3375 2538 3436 consideratione,
2588 3389 2722 3438 opus
2767 3375 2838 3423 sit
2885 3375 3056 3422 inter-

554 3463 707 3526 preti.
763 3461 895 3510 Cum
932 3460 1223 3525 Prophetia
1258 3463 1330 3511 sit
1362 3461 1746 3527 praedictio
1796 3461 1870 3510 de
1909 3462 2107 3512 rebus
2143 3461 2392 3510 abditis
2429 3465 2493 3510 et
2527 3461 2798 3522 futuris,
2847 3460 3059 3525 gaudet

557 3547 620 3595 di
633 3563 661 3596 c
672 3563 747 3596 en
762 3547 823 3595 di
860 3563 895 3612 g
906 3563 935 3596 0
946 3563 983 3596 11
995 3563 1023 3596 0
1036 3563 1102 3596 re
1138 3563 1169 3597 o
1180 3548 1215 3596 b
1228 3563 1253 3598 s
1268 3563 1297 3597 0
1308 3564 1379 3597 ur
1391 3565 1422 3598 0
1461 3575 1528 3586 --
1560 3551 1874 3614 praesertim
1911 3549 2056 3614 apud
2090 3547 2430 3598 Ezechielem
2442 3584 2455 3609 ,
2499 3548 2779 3598 Danielem
2794 3585 2808 3609 ,
2845 3547 3056 3597 Zacha—

557 3634 689 3684 riam
726 3661 793 3670 -——
830 3649 965 3698 sym
982 3634 1015 3683 b
1032 3633 1213 3684 olico
1252 3640 1305 3684 et
1340 3653 1373 3701 p
1389 3650 1461 3684 ar
1476 3635 1555 3684 ab
1571 3635 1774 3686 elice.
1835 3637 2136 3696 obscuritas,
2180 3649 2320 3699 quae
2365 3636 2677 3686 observatur
2711 3637 2767 3684 in
2805 3650 3057 3684 sermone

558 3721 885 3785 propheticO,
918 3735 1116 3786 magna
1146 3737 1212 3771 ex
1235 3725 1387 3786 parte
1412 3723 1649 3772 nascitur
1675 3737 1740 3771 ex
1765 3725 2006 3772 oratione
2041 3721 2316 3772 translata.
2365 3723 2509 3772 Hinc
2545 3738 2586 3772 s.
2613 3721 2764 3786 Cyri
2776 3720 2911 3770 llus
2951 3721 3054 3783 AL,

555 3809 613 3854 in
648 3807 773 3856 Isai.
810 3808 894 3869 27,
925 3809 1005 3856 13.
1041 3799 1315 3858 verissime
1351 3814 1558 3858 monet:
1600 3809 1768 3870 „Mos
1807 3816 1905 3860 est
1939 3809 2194 3860 sanctis
2229 3809 2590 3874 Prophetis
2627 3808 3010 3858 obscuritat
3025 3823 3054 3856 0

559 3893 737 3958 quad
754 3908 849 3941 am
887 3908 1065 3942 suum
1104 3895 1441 3959 obtegere
1479 3900 1900 3946 sermonem.“
1943 3896 2044 3960 Op.
2070 3896 2168 3958 111,
2197 3897 2316 3946 610.
2354 3895 2496 3956 Quin
2519 3912 2562 3944 s.
2586 3895 2830 3944 Joannes
2857 3893 3056 3958 Chry—

555 3984 915 4030 sostomus:
958 3979 1267 4042 „Utiliter
1292 3985 1354 4030 et
1378 3998 1411 4047 p
1426 3997 1741 4032 ercommo
1756 3982 1831 4032 de
1867 3983 2113 4031 factum
2151 3995 2294 4031 esse
2322 3981 2508 4044 dicit,
2545 3985 2616 4031 ut
2647 3980 3058 4046 Prophetiae

558 4066 632 4115 de
683 4064 951 4115 Christo
1006 4070 1071 4115 et
1118 4065 1445 4116 Gentibus
1495 4067 1702 4132 deque
1743 4069 2143 4118 Judaeorum
2197 4069 2669 4133 reprobatione
2726 4067 3058 4116 obscurae

558 4169 587 4202 e
600 4167 661 4202 ss
674 4156 829 4202 ent.“
888 4151 991 4216 Op.
1026 4153 1121 4201 VI.
1173 4155 1290 4203 168.
1340 4169 1383 4202 8.
1436 4153 1712 4204 Accidisse
1761 4160 1914 4220 putat
1961 4155 2063 4204 hoc
2123 4156 2218 4216 „in
2269 4155 2743 4206 obscuritatem
2786 4155 3018 4204 Veteri
3031 4169 3057 4203 s

558 4239 992 4300 Testamenti,
1044 4243 1107 4287 et
1142 4240 1311 4303 quod
1358 4239 1478 4288 alii
1529 4239 1700 4289 alios
1747 4256 1872 4290 non
1908 4242 2195 4291 debeant
2243 4245 2611 4291 accusare.“
2673 4240 2812 4292 [bid.
2853 4243 2972 4290 180.
3013 4255 3058 4290 8.

558 4325 707 4374 Idem
734 4341 891 4390 porro
930 4340 973 4374 s.
998 4324 1204 4376 Doctor
1227 4327 1282 4374 in
1309 4341 1501 4376 causas
1540 4327 1881 4376 obscuritatis
1905 4311 2308 4392 Prophetiarmn
2332 4328 2637 4392 indagavit3
2677 4332 2730 4376 et
2766 4327 3056 4392 providen-

558 4412 667 4460 tiae
694 4411 905 4461 divinae
933 4413 1147 4461 omnino
1175 4427 1440 4478 congruas
1462 4429 1580 4463 esse
1600 4413 1848 4463 ostendit.
1875 4414 2061 4478 Neque
2080 4419 2260 4463 tamen
2278 4419 2564 4480 propterea
2586 4416 2705 4465 visa
2723 4418 2778 4464 et
2795 4415 3058 4463 vaticinia

557 4495 942 4562 Prophetarum
968 4500 1045 4547 ita
1070 4499 1361 4564 obliquata,
1399 4500 1578 4562 dubia,
1616 4500 1931 4565 ambagibus
1963 4501 2242 4550 submersa
2255 4519 2270 4564 3
2309 4501 2754 4567 quemadmodum
2792 4515 3058 4566 responsa

548 4584 739 4654 Pythii
760 4583 1023 4650 Apollinis
1048 4586 1417 4650 inveniuntur;
1446 4587 1597 4636 cuius
1622 4585 1726 4637 hoc
1749 4588 1934 4638 vitium
1958 4588 2168 4638 notavit
2184 4587 2469 4652 Arnobius‚
2495 4588 2616 4638 adv.
2635 4589 2758 4638 Nat.
2778 4588 2875 4638 lib.
2898 4590 2947 4651 3,
2969 4590 3054 4637 23.
