3309 5300
578 425 619 490 2
1315 435 1551 480 Commeat.
1582 433 1636 478 de
1665 439 1710 480 S.
1734 433 1942 489 Scriptur.
1973 449 2122 489 praev.
2152 432 2319 478 admon.

578 611 846 698 aliisque
880 612 1154 675 miseriis
1188 634 1257 675 se
1290 610 1595 675 subiecit:
1644 613 1735 675 ita
1772 611 2116 676 Verbum
2161 611 2312 674 Dei
2356 610 2618 675 literis
2659 619 3072 674 exaratum

580 734 948 789 ceterorum
995 726 1385 810 scriptorum
1438 724 1743 810 periculis
1799 727 2168 811 expositum
2225 723 2363 789 fuit.
2441 722 2831 788 Huiusmodi
2885 731 3070 786 sunt:

579 838 891 904 Codicem
912 837 1185 902 Sacrum
1209 838 1402 902 toties
1429 837 1828 923 descriptum
1851 837 2262 902 librariorum
2287 838 2631 902 oscitantia
2656 846 2720 901 et
2741 835 2888 900 labe
2915 858 3073 899 suos

575 950 916 1033 hincinde,
938 950 1055 1014 sed
1078 949 1505 1035 particulares
1530 951 1898 1015 minoresve
1921 949 2256 1014 admisisse
2281 972 2555 1034 naevos3
2584 951 2694 1034 qui
2717 958 3073 1034 postquam

573 1063 1041 1129 vertendorum
1086 1064 1153 1125 in
1199 1062 1357 1126 alias
1403 1062 1657 1148 linguas
1703 1063 2055 1128 Librorum
2101 1066 2470 1125 θεοπνεύστων
2514 1064 2871 1128 necessitas
2921 1071 3071 1126 orta

578 1186 693 1260 est,
726 1179 794 1240 in
823 1176 965 1240 illas
993 1177 1269 1240 invecti:
1318 1175 1556 1240 deinde
1597 1186 1737 1241 arte
1768 1176 2266 1263 typographica,
2314 1175 2630 1262 preloque
2679 1173 3073 1260 exemplari-

574 1291 698 1355 bus
746 1289 811 1354 S.
848 1290 1108 1355 Codicis
1152 1291 1220 1354 in
1264 1289 1750 1376 typothetarum
1800 1290 2074 1354 officinis
2122 1290 2462 1375 descriptis
2494 1291 2559 1353 in
2590 1288 2755 1352 haec
2804 1310 3073 1373 quoque

573 1412 907 1487 mearunt3
977 1405 1067 1467 ita
1111 1401 1525 1467 nihilominus
1567 1413 1639 1467 ut
1685 1405 1817 1468 suis
1861 1402 1952 1467 illi
1999 1427 2070 1466 se
2115 1402 2422 1467 limitibus
2471 1403 2898 1484 continerent,
2947 1423 3076 1464 nec

574 1525 795 1579 tamen
825 1526 1177 1601 propterea
1209 1515 1509 1580 Verbum
1536 1516 1666 1579 Dei
1697 1517 1761 1579 in
1797 1517 2229 1602 corruptionis
2262 1515 2666 1579 adducerent
2696 1514 3073 1610 discrimen:

573 1628 721 1692 Rite
767 1639 1113 1715 perspecto
1164 1629 1336 1692 enim
1384 1627 1449 1692 S.
1500 1627 1982 1714 Scripturarum
2027 1651 2306 1694 recensu
2349 1626 2781 1712 intelligimus,
2829 1626 3076 1690 menda

577 1741 894 1806 eiusmodi
954 1741 1109 1806 talia
1168 1765 1301 1806 non
1359 1763 1534 1823 esse,
1596 1750 1668 1805 ut
1712 1740 2034 1805 ullatenus
2078 1742 2407 1805 infirment
2452 1743 2587 1804 sive
2633 1740 3074 1804 reverentiam

577 1853 641 1918 S.
689 1854 927 1919 Literis
974 1854 1294 1937 debitam,
1357 1857 1494 1919 sive
1556 1856 2011 1919 auctoritatem
2070 1855 2146 1918 iis
2199 1854 2635 1918 tribuendam.
2709 1853 3071 1916 Enimvero

577 1969 857 2032 evictum
904 1967 1207 2031 habetur:
1255 1966 1498 2031 Divina
1527 1967 1879 2032 Volumina
1909 1967 2262 2054 Utriusque
2294 1967 2698 2058 Testamenti
2743 1967 3074 2048 integra

575 2090 771 2165 atque
804 2083 1280 2167 incorrupta
1311 2081 1392 2145 ab
1430 2083 1604 2144 omni
1639 2079 2153 2144 substantiali
2201 2081 2637 2165 corruptione,
2678 2081 2768 2142 ita
2797 2087 2869 2141 ut
2900 2077 3072 2140 refe-

574 2204 717 2258 rant
742 2193 957 2258 adhuc
983 2195 1372 2279 scriptorum
1398 2216 1663 2258 suorum
1691 2204 1979 2257 mentem
2013 2203 2210 2278 atque
2244 2195 2616 2275 sententias,
2653 2191 2738 2255 ad
2769 2214 2890 2255 nos
2923 2213 3072 2276 per-

573 2309 849 2375 venisse.
893 2307 982 2370 Et
1014 2306 1080 2370 S.
1099 2306 1382 2370 Textum
1417 2306 1680 2391 quidem
1711 2306 1792 2371 V.
1819 2307 1895 2371 Τ.
1922 2306 2099 2371 haud
2129 2306 2589 2393 interpolatum
2622 2327 2786 2387 esse,
2821 2302 3066 2366 exinde

572 2419 905 2504 probatur,
972 2419 1152 2504 quod
1212 2419 1457 2483 nullum
1498 2415 1568 2482 'in
1612 2419 1895 2484 historiis
1943 2420 2262 2484 eiusmodi
2307 2419 2825 2506 interpolationis
2874 2417 3068 2482 vesti-

554 2533 748 2620 gium
782 2542 1125 2618 appareat3
1172 2532 1290 2596 sed
1323 2542 1388 2596 et
1420 2533 1652 2596 eadem
1686 2532 1752 2597 S.
1786 2534 2038 2598 Textus
2069 2534 2338 2598 historia
2369 2533 2752 2598 solidissime
2792 2540 3071 2595 testatur

574 2645 655 2709 de
700 2645 1067 2730 integritate
1113 2645 1193 2710 N.
1227 2644 1301 2709 T.
1342 2645 1658 2710 Mittimus
1707 2645 1846 2711 aliis
1893 2658 2279 2733 argumenta
2326 2645 2711 2728 enarranda,
2762 2667 2932 2730 quae
2983 2642 3065 2707 ab

571 2759 1040 2844 exemplarium
1080 2761 1287 2843 copia,
1321 2760 1693 2823 versionum
1739 2762 2142 2845 antiquitate,
2187 2760 2593 2825 Judaeorum
2641 2769 2706 2823 et
2745 2757 3060 2821 Christia-

568 2894 800 2935 norum
839 2895 1109 2955 summa,
1158 2895 1289 2957 qua
1318 2874 1387 2935 in
1419 2871 1656 2936 Libros
1701 2872 1900 2937 hosce
1949 2873 2346 2956 ferebantur,
2391 2874 2814 2937 veneratione
2863 2880 3065 2955 atque

568 2984 880 3069 religione
911 2987 1048 3070 peti
1080 2985 1308 3049 solent.
1366 2984 1564 3064 Quod
1594 3008 1752 3049 vero
1787 2987 2015 3058 attinet
2046 2986 2132 3049 ad
2170 2986 2448 3050 menda
2495 2983 3064 3065 accidentalia,

571 3122 718 3161 cum
778 3097 955 3161 nulla
1010 3100 1417 3183 reperiantur
1479 3092 1706 3163 vetera
1765 3100 2182 3182 monimenta,
2238 3102 2306 3162 in
2352 3121 2630 3185 quorum
2677 3098 3065 3183 apographa

571 3233 654 3273 ex
698 3212 776 3274 iis
821 3212 1084 3274 minime
1132 3212 1527 3296 irrepserint,
1576 3233 1791 3296 neque
1826 3211 1906 3275 de
1954 3210 2020 3275 S.
2056 3211 2406 3297 Scripturis
2453 3211 2629 3275 aliud
2673 3220 3062 3296 exspectan-

570 3322 724 3386 dum
750 3333 915 3407 erat3
942 3326 1063 3387 nisi
1088 3324 1413 3409 singulare
1438 3347 1703 3409 prorsus
1727 3326 2199 3389 intercessisset
2224 3324 2750 3410 Omnipotentiae
2774 3324 3061 3387 Divinae

567 3434 971 3519 miraculum,
1020 3458 1149 3521 quo
1197 3439 1517 3501 immunes
1562 3460 1828 3523 prorsus
1874 3437 1957 3501 ab
2004 3436 2236 3501 iisdem
2283 3438 2528 3502 servari
2573 3438 2956 3523 potuissent.

774 3574 865 3639 Ut
930 3574 1105 3639 illam
1175 3576 1255 3640 de
1326 3577 1391 3641 S.
1464 3576 1818 3663 Scriptura,
1889 3578 2083 3641 etiam
2149 3578 2217 3640 in
2279 3600 2544 3661 genere,
2614 3578 3058 3661 cognitionem

568 3684 993 3770 obtineamUS,
1036 3709 1203 3773 quae
1250 3688 1443 3775 plene
1488 3689 1889 3775 respondeat
1935 3691 2072 3753 eius
2117 3699 2409 3771 naturae,
2438 3689 2627 3775 plura
2671 3699 2822 3753 sunt
2867 3690 3058 3753 nobis

567 3798 862 3864 distincte
907 3801 1381 3887 investiganda,
1416 3823 1581 3887 quae
1622 3812 1856 3887 sponte
1905 3825 1988 3865 ex
2029 3804 2238 3888 primo
2289 3802 2524 3866 obiecti
2572 3802 2804 3867 obtutu
2847 3803 3058 3887 inqui-

563 3912 769 3979 renda
800 3936 869 3977 se
904 3914 1204 3978 offerunt.
1255 3914 1590 4001 Siquidem
1624 3916 1898 3999 quisque
1947 3914 2246 3999 intelligit
2276 3916 2557 4001 primum
2601 3913 2809 4000 probe
2857 3938 3052 4002 nosse

533 4107 544 4115 ᾖ
564 4036 897 4111 oportere:
961 4050 1017 4091 a.
1069 4050 1390 4112 quaenam
1452 4029 1578 4091 sint
1639 4026 2071 4091 Volumina
2112 4026 2240 4109 illa,
2302 4027 2383 4091 de
2433 4026 2666 4112 quibus
2711 4027 3057 4112 praedica-

562 4161 704 4201 mus
752 4139 1144 4223 singularem
1190 4162 1335 4203 eam
1380 4142 1929 4225 praerogativam,
1977 4162 2172 4225 quam
2217 4139 2400 4203 titulo
2448 4138 2945 4221 ‚Sacrorum‘
2993 4151 3059 4204 et

562 4250 1186 4333 ,Canonicorum‘
1215 4251 1565 4315 Librorum
1597 4254 2011 4337 insignimus3
2046 4263 2242 4337 atque
2275 4251 2424 4315 hinc
2455 4251 2786 4315 undenam
2821 4271 3053 4316 eorum

562 4386 870 4428 numerus
932 4387 1162 4428 secure
1222 4364 1637 4428 determinari
1690 4366 1913 4450 possit.
2004 4364 2195 4428 Unde
2254 4364 2776 4429 Commentarius
2829 4376 3057 4431 noster

558 4463 913 4561 patentem,
984 4479 1049 4540 in
1108 4499 1303 4561 quem
1367 4488 1686 4560 occurrat,
1736 4477 2133 4543 nanciscitur
2179 4499 2516 4562 campum:
2579 4476 2661 4540 de
2708 4476 3056 4563 ,Canone

559 4588 623 4655 S.
673 4588 1025 4653 Librorum
1092 4588 1447 4675 Utriusque
1510 4589 1850 4654 Foederis‘
1876 4634 1882 4643 -
1912 4610 2266 4677 exponere.
2351 4588 2514 4653 Inde
2581 4610 2800 4653 rerum
2864 4599 3054 4655 natu*
