3309 5300
466 382 585 445 ,78
1104 395 1341 436 comment.
1370 393 1425 436 de
1444 395 1487 436 S.
1511 393 1721 444 scriptur:
1743 405 1836 444 cap.
1859 394 1983 444 prim.
2005 395 2113 434 sect.
2133 395 2188 435 11.
2211 393 2348 435 addit.

485 574 639 632 liber
684 574 753 630 de
797 572 1039 630 filiabus'
1064 575 1257 643 Adae3
1309 573 1462 633 liber
1500 573 1913 654 poenitentiae
1931 574 2111 646 Adae,
2162 575 2290 634 vita
2331 575 2563 646 Adami,
2611 569 2729 645 βίος
2761 569 3000 648 Ἀδάμς·

488 677 905 754 Apocalypsis:
968 677 1189 736 Psalmi
1240 682 1415 757 atque
1476 683 1787 756 praecepta
1832 680 1995 736 Adae
2049 681 2121 736 ad
2170 679 2362 737 filium
2409 678 2553 736 Seth
2576 676 2611 736 ¹.
2659 682 2662 687 '
2691 677 2987 736 Similiter

486 783 742 840 habetur
784 788 839 840 2.
873 785 996 840 eius
1026 793 1179 841 uxor
1216 783 1278 840 H
1290 803 1419 842 eva
1451 788 1653 842 auctor
1684 783 1993 858 evangelii.
2039 787 2097 841 3.
2132 783 2394 841 Sethus
2433 803 2538 859 per
2575 784 2698 841 dies
2728 783 2986 860 quadra-

487 886 657 960 ginta
678 891 880 963 raptus
903 888 970 945 in
993 888 1215 946 coelum
1236 889 1471 946 edoctus
1498 890 1571 946 ab
1594 888 1860 962 Angelis,
1898 893 1954 945 4.
1981 889 2319 945 Enochus
2343 888 2628 964 propheta
2650 892 2709 944 et
2729 887 2988 962 scriptor

487 989 777 1057 librorum
808 992 879 1048 de
908 993 1265 1050 astronomia
1282 989 1326 1049 ².
1368 996 1426 1050 5.
1459 993 1890 1050 Mathusala.
1929 998 1986 1050 6.
2019 989 2379 1049 Lamech3.
2421 996 2474 1049 7.
2507 993 2732 1064 Noria
2763 992 2988 1049 coniux

487 1096 669 1166 Noae,
720 1094 885 1153 cuius
914 1095 1105 1153 fertur
1141 1095 1505 1154 vaticinatio
1563 1101 1621 1154 8.
1656 1096 1868 1153 Cham
1909 1115 1944 1153 a
1983 1096 2154 1154 malis
2185 1101 2414 1155 creatus
2453 1096 2678 1172 angelis
2710 1100 2769 1154 et
2798 1095 2988 1153 malas

490 1203 645 1258 artes
676 1200 929 1258 edoctus.
985 1205 1041 1258 9.
1074 1200 1599 1258 Melchisedech
1636 1201 2003 1259 Psalmorum
2039 1203 2308 1277 scriptor,
2354 1201 2561 1259 deinde
2591 1201 2988 1258 traditionum

491 1303 968 1382 theologicarum,
1003 1305 1156 1363 ritus
1178 1304 1565 1375 sacerdotalis,
1594 1305 1840 1362 rationis
1864 1309 2207 1381 temporum,
2243 1304 2586 1381 prophetiae
2610 1309 2669 1362 et
2692 1306 2920 1378 Legum
2937 1302 2986 1361 4.

496 1413 593 1466 10.
618 1408 1079 1465 Abrahamus
1110 1413 1314 1466 auctor
1344 1407 1748 1485 apocalypseos
1773 1409 2092 1466 cuiusdam.
2132 1414 2230 1467 11.
2255 1409 2293 1466 J
2307 1410 2471 1467 acob
2485 1429 2561 1466 us
2593 1409 2758 1467 cuius
2782 1408 2987 1465 Testa-

492 1516 759 1569 mentum
790 1515 849 1568 et
880 1506 1189 1584 ἀναβαθμοὶ
1220 1517 1769 1571 commemorantur.
1822 1518 1922 1570 12.
1956 1514 2415 1571 Testamenta
2442 1516 2550 1569 τῶν
2579 1514 2740 1589 τριῶν
2771 1511 2988 1588 Πατρι-

493 1618 701 1692 αρχῶν,
751 1620 810 1672 et
854 1611 907 1670 αἱ
956 1611 1210 1687 διαθῆκαι
1247 1617 1355 1671 τῶν
1398 1612 1617 1672 δώδεκα
1665 1615 2114 1693 Πατριαρχῶν
2135 1615 2174 1672 5.
2240 1621 2338 1675 13.
2387 1617 2688 1693 Josephi
2724 1615 2989 1692 precatio

488 1719 783 1795 προσευχή.
850 1723 949 1776 14.
980 1719 1142 1777 Jobi
1183 1720 1355 1778 varia
1399 1722 1464 1777 in
1511 1720 1709 1778 LXX.
1743 1721 1960 1778 addita.
2024 1726 2121 1779 15.
2153 1722 2442 1779 Jamnes
2488 1725 2556 1780 et
2599 1722 2985 1791 Mambres,

490 1825 712 1899 Moysis
764 1823 1087 1881 adversarii
1110 1820 1151 1879 ⁶.
1236 1829 1262 1880 1
1278 1830 1332 1881 6.
1384 1826 1685 1902 Moyses,
1751 1827 1847 1882 cui
1899 1826 2249 1883 tribuuntur
2301 1826 2765 1897 Testamentum,
2823 1821 2992 1900 λόγοι

495 1921 734 1998 μυστικοὶ
779 1925 1093 1999 Μωϋσέως,
1144 1932 1366 1985 secreta
1410 1929 1631 2006 Moysis
1648 1974 1662 2001 ,
1711 1928 2075 2006 apocalypsis
2091 1975 2104 2001 ‚
2151 1931 2418 1988 anabasis
2459 1931 2584 1989 sive
2631 1929 2922 2005 analepsis
2943 1926 2984 2001 ⁷,

498 2035 557 2088 et
601 2030 719 2088 alia
749 2031 1034 2108 quaedam
1056 2029 1097 2088 8.
1158 2035 1255 2088 17.
1289 2033 1511 2090 Eldad
1550 2038 1609 2091 et
1648 2034 1901 2091 Medad
1924 2031 1966 2091 ⁹.
2029 2039 2126 2092 18.
2173 2034 2524 2092 Samuelis
2565 2034 2714 2092 liber
2754 2035 2828 2090 de
2857 2035 2990 2091 iure

492 2137 659 2209 regni
687 2134 751 2193 ¹⁰.
805 2135 1280 2208 19.2Davides‚
1318 2139 1412 2194 cui
1440 2137 1507 2194 in
1538 2138 1842 2196 nonnullis
1867 2139 2160 2197 codicibus
2184 2143 2242 2196 et
2266 2139 2622 2196 editionibus
2650 2140 2760 2194 τῶν
2784 2137 2987 2194 LXX.

493 2239 734 2297 inscribi
758 2239 905 2297 solet
919 2241 1015 2297 Ps.
1043 2245 1068 2296 1
1084 2245 1156 2298 51
1172 2262 1215 2310 .;
1241 2245 1371 2316 post
1391 2241 1705 2300 victoriam
1730 2244 1799 2299 de
1818 2242 2089 2301 Goliatho
2113 2244 2481 2318 compositus.
2517 2242 2806 2300 Ecclesiae
2832 2243 2990 2299 inte-

496 2345 613 2402 rim
644 2343 997 2402 universalis
1029 2345 1329 2415 iudicium,
1364 2351 1423 2403 et
1450 2349 1731 2405 continua
1762 2347 2026 2405 omnium
2053 2351 2313 2404 aetatum
2343 2347 2648 2420 suffragia3
2684 2351 2990 2423 tamquam

710 2658 743 2723 ι)
791 2658 1038 2707 Habetur
1084 2658 1299 2706 arabice
1346 2658 1809 2723 conscriptussin
1858 2658 1973 2707 cod.
2018 2659 2162 2707 XXI.
2209 2673 2284 2707 ar.
2334 2658 2471 2707 Bibl.
2510 2658 2808 2708 Vaticanae
2851 2662 2990 2707 teste

501 2745 564 2797 A.
612 2745 775 2807 Maio,
827 2745 1016 2810 Script.
1065 2745 1184 2797 Vet.
1235 2745 1391 2794 Nova
1439 2742 1572 2793 0011.
1623 2743 1774 2794 Rom.
1827 2744 1981 2794 1831.
2032 2745 2151 2806 VII,
2196 2747 2276 2794 77.
2341 2743 2591 2794 Codicem
2637 2746 2990 2806 Nasaraeum,

494 2833 529 2882 l.
556 2833 747 2882 Adami
782 2831 961 2897 appel.
1000 2832 1206 2895 syriace
1242 2832 1646 2897 transscriptum
1686 2846 1714 2880 e
1751 2846 1874 2881 mss.
1901 2831 2021 2881 Par.
2048 2831 2113 2880 N.
2140 2834 2259 2881 309.
2285 2832 2368 2881 ed.
2407 2836 2461 2881 et
2496 2831 2586 2882 lat.
2613 2831 2760 2881 redd.
2797 2831 2987 2881 Matth.

494 2920 755 2985 Norberg.
804 2919 975 2968 Lond.
1026 2918 1183 2969 Goth.
1229 2918 1429 2967 1—111.
1480 2919 1736 2967 1815-6.
1811 2917 1850 2982 2)
1899 2917 1980 2967 cf.
2018 2918 2088 2967 H.
2125 2919 2191 2967 N.
2227 2918 2289 2967 T.
2339 2934 2390 2981 p.
2427 2919 2547 2968 495.
2609 2918 2989 2983 scriptoribus,

496 3022 629 3072 quos
669 3007 743 3056 ibi
777 3005 1131 3068 laudavimus,
1170 3005 1307 3055 adde
1343 3006 1395 3055 J.
1426 3006 1669 3071 Langen,
1707 3005 1803 3055 das
1838 3005 2171 3055 Judenthum
2206 3006 2261 3054 in
2284 3005 2580 3055 Palastina.
2616 3005 2796 3055 Freib.
2835 3005 2988 3055 1866.

495 3110 546 3159 p.
584 3095 667 3142 35.
706 3110 747 3143 s.
822 3092 863 3157 3)
916 3091 1051 3142 Coll.
1100 3093 1478 3155 Montfaucon,
1529 3091 1868 3141 Bibliotheca
1917 3091 2265 3142 coisliniana.
2314 3092 2436 3141 Par.
2477 3094 2628 3141 1715.
2677 3108 2729 3156 p.
2783 3093 2900 3141 194.
2941 3092 2989 3141 7.

499 3181 541 3245 ⁴)
582 3178 663 3229 Cf.
703 3179 967 3245 Scipionis
1008 3178 1336 3245 Squambati‚
1374 3178 1727 3229 Archivorum
1762 3180 1826 3228 V.
1853 3180 1914 3228 Τ.
1952 3179 1988 3228 1.
2027 3179 2069 3241 Ι,
2109 3181 2191 3228 21.
2228 3196 2280 3243 p.
2322 3180 2437 3228 164.
2475 3195 2518 3229 s.
2593 3179 2634 3243 ⁵)
2671 3178 2756 3227 De
2793 3178 2990 3244 quibus

504 3266 707 3317 erudite
758 3266 997 3332 disputat
1031 3266 1083 3315 J.
1120 3268 1185 3316 E.
1226 3266 1474 3329 Grabius,
1526 3266 1775 3332 Spicileg.
1815 3264 1866 3314 S.
1907 3266 1958 3316 S.
1996 3266 2141 3315 Patr.
2187 3270 2248 3315 ut
2297 3270 2349 3315 et
2382 3265 2583 3315 haeret.
2622 3265 2794 3315 Oxon.
2837 3266 2990 3316 1700.

496 3354 541 3415 Ι,
583 3356 700 3404 130.
738 3368 780 3403 s.
828 3353 880 3403 J.
918 3353 1153 3415 Nitzsch,
1192 3353 1259 3402 de
1296 3356 1505 3403 testam.
1530 3353 1650 3402 XII.
1677 3353 1821 3401 Patr.
1858 3352 1996 3401 libro
2022 3354 2086 3402 V.
2112 3352 2175 3401 T.
2209 3351 2692 3417 pseudepigrapho.
2730 3352 2989 3401 Wittenb.

501 3442 651 3491 1810.
714 3441 1016 3502 Vorstman,
1054 3441 1187 3505 disq.
1227 3439 1293 3489 de
1330 3444 1648 3490 testamento
1687 3439 1806 3489 XII.
1845 3439 2130 3504 patriarch.
2171 3456 2246 3489 or.
2291 3445 2344 3489 et
2377 3443 2510 3504 pret.
2548 3439 2798 3490 Roterod.
2838 3440 2991 3489 1857.

498 3529 741 3593 Langen,
778 3528 812 3577 1.
852 3544 897 3577 c.
934 3544 986 3593 p.
1028 3530 1144 3577 141.
1218 3526 1257 3591 ⁶)
1293 3528 1358 3577 V.
1394 3528 1465 3576 H.
1501 3528 1565 3576 V.
1603 3528 1666 3575 T.
1705 3543 1756 3592 p.
1797 3528 1914 3576 102.
1988 3526 2028 3591 ⁷)
2069 3522 2317 3591 Ἀνάβασις
2354 3523 2593 3584 Μοϋσέως
2637 3526 2992 3591 fragmentum

500 3632 529 3667 e
568 3614 767 3665 Codice
804 3614 1049 3663 Bobiano
1085 3614 1456 3664 Bibliothecae
1493 3614 1880 3664 Ambrosianae
1915 3612 2160 3679 vulgavit
2194 3612 2256 3663 A.
2293 3613 2365 3663 M.
2405 3613 2637 3675 Ceriani,
2675 3613 2911 3663 Monum.
2951 3628 2992 3662 s.

504 3706 559 3751 et
594 3702 729 3767 prof.
766 3701 908 3750 Med.
949 3703 1100 3752 1861.
1137 3701 1180 3750 Ι.
1209 3703 1255 3765 1,
1284 3703 1366 3751 55.
1404 3718 1446 3753 ει.
1508 3701 1590 3751 cf.
1628 3717 1675 3751 e.
1713 3702 1955 3766 Langen,
1992 3700 2028 3750 1.
2066 3717 2110 3749 c.
2148 3717 2200 3765 p.
2230 3702 2346 3750 102.
2385 3717 2427 3751 s.
2500 3700 2542 3765 8)
2580 3701 2642 3749 Ε.
2672 3716 2722 3765 g.
2759 3701 2844 3749 De
2879 3701 2996 3750 vita

500 3793 555 3843 et
602 3794 770 3840 morte
814 3788 1016 3852 Moysis
1052 3787 1087 3837 1.
1126 3789 1239 3851 HL,
1291 3804 1426 3854 quos
1476 3805 1505 3839 e
1552 3804 1676 3839 mss.
1727 3789 1928 3853 primus
1971 3788 2351 3852 interpretatus
2389 3792 2470 3837 est
2517 3786 2656 3838 Gilb.
2696 3786 2992 3852 Gaulmyn3

500 3862 714 3941 repetiit
746 3875 809 3924 A.
834 3876 896 3923 F.
930 3874 1164 3938 Gfrtirer,
1202 3876 1503 3941 Prophetae
1538 3877 1761 3925 Veteres
1797 3873 2255 3939 Pseudepigraphi
2295 3875 2485 3939 Stuttg.
2527 3875 2678 3923 1840.
2713 3891 2766 3939 p.
2793 3876 2912 3924 306.
2951 3889 2994 3923 s.

498 3962 877 4028 Apocalypsim
904 3962 1105 4027 Moysis
1144 3978 1173 4011 e
1200 3968 1431 4028 quatuor
1467 3962 1744 4013 codicibus
1783 3961 1950 4011 edidit
1975 3961 2034 4011 C.
2059 3960 2427 4023 Tischendorf,
2456 3961 2778 4027 Apocalyps.
2811 3976 2994 4027 apocr.

501 4068 553 4116 p.
573 4052 618 4099 1.
634 4067 675 4101 s.
713 4050 861 4100 Idem
888 4066 1046 4115 porro
1068 4050 1238 4100 editor
1261 4049 1457 4099 librum
1473 4052 1631 4101 istum
1658 4065 1766 4099 non
1791 4049 1999 4098 mediae
2025 4050 2205 4111 aetati,
2234 4049 2328 4099 sed
2352 4048 2582 4098 saeculis
2609 4066 2660 4114 p.
2677 4048 2800 4099 C.n.
2827 4049 2994 4098 tribu-

504 4138 699 4187 endum
736 4152 856 4187 esse
894 4138 1159 4202 opinatur.
1223 4138 1263 4203 ⁹)
1304 4138 1475 4202 Super
1510 4153 1661 4202 quos,
1701 4142 1760 4187 ut
1796 4136 1984 4187 scribit
2019 4138 2232 4201 Moyses
2271 4137 2424 4187 Num.
2467 4139 2545 4197 11,
2586 4138 2686 4198 26.,
2733 4137 2997 4201 requievit

501 4225 737 4289 spiritus.
798 4225 915 4273 Hos
950 4226 1090 4273 inter
1127 4230 1374 4275 auctores
1411 4225 1475 4273 V.
1501 4224 1562 4273 F.
1600 4227 1848 4273 recenset
1881 4224 2073 4275 Pastor
2109 4223 2357 4285 Hermae,
2392 4224 2434 4273 I.
2463 4226 2511 4285 2,
2537 4226 2586 4273 3.
2626 4239 2718 4273 eos
2754 4225 2810 4272 in
2849 4224 2993 4273 hunc

500 4311 715 4361 modum
752 4312 993 4377 allegans
1030 4328 1081 4377 p.
1116 4314 1263 4361 332:
1306 4312 1511 4377 „Prope
1549 4315 1631 4361 est
1665 4312 1930 4360 Dominus
1969 4311 2405 4361 convertentibus
2442 4312 2580 4359 sicut
2616 4312 2875 4375 scriptum
2914 4316 2994 4361 est

500 4399 556 4447 in
592 4398 823 4447 Heldam
862 4403 915 4447 et
949 4398 1134 4449 Modal
1170 4399 1260 4464 qui
1295 4398 1574 4447 vaticinati
1610 4401 1736 4447 sunt
1771 4398 1829 4446 in
1865 4397 2153 4447 solitudine
2189 4397 2438 4462 populo.“
2480 4396 2561 4447 cf.
2588 4413 2632 4446 e.
2671 4397 2994 4459 Jachmann,

504 4484 597 4535 der
645 4486 801 4535 Hirte
850 4486 944 4536 des
980 4486 1226 4535 Hermas.
1280 4485 1539 4550 Kenigsb.
1579 4486 1731 4535 1835.
1769 4502 1822 4550 p.
1859 4487 1942 4534 66.
2022 4482 2080 4550 ¹⁰)
2117 4485 2180 4533 V.
2221 4484 2272 4534 S.
2313 4484 2714 4550 Squambatum,
2765 4485 2816 4534 1.·
2841 4501 2888 4534 c.
2926 4485 2996 4546 II,

504 4573 585 4621 20.
622 4589 674 4637 p.
713 4574 829 4622 281.
2439 4570 2446 4577 ’
