<?xml version="1.0" encoding="UTF-8"?>
<!DOCTYPE html PUBLIC "-//W3C//DTD XHTML 1.0 Transitional//EN"
    "http://www.w3.org/TR/xhtml1/DTD/xhtml1-transitional.dtd">
<html xmlns="http://www.w3.org/1999/xhtml" xml:lang="en" lang="en">
 <head>
  <title>
</title>
<meta http-equiv="Content-Type" content="text/html;charset=utf-8" />
  <meta name='ocr-system' content='tesseract 3.04.00' />
  <meta name='ocr-capabilities' content='ocr_page ocr_carea ocr_par ocr_line ocrx_word'/>
</head>
<body>
  <div class='ocr_page' id='page_1' title='image "./historiarevelat02dankgoog_0235.png"; bbox 0 0 3309 5300; ppageno 0'>
   <div class='ocr_carea' id='block_1_1' title="bbox 1253 400 2796 471">
    <p class='ocr_par' dir='ltr' id='par_1_1' title="bbox 1253 400 2796 471">
     <span class='ocr_line' id='line_1_1' title="bbox 1253 400 2796 471; baseline 0.008 -12"><span class='ocrx_word' id='word_1_1' title='bbox 1253 417 1317 459; x_wconf 89' lang='lat' dir='ltr'>De</span> <span class='ocrx_word' id='word_1_2' title='bbox 1342 418 1623 460; x_wconf 73' lang='lat' dir='ltr'><strong>versionibus</strong></span> <span class='ocrx_word' id='word_1_3' title='bbox 1648 418 1839 459; x_wconf 81' lang='lat' dir='ltr'>Latinis.</span> <span class='ocrx_word' id='word_1_4' title='bbox 2669 400 2796 471; x_wconf 71' lang='lat'>213</span> 
     </span>
    </p>
   </div>
   <div class='ocr_carea' id='block_1_2' title="bbox 289 590 2794 2255">
    <p class='ocr_par' dir='ltr' id='par_1_2' title="bbox 289 590 2794 2255">
     <span class='ocr_line' id='line_1_2' title="bbox 298 590 2791 658; baseline 0.001 -3"><span class='ocrx_word' id='word_1_5' title='bbox 298 592 433 655; x_wconf 89' lang='lat' dir='ltr'>suis</span> <span class='ocrx_word' id='word_1_6' title='bbox 480 590 738 657; x_wconf 86' lang='lat' dir='ltr'>Officiis</span> <span class='ocrx_word' id='word_1_7' title='bbox 783 594 1001 657; x_wconf 90' lang='lat' dir='ltr'>utitur.</span> <span class='ocrx_word' id='word_1_8' title='bbox 1067 592 1233 657; x_wconf 84' lang='lat' dir='ltr'>Cum</span> <span class='ocrx_word' id='word_1_9' title='bbox 1278 590 1687 658; x_wconf 87' lang='lat' dir='ltr'>Psalmorum</span> <span class='ocrx_word' id='word_1_10' title='bbox 1733 593 2080 657; x_wconf 87' lang='lat' dir='ltr'>voluminis</span> <span class='ocrx_word' id='word_1_11' title='bbox 2121 595 2290 657; x_wconf 90' lang='lat' dir='ltr'>inter</span> <span class='ocrx_word' id='word_1_12' title='bbox 2336 595 2554 658; x_wconf 89' lang='lat' dir='ltr'>omnia</span> <span class='ocrx_word' id='word_1_13' title='bbox 2592 594 2791 658; x_wconf 86' lang='lat' dir='ltr'>Vete-</span> 
     </span>
     <span class='ocr_line' id='line_1_3' title="bbox 296 704 2794 791; baseline 0.001 -23"><span class='ocrx_word' id='word_1_14' title='bbox 296 706 387 768; x_wconf 89' lang='lat' dir='ltr'>ris</span> <span class='ocrx_word' id='word_1_15' title='bbox 450 704 857 769; x_wconf 82' lang='lat' dir='ltr'><strong>Testamenti</strong></span> <span class='ocrx_word' id='word_1_16' title='bbox 918 704 1219 791; x_wconf 88' lang='lat' dir='ltr'>Scripta¹</span> <span class='ocrx_word' id='word_1_17' title='bbox 1284 705 1757 789; x_wconf 81' lang='lat' dir='ltr'>obscurissimi,</span> <span class='ocrx_word' id='word_1_18' title='bbox 1827 708 2043 791; x_wconf 91' lang='lat' dir='ltr'>potior</span> <span class='ocrx_word' id='word_1_19' title='bbox 2103 728 2261 791; x_wconf 87' lang='lat' dir='ltr'>prae</span> <span class='ocrx_word' id='word_1_20' title='bbox 2332 705 2472 769; x_wconf 89' lang='lat' dir='ltr'>aliis</span> <span class='ocrx_word' id='word_1_21' title='bbox 2534 705 2794 791; x_wconf 89' lang='lat' dir='ltr'>quibus-</span> 
     </span>
     <span class='ocr_line' id='line_1_4' title="bbox 300 816 2794 905; baseline 0.001 -24"><span class='ocrx_word' id='word_1_22' title='bbox 300 840 565 904; x_wconf 79' lang='lat' dir='ltr'>cunque</span> <span class='ocrx_word' id='word_1_23' title='bbox 623 820 691 880; x_wconf 90' lang='lat' dir='ltr'>in</span> <span class='ocrx_word' id='word_1_24' title='bbox 751 818 1055 881; x_wconf 82' lang='lat' dir='ltr'>Ecclesia</span> <span class='ocrx_word' id='word_1_25' title='bbox 1090 816 1183 883; x_wconf 89' lang='lat' dir='ltr'>D.</span> <span class='ocrx_word' id='word_1_26' title='bbox 1231 817 1311 882; x_wconf 88' lang='lat' dir='ltr'>N.</span> <span class='ocrx_word' id='word_1_27' title='bbox 1356 818 1419 883; x_wconf 83' lang='lat' dir='ltr'><strong>J.</strong></span> <span class='ocrx_word' id='word_1_28' title='bbox 1478 817 1714 883; x_wconf 78' lang='lat' dir='ltr'>Christi</span> <span class='ocrx_word' id='word_1_29' title='bbox 1773 818 1968 883; x_wconf 83' lang='lat' dir='ltr'>fuerit</span> <span class='ocrx_word' id='word_1_30' title='bbox 2025 841 2208 902; x_wconf 83' lang='lat' dir='ltr'>usus3</span> <span class='ocrx_word' id='word_1_31' title='bbox 2271 818 2794 905; x_wconf 78' lang='lat' dir='ltr'>frequentissime</span> 
     </span>
     <span class='ocr_line' id='line_1_5' title="bbox 294 929 2794 1016; baseline 0.001 -23"><span class='ocrx_word' id='word_1_32' title='bbox 294 929 463 995; x_wconf 91' lang='lat' dir='ltr'>illud</span> <span class='ocrx_word' id='word_1_33' title='bbox 509 930 794 995; x_wconf 85' lang='lat' dir='ltr'>describi</span> <span class='ocrx_word' id='word_1_34' title='bbox 840 932 1127 1015; x_wconf 90' lang='lat' dir='ltr'>contigit.</span> <span class='ocrx_word' id='word_1_35' title='bbox 1205 930 1347 994; x_wconf 88' lang='lat' dir='ltr'>Iam</span> <span class='ocrx_word' id='word_1_36' title='bbox 1390 953 1549 995; x_wconf 87' lang='lat' dir='ltr'>vero</span> <span class='ocrx_word' id='word_1_37' title='bbox 1608 930 1950 1015; x_wconf 87' lang='lat' dir='ltr'>singularis</span> <span class='ocrx_word' id='word_1_38' title='bbox 2009 930 2370 996; x_wconf 79' lang='lat' dir='ltr'>obscuritas</span> <span class='ocrx_word' id='word_1_39' title='bbox 2424 942 2491 996; x_wconf 92' lang='lat' dir='ltr'>et</span> <span class='ocrx_word' id='word_1_40' title='bbox 2535 934 2794 1016; x_wconf 89' lang='lat' dir='ltr'>saepius</span> 
     </span>
     <span class='ocr_line' id='line_1_6' title="bbox 289 1042 2794 1129; baseline 0.001 -24"><span class='ocrx_word' id='word_1_41' title='bbox 289 1043 538 1107; x_wconf 87' lang='lat' dir='ltr'>iterata</span> <span class='ocrx_word' id='word_1_42' title='bbox 598 1043 949 1128; x_wconf 87' lang='lat' dir='ltr'>descriptio</span> <span class='ocrx_word' id='word_1_43' title='bbox 1009 1044 1076 1106; x_wconf 93' lang='lat' dir='ltr'>in</span> <span class='ocrx_word' id='word_1_44' title='bbox 1144 1065 1347 1107; x_wconf 86' lang='lat' dir='ltr'>causa</span> <span class='ocrx_word' id='word_1_45' title='bbox 1402 1043 1688 1125; x_wconf 87' lang='lat' dir='ltr'>fuerunt,</span> <span class='ocrx_word' id='word_1_46' title='bbox 1752 1042 1928 1129; x_wconf 92' lang='lat' dir='ltr'>quod</span> <span class='ocrx_word' id='word_1_47' title='bbox 1985 1043 2374 1108; x_wconf 89' lang='lat' dir='ltr'>Psalterium</span> <span class='ocrx_word' id='word_1_48' title='bbox 2433 1043 2794 1127; x_wconf 88' lang='lat' dir='ltr'>Vulgatum</span> 
     </span>
     <span class='ocr_line' id='line_1_7' title="bbox 292 1153 2792 1240; baseline 0 -22"><span class='ocrx_word' id='word_1_49' title='bbox 292 1154 598 1240; x_wconf 88' lang='lat' dir='ltr'>plurimis</span> <span class='ocrx_word' id='word_1_50' title='bbox 656 1155 1037 1220; x_wconf 89' lang='lat' dir='ltr'>foedaretur</span> <span class='ocrx_word' id='word_1_51' title='bbox 1094 1154 1370 1238; x_wconf 90' lang='lat' dir='ltr'>mendis,</span> <span class='ocrx_word' id='word_1_52' title='bbox 1434 1164 1499 1219; x_wconf 91' lang='lat' dir='ltr'>et</span> <span class='ocrx_word' id='word_1_53' title='bbox 1550 1156 1940 1219; x_wconf 81' lang='lat' dir='ltr'>variantium</span> <span class='ocrx_word' id='word_1_54' title='bbox 1985 1153 2340 1219; x_wconf 88' lang='lat' dir='ltr'>lectionum</span> <span class='ocrx_word' id='word_1_55' title='bbox 2385 1155 2548 1219; x_wconf 86' lang='lat' dir='ltr'>silva</span> <span class='ocrx_word' id='word_1_56' title='bbox 2595 1156 2792 1220; x_wconf 88' lang='lat' dir='ltr'>dona-</span> 
     </span>
     <span class='ocr_line' id='line_1_8' title="bbox 290 1266 2791 1353; baseline 0 -22"><span class='ocrx_word' id='word_1_57' title='bbox 290 1278 485 1331; x_wconf 90' lang='lat' dir='ltr'>retur</span> <span class='ocrx_word' id='word_1_58' title='bbox 504 1270 547 1333; x_wconf 80' lang='lat'><strong>2.</strong></span> <span class='ocrx_word' id='word_1_59' title='bbox 622 1268 900 1333; x_wconf 88' lang='lat' dir='ltr'>Psalmis</span> <span class='ocrx_word' id='word_1_60' title='bbox 946 1268 1186 1333; x_wconf 90' lang='lat' dir='ltr'>adiecit</span> <span class='ocrx_word' id='word_1_61' title='bbox 1230 1267 1293 1332; x_wconf 92' lang='lat' dir='ltr'>d.</span> <span class='ocrx_word' id='word_1_62' title='bbox 1339 1267 1783 1353; x_wconf 85' lang='lat' dir='ltr'>Hieronymus</span> <span class='ocrx_word' id='word_1_63' title='bbox 1828 1267 2114 1353; x_wconf 90' lang='lat' dir='ltr'>reliquos</span> <span class='ocrx_word' id='word_1_64' title='bbox 2159 1268 2484 1333; x_wconf 89' lang='lat' dir='ltr'>Veteris</span> <span class='ocrx_word' id='word_1_65' title='bbox 2531 1266 2791 1333; x_wconf 89' lang='lat' dir='ltr'>Testa·</span> 
     </span>
     <span class='ocr_line' id='line_1_9' title="bbox 290 1379 2790 1467; baseline 0 -23"><span class='ocrx_word' id='word_1_66' title='bbox 290 1382 548 1444; x_wconf 86' lang='lat' dir='ltr'>menti</span> <span class='ocrx_word' id='word_1_67' title='bbox 593 1380 903 1445; x_wconf 89' lang='lat' dir='ltr'>Libros.</span> <span class='ocrx_word' id='word_1_68' title='bbox 952 1379 1291 1467; x_wconf 88' lang='lat' dir='ltr'>Siquidem</span> <span class='ocrx_word' id='word_1_69' title='bbox 1337 1403 1398 1466; x_wconf 91' lang='lat' dir='ltr'>p.</span> <span class='ocrx_word' id='word_1_70' title='bbox 1436 1379 1508 1445; x_wconf 84' lang='lat' dir='ltr'><strong>O.</strong></span> <span class='ocrx_word' id='word_1_71' title='bbox 1544 1403 1607 1444; x_wconf 92' lang='lat' dir='ltr'>n.</span> <span class='ocrx_word' id='word_1_72' title='bbox 1656 1403 1828 1445; x_wconf 90' lang='lat' dir='ltr'>anno</span> <span class='ocrx_word' id='word_1_73' title='bbox 1875 1384 2019 1449; x_wconf 87' lang='grc'><strong>386.</strong></span> <span class='ocrx_word' id='word_1_74' title='bbox 2069 1380 2246 1466; x_wconf 87' lang='lat' dir='ltr'>apud</span> <span class='ocrx_word' id='word_1_75' title='bbox 2290 1379 2790 1445; x_wconf 89' lang='lat' dir='ltr'>Bethlehemum</span> 
     </span>
     <span class='ocr_line' id='line_1_10' title="bbox 292 1491 2788 1578; baseline 0 -22"><span class='ocrx_word' id='word_1_76' title='bbox 292 1492 675 1557; x_wconf 89' lang='lat' dir='ltr'>desiderata</span> <span class='ocrx_word' id='word_1_77' title='bbox 719 1492 1183 1578; x_wconf 85' lang='lat' dir='ltr'>tranquillitate</span> <span class='ocrx_word' id='word_1_78' title='bbox 1227 1492 1505 1578; x_wconf 91' lang='lat' dir='ltr'>locoque</span> <span class='ocrx_word' id='word_1_79' title='bbox 1553 1515 1710 1571; x_wconf 79' lang='lat' dir='ltr'>suae</span> <span class='ocrx_word' id='word_1_80' title='bbox 1755 1491 2052 1577; x_wconf 85' lang='lat' dir='ltr'>religioni</span> <span class='ocrx_word' id='word_1_81' title='bbox 2097 1493 2464 1577; x_wconf 88' lang='lat' dir='ltr'>gratissimo</span> <span class='ocrx_word' id='word_1_82' title='bbox 2511 1494 2788 1578; x_wconf 84' lang='lat' dir='ltr'>potitus3</span> 
     </span>
     <span class='ocr_line' id='line_1_11' title="bbox 291 1604 2790 1671; baseline -0 -2"><span class='ocrx_word' id='word_1_83' title='bbox 291 1608 404 1669; x_wconf 85' lang='lat' dir='ltr'>vir</span> <span class='ocrx_word' id='word_1_84' title='bbox 446 1615 713 1671; x_wconf 88' lang='lat' dir='ltr'>sanctus</span> <span class='ocrx_word' id='word_1_85' title='bbox 757 1606 1091 1671; x_wconf 89' lang='lat' dir='ltr'>indefessa</span> <span class='ocrx_word' id='word_1_86' title='bbox 1134 1605 1451 1670; x_wconf 90' lang='lat' dir='ltr'>industria</span> <span class='ocrx_word' id='word_1_87' title='bbox 1496 1627 1566 1669; x_wconf 90' lang='lat' dir='ltr'>se</span> <span class='ocrx_word' id='word_1_88' title='bbox 1606 1615 1815 1669; x_wconf 91' lang='lat' dir='ltr'>totum</span> <span class='ocrx_word' id='word_1_89' title='bbox 1849 1604 1916 1669; x_wconf 84' lang='lat' dir='ltr'><strong>S.</strong></span> <span class='ocrx_word' id='word_1_90' title='bbox 1947 1605 2188 1669; x_wconf 89' lang='lat' dir='ltr'>Literis</span> <span class='ocrx_word' id='word_1_91' title='bbox 2233 1607 2299 1668; x_wconf 90' lang='lat' dir='ltr'>in</span> <span class='ocrx_word' id='word_1_92' title='bbox 2343 1604 2614 1669; x_wconf 88' lang='lat' dir='ltr'>latinum</span> <span class='ocrx_word' id='word_1_93' title='bbox 2661 1628 2790 1669; x_wconf 89' lang='lat' dir='ltr'>ser-</span> 
     </span>
     <span class='ocr_line' id='line_1_12' title="bbox 290 1717 2789 1805; baseline -0 -22"><span class='ocrx_word' id='word_1_94' title='bbox 290 1742 563 1783; x_wconf 89' lang='lat' dir='ltr'>monem</span> <span class='ocrx_word' id='word_1_95' title='bbox 610 1718 1075 1783; x_wconf 87' lang='lat' dir='ltr'>convertendis</span> <span class='ocrx_word' id='word_1_96' title='bbox 1122 1728 1317 1805; x_wconf 90' lang='lat' dir='ltr'>atque</span> <span class='ocrx_word' id='word_1_97' title='bbox 1367 1718 1775 1804; x_wconf 84' lang='lat' dir='ltr'>explicandis</span> <span class='ocrx_word' id='word_1_98' title='bbox 1824 1717 2004 1783; x_wconf 90' lang='lat' dir='ltr'>dedit</span> <span class='ocrx_word' id='word_1_99' title='bbox 2023 1722 2066 1781; x_wconf 80' lang='lat'><strong>³.</strong></span> <span class='ocrx_word' id='word_1_100' title='bbox 2123 1718 2318 1784; x_wconf 83' lang='lat' dir='ltr'>Circa</span> <span class='ocrx_word' id='word_1_101' title='bbox 2361 1718 2488 1784; x_wconf 92' lang='lat' dir='ltr'>hoc</span> <span class='ocrx_word' id='word_1_102' title='bbox 2531 1728 2789 1804; x_wconf 91' lang='lat' dir='ltr'>tempus</span> 
     </span>
     <span class='ocr_line' id='line_1_13' title="bbox 290 1831 2789 1918; baseline -0 -23"><span class='ocrx_word' id='word_1_103' title='bbox 290 1834 659 1918; x_wconf 90' lang='lat' dir='ltr'>,antiquam</span> <span class='ocrx_word' id='word_1_104' title='bbox 702 1831 1093 1896; x_wconf 87' lang='lat' dir='ltr'>Divinorum</span> <span class='ocrx_word' id='word_1_105' title='bbox 1140 1832 1561 1896; x_wconf 92' lang='lat' dir='ltr'>Voluminum</span> <span class='ocrx_word' id='word_1_106' title='bbox 1607 1834 1782 1896; x_wconf 86' lang='lat' dir='ltr'>viam</span> <span class='ocrx_word' id='word_1_107' title='bbox 1829 1831 2118 1897; x_wconf 88' lang='lat' dir='ltr'>sentibus</span> <span class='ocrx_word' id='word_1_108' title='bbox 2164 1832 2593 1917; x_wconf 84' lang='lat' dir='ltr'>virgultisque</span> <span class='ocrx_word' id='word_1_109' title='bbox 2640 1853 2789 1916; x_wconf 89' lang='lat' dir='ltr'>pur·</span> 
     </span>
     <span class='ocr_line' id='line_1_14' title="bbox 290 1944 2788 2029; baseline -0 -20"><span class='ocrx_word' id='word_1_110' title='bbox 290 1948 479 2029; x_wconf 83' lang='lat' dir='ltr'>gare‘</span> <span class='ocrx_word' id='word_1_111' title='bbox 544 1944 815 2009; x_wconf 86' lang='lat' dir='ltr'>studens</span> <span class='ocrx_word' id='word_1_112' title='bbox 862 1944 928 2010; x_wconf 91' lang='lat' dir='ltr'>S.</span> <span class='ocrx_word' id='word_1_113' title='bbox 975 1944 1259 2028; x_wconf 83' lang='lat' dir='ltr'>Doctor3</span> <span class='ocrx_word' id='word_1_114' title='bbox 1321 1966 1607 2009; x_wconf 85' lang='lat' dir='ltr'>novam</span> <span class='ocrx_word' id='word_1_115' title='bbox 1668 1944 1752 2008; x_wconf 94' lang='lat' dir='ltr'>de</span> <span class='ocrx_word' id='word_1_116' title='bbox 1801 1944 2118 2009; x_wconf 81' lang='lat' dir='ltr'>Graeco</span> <span class='ocrx_word' id='word_1_117' title='bbox 2171 1945 2216 2010; x_wconf 84' lang='lat' dir='ltr'><strong>J</strong></span> <span class='ocrx_word' id='word_1_118' title='bbox 2231 1944 2357 2009; x_wconf 91' lang='lat' dir='ltr'>obi</span> <span class='ocrx_word' id='word_1_119' title='bbox 2402 1944 2788 2009; x_wconf 87' lang='lat' dir='ltr'>Versionem</span> 
     </span>
     <span class='ocr_line' id='line_1_15' title="bbox 290 2055 2787 2141; baseline 0.001 -22"><span class='ocrx_word' id='word_1_120' title='bbox 290 2058 457 2121; x_wconf 84' lang='lat' dir='ltr'>fecit</span> <span class='ocrx_word' id='word_1_121' title='bbox 474 2061 519 2121; x_wconf 79' lang='lat'><strong>⁴.</strong></span> <span class='ocrx_word' id='word_1_122' title='bbox 610 2057 829 2121; x_wconf 88' lang='lat' dir='ltr'>Etiam</span> <span class='ocrx_word' id='word_1_123' title='bbox 898 2056 1151 2121; x_wconf 89' lang='lat' dir='ltr'>libros</span> <span class='ocrx_word' id='word_1_124' title='bbox 1222 2055 1680 2141; x_wconf 79' lang='lat' dir='ltr'>Salomonis</span> <span class='ocrx_word' id='word_1_125' title='bbox 1743 2079 1778 2120; x_wconf 93' lang='lat' dir='ltr'>e</span> <span class='ocrx_word' id='word_1_126' title='bbox 1851 2056 2108 2123; x_wconf 82' lang='lat' dir='ltr'>Graeco</span> <span class='ocrx_word' id='word_1_127' title='bbox 2176 2056 2374 2121; x_wconf 86' lang='lat' dir='ltr'>latine</span> <span class='ocrx_word' id='word_1_128' title='bbox 2441 2056 2728 2121; x_wconf 88' lang='lat' dir='ltr'>reddidit</span> <span class='ocrx_word' id='word_1_129' title='bbox 2745 2061 2787 2121; x_wconf 86' lang='lat'><strong>⁵.</strong></span> 
     </span>
     <span class='ocr_line' id='line_1_16' title="bbox 292 2168 2790 2255; baseline -0.001 -21"><span class='ocrx_word' id='word_1_130' title='bbox 292 2168 473 2234; x_wconf 75' lang='lat' dir='ltr'>Sed⁶</span> <span class='ocrx_word' id='word_1_131' title='bbox 514 2169 749 2233; x_wconf 88' lang='lat' dir='ltr'>fraude</span> <span class='ocrx_word' id='word_1_132' title='bbox 795 2170 1073 2234; x_wconf 89' lang='lat' dir='ltr'>hominis</span> <span class='ocrx_word' id='word_1_133' title='bbox 1106 2169 1443 2234; x_wconf 88' lang='lat' dir='ltr'>cuiusdam</span> <span class='ocrx_word' id='word_1_134' title='bbox 1475 2169 1791 2255; x_wconf 89' lang='lat' dir='ltr'>pleraque</span> <span class='ocrx_word' id='word_1_135' title='bbox 1826 2168 2016 2233; x_wconf 91' lang='lat' dir='ltr'>huius</span> <span class='ocrx_word' id='word_1_136' title='bbox 2047 2170 2282 2254; x_wconf 89' lang='lat' dir='ltr'>prioris</span> <span class='ocrx_word' id='word_1_137' title='bbox 2311 2168 2552 2233; x_wconf 88' lang='lat' dir='ltr'>laboris</span> <span class='ocrx_word' id='word_1_138' title='bbox 2587 2190 2790 2254; x_wconf 89' lang='lat' dir='ltr'>opera</span> 
     </span>
    </p>
   </div>
   <div class='ocr_carea' id='block_1_3' title="bbox 290 2330 712 2339">
    <p class='ocr_par' dir='ltr' id='par_1_3' title="bbox 290 2330 712 2339">
     <span class='ocr_line' id='line_1_17' title="bbox 290 2330 712 2339; baseline 0 2961"><span class='ocrx_word' id='word_1_139' title='bbox 290 2330 712 2339; x_wconf 95' lang='lat' dir='ltr'> </span> 
     </span>
    </p>
   </div>
   <div class='ocr_carea' id='block_1_4' title="bbox 282 2410 2788 4660">
    <p class='ocr_par' dir='ltr' id='par_1_4' title="bbox 282 2410 2788 4660">
     <span class='ocr_line' id='line_1_18' title="bbox 508 2410 2786 2482; baseline -0 -15"><span class='ocrx_word' id='word_1_140' title='bbox 508 2417 545 2482; x_wconf 88' lang='lat'>¹)</span> <span class='ocrx_word' id='word_1_141' title='bbox 586 2416 644 2467; x_wconf 79' lang='lat' dir='ltr'>Si</span> <span class='ocrx_word' id='word_1_142' title='bbox 678 2416 878 2467; x_wconf 85' lang='lat' dir='ltr'>Jobum</span> <span class='ocrx_word' id='word_1_143' title='bbox 916 2417 1257 2482; x_wconf 84' lang='lat' dir='ltr'>excipiamus.</span> <span class='ocrx_word' id='word_1_144' title='bbox 1328 2416 1369 2482; x_wconf 79' lang='grc'>2)</span> <span class='ocrx_word' id='word_1_145' title='bbox 1408 2410 1685 2465; x_wconf 85' lang='lat' dir='ltr'>Neminem</span> <span class='ocrx_word' id='word_1_146' title='bbox 1733 2422 1926 2479; x_wconf 88' lang='lat' dir='ltr'>tamen,</span> <span class='ocrx_word' id='word_1_147' title='bbox 1975 2417 2066 2481; x_wconf 90' lang='lat' dir='ltr'>qui</span> <span class='ocrx_word' id='word_1_148' title='bbox 2115 2417 2183 2465; x_wconf 91' lang='lat' dir='ltr'>ad</span> <span class='ocrx_word' id='word_1_149' title='bbox 2219 2416 2522 2467; x_wconf 87' lang='lat' dir='ltr'>recitandas</span> <span class='ocrx_word' id='word_1_150' title='bbox 2571 2418 2786 2467; x_wconf 89' lang='lat' dir='ltr'>Horas</span> 
     </span>
     <span class='ocr_line' id='line_1_19' title="bbox 292 2503 2788 2569; baseline 0.001 -16"><span class='ocrx_word' id='word_1_151' title='bbox 292 2503 602 2555; x_wconf 85' lang='lat' dir='ltr'>Canonicas</span> <span class='ocrx_word' id='word_1_152' title='bbox 640 2504 923 2569; x_wconf 85' lang='lat' dir='ltr'>obligatur,</span> <span class='ocrx_word' id='word_1_153' title='bbox 962 2504 1067 2554; x_wconf 88' lang='lat' dir='ltr'>ista</span> <span class='ocrx_word' id='word_1_154' title='bbox 1092 2503 1309 2568; x_wconf 87' lang='lat' dir='ltr'>Vulgati</span> <span class='ocrx_word' id='word_1_155' title='bbox 1345 2503 1594 2553; x_wconf 88' lang='lat' dir='ltr'>Psalterii</span> <span class='ocrx_word' id='word_1_156' title='bbox 1630 2504 1957 2555; x_wconf 83' lang='lat' dir='ltr'>mendositas</span> <span class='ocrx_word' id='word_1_157' title='bbox 1995 2504 2198 2567; x_wconf 84' lang='lat' dir='ltr'>turbet3</span> <span class='ocrx_word' id='word_1_158' title='bbox 2235 2517 2344 2553; x_wconf 89' lang='lat' dir='ltr'>non</span> <span class='ocrx_word' id='word_1_159' title='bbox 2383 2505 2522 2553; x_wconf 88' lang='lat' dir='ltr'>enim</span> <span class='ocrx_word' id='word_1_160' title='bbox 2559 2504 2788 2555; x_wconf 89' lang='lat' dir='ltr'>reddunt</span> 
     </span>
     <span class='ocr_line' id='line_1_20' title="bbox 290 2589 2786 2657; baseline 0.001 -18"><span class='ocrx_word' id='word_1_161' title='bbox 290 2591 599 2642; x_wconf 88' lang='lat' dir='ltr'>huiusmodi</span> <span class='ocrx_word' id='word_1_162' title='bbox 648 2592 823 2654; x_wconf 88' lang='lat' dir='ltr'>naevi,</span> <span class='ocrx_word' id='word_1_163' title='bbox 863 2591 919 2639; x_wconf 93' lang='lat' dir='ltr'>in</span> <span class='ocrx_word' id='word_1_164' title='bbox 957 2591 1217 2654; x_wconf 87' lang='lat' dir='ltr'>omnibus,</span> <span class='ocrx_word' id='word_1_165' title='bbox 1258 2605 1396 2657; x_wconf 88' lang='lat' dir='ltr'>quae</span> <span class='ocrx_word' id='word_1_166' title='bbox 1433 2589 1592 2639; x_wconf 91' lang='lat' dir='ltr'>fidem</span> <span class='ocrx_word' id='word_1_167' title='bbox 1628 2594 1685 2640; x_wconf 90' lang='lat' dir='ltr'>et</span> <span class='ocrx_word' id='word_1_168' title='bbox 1719 2606 1890 2641; x_wconf 88' lang='lat' dir='ltr'>mores</span> <span class='ocrx_word' id='word_1_169' title='bbox 1929 2593 2190 2656; x_wconf 85' lang='lat' dir='ltr'>spectant,</span> <span class='ocrx_word' id='word_1_170' title='bbox 2240 2589 2458 2639; x_wconf 89' lang='lat' dir='ltr'>dubium</span> <span class='ocrx_word' id='word_1_171' title='bbox 2503 2590 2786 2641; x_wconf 88' lang='lat' dir='ltr'>infallibile</span> 
     </span>
     <span class='ocr_line' id='line_1_21' title="bbox 288 2676 2784 2744; baseline 0.001 -17"><span class='ocrx_word' id='word_1_172' title='bbox 288 2679 578 2728; x_wconf 86' lang='lat' dir='ltr'>Ecclesiae</span> <span class='ocrx_word' id='word_1_173' title='bbox 632 2678 698 2728; x_wconf 92' lang='lat' dir='ltr'>de</span> <span class='ocrx_word' id='word_1_174' title='bbox 746 2678 848 2728; x_wconf 88' lang='lat' dir='ltr'>hoc</span> <span class='ocrx_word' id='word_1_175' title='bbox 900 2680 1249 2728; x_wconf 88' lang='lat' dir='ltr'>instrumento</span> <span class='ocrx_word' id='word_1_176' title='bbox 1299 2679 1673 2728; x_wconf 88' lang='lat' dir='ltr'>testimonium.</span> <span class='ocrx_word' id='word_1_177' title='bbox 1736 2677 1817 2727; x_wconf 83' lang='lat' dir='ltr'>cf.</span> <span class='ocrx_word' id='word_1_178' title='bbox 1854 2678 1905 2727; x_wconf 86' lang='lat' dir='ltr'><strong>J.</strong></span> <span class='ocrx_word' id='word_1_179' title='bbox 1942 2677 2236 2740; x_wconf 86' lang='lat' dir='ltr'>Marianae,</span> <span class='ocrx_word' id='word_1_180' title='bbox 2275 2693 2304 2726; x_wconf 93' lang='lat' dir='ltr'>e</span> <span class='ocrx_word' id='word_1_181' title='bbox 2343 2676 2394 2726; x_wconf 82' lang='lat' dir='ltr'><strong>S.</strong></span> <span class='ocrx_word' id='word_1_182' title='bbox 2433 2677 2486 2728; x_wconf 88' lang='lat' dir='ltr'>J.</span> <span class='ocrx_word' id='word_1_183' title='bbox 2525 2679 2652 2728; x_wconf 87' lang='lat' dir='ltr'>diss.</span> <span class='ocrx_word' id='word_1_184' title='bbox 2688 2695 2784 2744; x_wconf 89' lang='lat' dir='ltr'>pro</span> 
     </span>
     <span class='ocr_line' id='line_1_22' title="bbox 288 2764 2787 2830; baseline 0 -16"><span class='ocrx_word' id='word_1_185' title='bbox 288 2765 533 2815; x_wconf 87' lang='lat' dir='ltr'>editione</span> <span class='ocrx_word' id='word_1_186' title='bbox 569 2765 817 2830; x_wconf 86' lang='lat' dir='ltr'>Vulgata,</span> <span class='ocrx_word' id='word_1_187' title='bbox 868 2767 925 2814; x_wconf 90' lang='lat' dir='ltr'>in</span> <span class='ocrx_word' id='word_1_188' title='bbox 976 2765 1057 2814; x_wconf 91' lang='lat' dir='ltr'>ed.</span> <span class='ocrx_word' id='word_1_189' title='bbox 1095 2764 1363 2814; x_wconf 90' lang='lat' dir='ltr'>Menochii</span> <span class='ocrx_word' id='word_1_190' title='bbox 1413 2765 1586 2829; x_wconf 87' lang='lat' dir='ltr'>suppl.</span> <span class='ocrx_word' id='word_1_191' title='bbox 1626 2765 1760 2814; x_wconf 89' lang='lat' dir='ltr'>Ven.</span> <span class='ocrx_word' id='word_1_192' title='bbox 1801 2766 1952 2814; x_wconf 80' lang='grc'><strong>1722.</strong></span> <span class='ocrx_word' id='word_1_193' title='bbox 1991 2780 2036 2814; x_wconf 91' lang='lat' dir='ltr'>c.</span> <span class='ocrx_word' id='word_1_194' title='bbox 2079 2766 2159 2813; x_wconf 85' lang='lat'><strong>19.</strong></span> <span class='ocrx_word' id='word_1_195' title='bbox 2199 2781 2240 2814; x_wconf 89' lang='lat' dir='ltr'>s.</span> <span class='ocrx_word' id='word_1_196' title='bbox 2277 2781 2329 2829; x_wconf 88' lang='lat' dir='ltr'>p.</span> <span class='ocrx_word' id='word_1_197' title='bbox 2370 2765 2452 2814; x_wconf 86' lang='lat'><strong>80.</strong></span> <span class='ocrx_word' id='word_1_198' title='bbox 2491 2781 2532 2815; x_wconf 89' lang='lat' dir='ltr'>s.</span> <span class='ocrx_word' id='word_1_199' title='bbox 2593 2765 2787 2816; x_wconf 83' lang='lat' dir='ltr'>Exstat</span> 
     </span>
     <span class='ocr_line' id='line_1_23' title="bbox 284 2849 2778 2918; baseline -0.001 -16"><span class='ocrx_word' id='word_1_200' title='bbox 284 2855 527 2918; x_wconf 87' lang='lat' dir='ltr'>repetita</span> <span class='ocrx_word' id='word_1_201' title='bbox 560 2854 617 2902; x_wconf 90' lang='lat' dir='ltr'>in</span> <span class='ocrx_word' id='word_1_202' title='bbox 654 2853 860 2917; x_wconf 73' lang='lat' dir='ltr'>Mign03</span> <span class='ocrx_word' id='word_1_203' title='bbox 900 2851 953 2902; x_wconf 83' lang='lat' dir='ltr'><strong>S.</strong></span> <span class='ocrx_word' id='word_1_204' title='bbox 982 2851 1035 2902; x_wconf 82' lang='lat' dir='ltr'><strong>S.</strong></span> <span class='ocrx_word' id='word_1_205' title='bbox 1075 2851 1225 2902; x_wconf 86' lang='lat' dir='ltr'>Curs.</span> <span class='ocrx_word' id='word_1_206' title='bbox 1252 2851 1442 2916; x_wconf 87' lang='lat' dir='ltr'>compl.</span> <span class='ocrx_word' id='word_1_207' title='bbox 1474 2851 1596 2900; x_wconf 89' lang='lat' dir='ltr'>Par.</span> <span class='ocrx_word' id='word_1_208' title='bbox 1626 2851 1777 2900; x_wconf 89' lang='lat'><strong>1839.</strong></span> <span class='ocrx_word' id='word_1_209' title='bbox 1816 2852 1857 2914; x_wconf 99' lang='grc' dir='ltr'>Ι,</span> <span class='ocrx_word' id='word_1_210' title='bbox 1883 2853 2002 2901; x_wconf 83' lang='grc'><strong>659.</strong></span> <span class='ocrx_word' id='word_1_211' title='bbox 2053 2849 2134 2899; x_wconf 85' lang='lat' dir='ltr'>cf.</span> <span class='ocrx_word' id='word_1_212' title='bbox 2163 2865 2208 2900; x_wconf 85' lang='lat' dir='ltr'>e.</span> <span class='ocrx_word' id='word_1_213' title='bbox 2234 2851 2294 2902; x_wconf 91' lang='lat' dir='ltr'>P.</span> <span class='ocrx_word' id='word_1_214' title='bbox 2321 2851 2406 2902; x_wconf 92' lang='lat' dir='ltr'>W.</span> <span class='ocrx_word' id='word_1_215' title='bbox 2434 2851 2609 2914; x_wconf 85' lang='lat' dir='ltr'>Smits‚</span> <span class='ocrx_word' id='word_1_216' title='bbox 2651 2851 2778 2901; x_wconf 88' lang='lat' dir='ltr'>Ord.</span> 
     </span>
     <span class='ocr_line' id='line_1_24' title="bbox 282 2937 2783 3004; baseline 0 -16"><span class='ocrx_word' id='word_1_217' title='bbox 282 2939 353 2989; x_wconf 79' lang='lat' dir='ltr'><strong>F.</strong></span> <span class='ocrx_word' id='word_1_218' title='bbox 384 2941 459 2988; x_wconf 91' lang='lat' dir='ltr'>M.</span> <span class='ocrx_word' id='word_1_219' title='bbox 484 2939 801 2990; x_wconf 86' lang='lat' dir='ltr'>Psalterium</span> <span class='ocrx_word' id='word_1_220' title='bbox 831 2939 1120 3004; x_wconf 88' lang='lat' dir='ltr'>Vulgatum</span> <span class='ocrx_word' id='word_1_221' title='bbox 1156 2937 1494 2988; x_wconf 85' lang='lat' dir='ltr'>elucidatum.</span> <span class='ocrx_word' id='word_1_222' title='bbox 1530 2938 1689 2987; x_wconf 82' lang='lat' dir='ltr'>Antv.</span> <span class='ocrx_word' id='word_1_223' title='bbox 1719 2939 1870 2988; x_wconf 83' lang='lat'><strong>1744.</strong></span> <span class='ocrx_word' id='word_1_224' title='bbox 1907 2938 1950 2987; x_wconf 95' lang='grc' dir='ltr'><strong>Ι.</strong></span> <span class='ocrx_word' id='word_1_225' title='bbox 1975 2937 2274 3002; x_wconf 83' lang='lat' dir='ltr'>Prolegom.</span> <span class='ocrx_word' id='word_1_226' title='bbox 2305 2937 2347 2987; x_wconf 96' lang='lat' dir='ltr'><strong>I.</strong></span> <span class='ocrx_word' id='word_1_227' title='bbox 2373 2939 2516 2988; x_wconf 89' lang='lat' dir='ltr'>Diss.</span> <span class='ocrx_word' id='word_1_228' title='bbox 2535 2939 2634 2988; x_wconf 90' lang='lat'><strong>111.</strong></span> <span class='ocrx_word' id='word_1_229' title='bbox 2663 2954 2709 2988; x_wconf 92' lang='lat' dir='ltr'>c.</span> <span class='ocrx_word' id='word_1_230' title='bbox 2736 2941 2783 2987; x_wconf 86' lang='lat'><strong>2.</strong></span> 
     </span>
     <span class='ocr_line' id='line_1_25' title="bbox 284 3024 2782 3090; baseline -0.001 -14"><span class='ocrx_word' id='word_1_231' title='bbox 284 3043 342 3090; x_wconf 87' lang='lat' dir='ltr'>p.</span> <span class='ocrx_word' id='word_1_232' title='bbox 393 3030 473 3076; x_wconf 80' lang='lat'><strong>71.</strong></span> <span class='ocrx_word' id='word_1_233' title='bbox 511 3043 568 3089; x_wconf 87' lang='lat' dir='ltr'>s.,</span> <span class='ocrx_word' id='word_1_234' title='bbox 608 3027 701 3076; x_wconf 89' lang='lat' dir='ltr'>ubi</span> <span class='ocrx_word' id='word_1_235' title='bbox 738 3027 917 3076; x_wconf 88' lang='lat' dir='ltr'>omnia</span> <span class='ocrx_word' id='word_1_236' title='bbox 952 3026 1085 3075; x_wconf 90' lang='lat' dir='ltr'>haec</span> <span class='ocrx_word' id='word_1_237' title='bbox 1120 3026 1289 3075; x_wconf 86' lang='lat' dir='ltr'>fusius</span> <span class='ocrx_word' id='word_1_238' title='bbox 1328 3029 1577 3074; x_wconf 83' lang='lat' dir='ltr'>enarrata</span> <span class='ocrx_word' id='word_1_239' title='bbox 1614 3030 1669 3074; x_wconf 87' lang='lat' dir='ltr'>et</span> <span class='ocrx_word' id='word_1_240' title='bbox 1704 3025 2069 3074; x_wconf 86' lang='lat' dir='ltr'>demonstrata</span> <span class='ocrx_word' id='word_1_241' title='bbox 2103 3025 2384 3074; x_wconf 91' lang='lat' dir='ltr'>habentur.</span> <span class='ocrx_word' id='word_1_242' title='bbox 2460 3025 2500 3090; x_wconf 80' lang='lat'>³)</span> <span class='ocrx_word' id='word_1_243' title='bbox 2541 3024 2620 3074; x_wconf 83' lang='lat' dir='ltr'>cf.</span> <span class='ocrx_word' id='word_1_244' title='bbox 2660 3025 2782 3074; x_wconf 87' lang='lat' dir='ltr'>Not.</span> 
     </span>
     <span class='ocr_line' id='line_1_26' title="bbox 284 3110 2780 3178; baseline -0.001 -16"><span class='ocrx_word' id='word_1_245' title='bbox 284 3113 356 3162; x_wconf 92' lang='grc' dir='ltr'><strong>Τ.</strong></span> <span class='ocrx_word' id='word_1_246' title='bbox 400 3130 439 3163; x_wconf 87' lang='lat' dir='ltr'>s.</span> <span class='ocrx_word' id='word_1_247' title='bbox 480 3129 656 3178; x_wconf 86' lang='lat' dir='ltr'>geogr.</span> <span class='ocrx_word' id='word_1_248' title='bbox 682 3129 733 3178; x_wconf 93' lang='lat' dir='ltr'>p.</span> <span class='ocrx_word' id='word_1_249' title='bbox 764 3113 906 3162; x_wconf 86' lang='lat' dir='ltr'><strong>LXI.</strong></span> <span class='ocrx_word' id='word_1_250' title='bbox 934 3129 975 3163; x_wconf 90' lang='lat' dir='ltr'>s.</span> <span class='ocrx_word' id='word_1_251' title='bbox 1011 3112 1306 3163; x_wconf 88' lang='lat' dir='ltr'>Primordia</span> <span class='ocrx_word' id='word_1_252' title='bbox 1342 3113 1451 3173; x_wconf 88' lang='lat' dir='ltr'>otii,</span> <span class='ocrx_word' id='word_1_253' title='bbox 1492 3110 1635 3176; x_wconf 88' lang='lat' dir='ltr'>quod</span> <span class='ocrx_word' id='word_1_254' title='bbox 1672 3113 1777 3160; x_wconf 89' lang='lat' dir='ltr'>iam</span> <span class='ocrx_word' id='word_1_255' title='bbox 1813 3115 2004 3160; x_wconf 89' lang='lat' dir='ltr'>nactus</span> <span class='ocrx_word' id='word_1_256' title='bbox 2044 3115 2173 3171; x_wconf 84' lang='lat' dir='ltr'>erat,</span> <span class='ocrx_word' id='word_1_257' title='bbox 2211 3112 2530 3161; x_wconf 87' lang='lat' dir='ltr'>accuratiori</span> <span class='ocrx_word' id='word_1_258' title='bbox 2565 3111 2780 3176; x_wconf 90' lang='lat' dir='ltr'>linguae</span> 
     </span>
     <span class='ocr_line' id='line_1_27' title="bbox 282 3197 2784 3265; baseline -0.001 -17"><span class='ocrx_word' id='word_1_259' title='bbox 282 3200 580 3262; x_wconf 83' lang='lat' dir='ltr'>hebraeae,</span> <span class='ocrx_word' id='word_1_260' title='bbox 616 3214 775 3265; x_wconf 84' lang='lat' dir='ltr'>quam</span> <span class='ocrx_word' id='word_1_261' title='bbox 810 3201 866 3248; x_wconf 90' lang='lat' dir='ltr'>in</span> <span class='ocrx_word' id='word_1_262' title='bbox 904 3215 1081 3249; x_wconf 89' lang='lat' dir='ltr'>eremo</span> <span class='ocrx_word' id='word_1_263' title='bbox 1109 3199 1379 3249; x_wconf 82' lang='lat' dir='ltr'>Chalcidis</span> <span class='ocrx_word' id='word_1_264' title='bbox 1417 3199 1598 3264; x_wconf 90' lang='lat' dir='ltr'>primis</span> <span class='ocrx_word' id='word_1_265' title='bbox 1636 3198 1794 3247; x_wconf 86' lang='lat' dir='ltr'>labiis</span> <span class='ocrx_word' id='word_1_266' title='bbox 1831 3198 2096 3262; x_wconf 84' lang='lat' dir='ltr'>attigerat,</span> <span class='ocrx_word' id='word_1_267' title='bbox 2133 3198 2353 3263; x_wconf 86' lang='lat' dir='ltr'>peritiae</span> <span class='ocrx_word' id='word_1_268' title='bbox 2377 3197 2481 3247; x_wconf 85' lang='lat' dir='ltr'>sibi</span> <span class='ocrx_word' id='word_1_269' title='bbox 2511 3197 2784 3263; x_wconf 86' lang='lat' dir='ltr'>parandae</span> 
     </span>
     <span class='ocr_line' id='line_1_28' title="bbox 287 3284 2783 3352; baseline -0.001 -16"><span class='ocrx_word' id='word_1_270' title='bbox 287 3287 523 3352; x_wconf 80' lang='lat' dir='ltr'>dicavit3</span> <span class='ocrx_word' id='word_1_271' title='bbox 563 3301 721 3352; x_wconf 89' lang='lat' dir='ltr'>quem</span> <span class='ocrx_word' id='word_1_272' title='bbox 757 3288 813 3336; x_wconf 89' lang='lat' dir='ltr'>in</span> <span class='ocrx_word' id='word_1_273' title='bbox 849 3286 1008 3336; x_wconf 89' lang='lat' dir='ltr'>finem</span> <span class='ocrx_word' id='word_1_274' title='bbox 1046 3287 1312 3352; x_wconf 86' lang='lat' dir='ltr'>quendam</span> <span class='ocrx_word' id='word_1_275' title='bbox 1334 3285 1662 3336; x_wconf 89' lang='lat' dir='ltr'>Baraninam</span> <span class='ocrx_word' id='word_1_276' title='bbox 1695 3284 2008 3350; x_wconf 87' lang='lat' dir='ltr'>Lyddaeum</span> <span class='ocrx_word' id='word_1_277' title='bbox 2044 3301 2198 3334; x_wconf 90' lang='lat' dir='ltr'>suum</span> <span class='ocrx_word' id='word_1_278' title='bbox 2233 3290 2650 3350; x_wconf 84' lang='lat' dir='ltr'>praeceptorem,</span> <span class='ocrx_word' id='word_1_279' title='bbox 2689 3286 2783 3350; x_wconf 90' lang='lat' dir='ltr'>qui</span> 
     </span>
     <span class='ocr_line' id='line_1_29' title="bbox 288 3371 2780 3439; baseline -0.001 -16"><span class='ocrx_word' id='word_1_280' title='bbox 288 3373 442 3438; x_wconf 88' lang='lat' dir='ltr'>apud</span> <span class='ocrx_word' id='word_1_281' title='bbox 476 3373 757 3423; x_wconf 88' lang='lat' dir='ltr'>Hebraeos</span> <span class='ocrx_word' id='word_1_282' title='bbox 794 3375 993 3439; x_wconf 88' lang='lat' dir='ltr'>primus</span> <span class='ocrx_word' id='word_1_283' title='bbox 1031 3372 1215 3422; x_wconf 87' lang='lat' dir='ltr'>haberi</span> <span class='ocrx_word' id='word_1_284' title='bbox 1252 3372 1555 3438; x_wconf 85' lang='lat' dir='ltr'>putabatur,</span> <span class='ocrx_word' id='word_1_285' title='bbox 1594 3387 1703 3421; x_wconf 86' lang='lat' dir='ltr'>non</span> <span class='ocrx_word' id='word_1_286' title='bbox 1739 3372 1920 3436; x_wconf 84' lang='lat' dir='ltr'>parvis</span> <span class='ocrx_word' id='word_1_287' title='bbox 1957 3371 2180 3421; x_wconf 90' lang='lat' dir='ltr'>redemit</span> <span class='ocrx_word' id='word_1_288' title='bbox 2215 3372 2459 3421; x_wconf 90' lang='lat' dir='ltr'>nummis.</span> <span class='ocrx_word' id='word_1_289' title='bbox 2511 3372 2574 3421; x_wconf 93' lang='lat' dir='ltr'><strong>V.</strong></span> <span class='ocrx_word' id='word_1_290' title='bbox 2611 3371 2780 3436; x_wconf 86' lang='lat' dir='ltr'>praef.</span> 
     </span>
     <span class='ocr_line' id='line_1_30' title="bbox 286 3458 2775 3524; baseline -0.001 -14"><span class='ocrx_word' id='word_1_291' title='bbox 286 3463 353 3510; x_wconf 88' lang='lat' dir='ltr'>in</span> <span class='ocrx_word' id='word_1_292' title='bbox 381 3460 503 3510; x_wconf 86' lang='lat' dir='ltr'>Job.</span> <span class='ocrx_word' id='word_1_293' title='bbox 528 3460 854 3510; x_wconf 86' lang='lat' dir='ltr'>Baraninam</span> <span class='ocrx_word' id='word_1_294' title='bbox 890 3461 1139 3510; x_wconf 84' lang='lat' dir='ltr'>habuisse</span> <span class='ocrx_word' id='word_1_295' title='bbox 1174 3461 1483 3524; x_wconf 84' lang='lat' dir='ltr'>magistrum</span> <span class='ocrx_word' id='word_1_296' title='bbox 1518 3463 1934 3520; x_wconf 88' lang='lat' dir='ltr'>nocturnum,</span> <span class='ocrx_word' id='word_1_297' title='bbox 1977 3463 2197 3508; x_wconf 87' lang='lat' dir='ltr'>testatur</span> <span class='ocrx_word' id='word_1_298' title='bbox 2231 3458 2430 3507; x_wconf 87' lang='lat' dir='ltr'>Comm.</span> <span class='ocrx_word' id='word_1_299' title='bbox 2457 3460 2515 3507; x_wconf 95' lang='lat' dir='ltr'>in</span> <span class='ocrx_word' id='word_1_300' title='bbox 2537 3459 2664 3508; x_wconf 87' lang='lat' dir='ltr'>Isai.</span> <span class='ocrx_word' id='word_1_301' title='bbox 2691 3460 2775 3508; x_wconf 91' lang='grc'><strong>22.</strong></span> 
     </span>
     <span class='ocr_line' id='line_1_31' title="bbox 286 3544 2778 3612; baseline -0.002 -14"><span class='ocrx_word' id='word_1_302' title='bbox 286 3565 349 3612; x_wconf 86' lang='lat' dir='ltr'>p.</span> <span class='ocrx_word' id='word_1_303' title='bbox 368 3549 482 3598; x_wconf 87' lang='grc'><strong>220.</strong></span> <span class='ocrx_word' id='word_1_304' title='bbox 504 3554 559 3598; x_wconf 89' lang='lat' dir='ltr'>et</span> <span class='ocrx_word' id='word_1_305' title='bbox 576 3548 694 3598; x_wconf 85' lang='lat'><strong>318.</strong></span> <span class='ocrx_word' id='word_1_306' title='bbox 734 3547 942 3612; x_wconf 80' lang='lat' dir='ltr'>Quippe</span> <span class='ocrx_word' id='word_1_307' title='bbox 968 3548 1061 3612; x_wconf 90' lang='lat' dir='ltr'>qui</span> <span class='ocrx_word' id='word_1_308' title='bbox 1086 3547 1154 3596; x_wconf 92' lang='lat' dir='ltr'>ob</span> <span class='ocrx_word' id='word_1_309' title='bbox 1174 3546 1509 3612; x_wconf 84' lang='lat' dir='ltr'>popularium</span> <span class='ocrx_word' id='word_1_310' title='bbox 1534 3550 1730 3595; x_wconf 87' lang='lat' dir='ltr'>metum</span> <span class='ocrx_word' id='word_1_311' title='bbox 1754 3545 2018 3596; x_wconf 89' lang='lat' dir='ltr'>hominem</span> <span class='ocrx_word' id='word_1_312' title='bbox 2042 3544 2400 3597; x_wconf 84' lang='lat' dir='ltr'>Christianum</span> <span class='ocrx_word' id='word_1_313' title='bbox 2423 3545 2603 3610; x_wconf 83' lang='lat' dir='ltr'>palam</span> <span class='ocrx_word' id='word_1_314' title='bbox 2627 3547 2778 3596; x_wconf 87' lang='lat' dir='ltr'>insti-</span> 
     </span>
     <span class='ocr_line' id='line_1_32' title="bbox 286 3631 2782 3700; baseline -0.002 -14"><span class='ocrx_word' id='word_1_315' title='bbox 286 3641 449 3686; x_wconf 85' lang='lat' dir='ltr'>tuere</span> <span class='ocrx_word' id='word_1_316' title='bbox 484 3651 593 3685; x_wconf 91' lang='lat' dir='ltr'>non</span> <span class='ocrx_word' id='word_1_317' title='bbox 630 3634 868 3685; x_wconf 79' lang='lat' dir='ltr'>auderet.</span> <span class='ocrx_word' id='word_1_318' title='bbox 930 3635 971 3700; x_wconf 78' lang='lat'>4)</span> <span class='ocrx_word' id='word_1_319' title='bbox 1009 3635 1073 3684; x_wconf 90' lang='lat' dir='ltr'>In</span> <span class='ocrx_word' id='word_1_320' title='bbox 1109 3635 1459 3698; x_wconf 84' lang='lat' dir='ltr'>praefatione,</span> <span class='ocrx_word' id='word_1_321' title='bbox 1496 3648 1656 3698; x_wconf 89' lang='lat' dir='ltr'>quam</span> <span class='ocrx_word' id='word_1_322' title='bbox 1690 3631 1950 3698; x_wconf 85' lang='lat' dir='ltr'>praefixit,</span> <span class='ocrx_word' id='word_1_323' title='bbox 1989 3634 2149 3682; x_wconf 87' lang='lat' dir='ltr'>totius</span> <span class='ocrx_word' id='word_1_324' title='bbox 2181 3647 2214 3681; x_wconf 89' lang='lat' dir='ltr'>a</span> <span class='ocrx_word' id='word_1_325' title='bbox 2239 3649 2298 3683; x_wconf 89' lang='lat' dir='ltr'>se</span> <span class='ocrx_word' id='word_1_326' title='bbox 2334 3633 2570 3697; x_wconf 86' lang='lat' dir='ltr'>suscepti</span> <span class='ocrx_word' id='word_1_327' title='bbox 2606 3633 2782 3697; x_wconf 87' lang='lat' dir='ltr'>operis</span> 
     </span>
     <span class='ocr_line' id='line_1_33' title="bbox 288 3719 2783 3786; baseline -0.002 -14"><span class='ocrx_word' id='word_1_328' title='bbox 288 3723 645 3772; x_wconf 85' lang='lat' dir='ltr'>intentionem</span> <span class='ocrx_word' id='word_1_329' title='bbox 682 3727 736 3770; x_wconf 88' lang='lat' dir='ltr'>et</span> <span class='ocrx_word' id='word_1_330' title='bbox 770 3723 1030 3772; x_wconf 84' lang='lat' dir='ltr'>rationem</span> <span class='ocrx_word' id='word_1_331' title='bbox 1068 3722 1328 3786; x_wconf 84' lang='lat' dir='ltr'>exposuit.</span> <span class='ocrx_word' id='word_1_332' title='bbox 1388 3722 1508 3770; x_wconf 88' lang='lat' dir='ltr'>Hac</span> <span class='ocrx_word' id='word_1_333' title='bbox 1556 3722 1677 3786; x_wconf 90' lang='lat' dir='ltr'>ipsa</span> <span class='ocrx_word' id='word_1_334' title='bbox 1710 3721 1840 3770; x_wconf 87' lang='lat' dir='ltr'>Jobi</span> <span class='ocrx_word' id='word_1_335' title='bbox 1885 3721 2323 3786; x_wconf 87' lang='lat' dir='ltr'>interpretatione</span> <span class='ocrx_word' id='word_1_336' title='bbox 2372 3721 2479 3768; x_wconf 89' lang='lat' dir='ltr'>iam</span> <span class='ocrx_word' id='word_1_337' title='bbox 2515 3735 2644 3770; x_wconf 86' lang='lat' dir='ltr'>usus</span> <span class='ocrx_word' id='word_1_338' title='bbox 2679 3719 2783 3768; x_wconf 85' lang='lat' dir='ltr'>fuit</span> 
     </span>
     <span class='ocr_line' id='line_1_34' title="bbox 292 3805 2782 3874; baseline -0.001 -16"><span class='ocrx_word' id='word_1_339' title='bbox 292 3809 349 3858; x_wconf 87' lang='lat' dir='ltr'>d.</span> <span class='ocrx_word' id='word_1_340' title='bbox 386 3809 753 3874; x_wconf 55' lang='lat' dir='ltr'>‚Aug-ustinus,</span> <span class='ocrx_word' id='word_1_341' title='bbox 774 3808 894 3858; x_wconf 87' lang='lat' dir='ltr'>coll.</span> <span class='ocrx_word' id='word_1_342' title='bbox 934 3809 1085 3873; x_wconf 87' lang='lat' dir='ltr'>epist.</span> <span class='ocrx_word' id='word_1_343' title='bbox 1123 3808 1316 3870; x_wconf 88' lang='lat' dir='ltr'>LXXI,</span> <span class='ocrx_word' id='word_1_344' title='bbox 1360 3812 1405 3857; x_wconf 91' lang='lat'><strong>1.</strong></span> <span class='ocrx_word' id='word_1_345' title='bbox 1446 3807 1606 3872; x_wconf 87' lang='lat' dir='ltr'>Oper.</span> <span class='ocrx_word' id='word_1_346' title='bbox 1645 3808 1716 3870; x_wconf 94' lang='grc' dir='ltr'>ΙΙ,</span> <span class='ocrx_word' id='word_1_347' title='bbox 1757 3809 1872 3858; x_wconf 85' lang='grc'><strong>160.</strong></span> <span class='ocrx_word' id='word_1_348' title='bbox 1937 3808 2030 3868; x_wconf 86' lang='lat' dir='ltr'>„In</span> <span class='ocrx_word' id='word_1_349' title='bbox 2066 3807 2168 3857; x_wconf 88' lang='lat' dir='ltr'>hac</span> <span class='ocrx_word' id='word_1_350' title='bbox 2205 3812 2380 3856; x_wconf 88' lang='lat' dir='ltr'>autem</span> <span class='ocrx_word' id='word_1_351' title='bbox 2419 3805 2646 3871; x_wconf 91' lang='lat' dir='ltr'>epistola</span> <span class='ocrx_word' id='word_1_352' title='bbox 2680 3806 2782 3855; x_wconf 89' lang='lat' dir='ltr'>hoc</span> 
     </span>
     <span class='ocr_line' id='line_1_35' title="bbox 290 3894 2782 3960; baseline -0.002 -15"><span class='ocrx_word' id='word_1_353' title='bbox 290 3896 451 3958; x_wconf 80' lang='lat' dir='ltr'>adde,</span> <span class='ocrx_word' id='word_1_354' title='bbox 510 3895 655 3960; x_wconf 89' lang='lat' dir='ltr'>quod</span> <span class='ocrx_word' id='word_1_355' title='bbox 707 3900 897 3960; x_wconf 77' lang='lat' dir='ltr'>postea</span> <span class='ocrx_word' id='word_1_356' title='bbox 944 3894 1235 3956; x_wconf 86' lang='lat' dir='ltr'>didicimus,</span> <span class='ocrx_word' id='word_1_357' title='bbox 1284 3894 1390 3944; x_wconf 87' lang='lat' dir='ltr'>Job</span> <span class='ocrx_word' id='word_1_358' title='bbox 1445 3911 1511 3944; x_wconf 85' lang='lat' dir='ltr'>ex</span> <span class='ocrx_word' id='word_1_359' title='bbox 1556 3895 1808 3945; x_wconf 87' lang='lat' dir='ltr'>Hebraeo</span> <span class='ocrx_word' id='word_1_360' title='bbox 1859 3909 1894 3943; x_wconf 88' lang='lat' dir='ltr'>a</span> <span class='ocrx_word' id='word_1_361' title='bbox 1938 3900 1992 3944; x_wconf 90' lang='lat' dir='ltr'>te</span> <span class='ocrx_word' id='word_1_362' title='bbox 2038 3896 2460 3959; x_wconf 82' lang='lat' dir='ltr'>interpretatum,</span> <span class='ocrx_word' id='word_1_363' title='bbox 2507 3909 2625 3942; x_wconf 90' lang='lat' dir='ltr'>cum</span> <span class='ocrx_word' id='word_1_364' title='bbox 2673 3894 2782 3944; x_wconf 87' lang='lat' dir='ltr'>iam</span> 
     </span>
     <span class='ocr_line' id='line_1_36' title="bbox 292 3978 2782 4049; baseline -0.002 -17"><span class='ocrx_word' id='word_1_365' title='bbox 292 3983 581 4049; x_wconf 85' lang='lat' dir='ltr'>quamdam</span> <span class='ocrx_word' id='word_1_366' title='bbox 607 3982 924 4032; x_wconf 86' lang='lat' dir='ltr'>haberemus</span> <span class='ocrx_word' id='word_1_367' title='bbox 962 3983 1451 4046; x_wconf 85' lang='lat' dir='ltr'>interpretationem</span> <span class='ocrx_word' id='word_1_368' title='bbox 1476 3985 1625 4030; x_wconf 90' lang='lat' dir='ltr'>tuam</span> <span class='ocrx_word' id='word_1_369' title='bbox 1663 3980 1900 4030; x_wconf 89' lang='lat' dir='ltr'>eiusdem</span> <span class='ocrx_word' id='word_1_370' title='bbox 1924 3980 2226 4046; x_wconf 89' lang='lat' dir='ltr'>Prophetae</span> <span class='ocrx_word' id='word_1_371' title='bbox 2251 3996 2316 4030; x_wconf 84' lang='lat' dir='ltr'>ex</span> <span class='ocrx_word' id='word_1_372' title='bbox 2341 3993 2532 4044; x_wconf 82' lang='lat' dir='ltr'>graeco</span> <span class='ocrx_word' id='word_1_373' title='bbox 2569 3978 2782 4044; x_wconf 90' lang='lat' dir='ltr'>eloquio</span> 
     </span>
     <span class='ocr_line' id='line_1_37' title="bbox 290 4065 2781 4133; baseline -0.002 -15"><span class='ocrx_word' id='word_1_374' title='bbox 290 4085 505 4120; x_wconf 85' lang='lat' dir='ltr'>versam</span> <span class='ocrx_word' id='word_1_375' title='bbox 535 4071 590 4118; x_wconf 91' lang='lat' dir='ltr'>in</span> <span class='ocrx_word' id='word_1_376' title='bbox 618 4068 889 4120; x_wconf 85' lang='lat' dir='ltr'>latinum.“</span> <span class='ocrx_word' id='word_1_377' title='bbox 941 4069 1191 4132; x_wconf 83' lang='lat' dir='ltr'>Tempus,</span> <span class='ocrx_word' id='word_1_378' title='bbox 1230 4083 1335 4133; x_wconf 88' lang='lat' dir='ltr'>quo</span> <span class='ocrx_word' id='word_1_379' title='bbox 1373 4069 1676 4128; x_wconf 61' lang='lat' dir='ltr'>versionem</span> <span class='ocrx_word' id='word_1_380' title='bbox 1712 4067 1853 4117; x_wconf 89' lang='lat' dir='ltr'>hanc</span> <span class='ocrx_word' id='word_1_381' title='bbox 1889 4067 1925 4116; x_wconf 87' lang='lat' dir='ltr'><strong>J</strong></span> <span class='ocrx_word' id='word_1_382' title='bbox 1929 4067 2017 4118; x_wconf 90' lang='lat' dir='ltr'>obi</span> <span class='ocrx_word' id='word_1_383' title='bbox 2039 4066 2302 4128; x_wconf 79' lang='lat' dir='ltr'>&#39;confecit,</span> <span class='ocrx_word' id='word_1_384' title='bbox 2340 4066 2597 4116; x_wconf 87' lang='lat' dir='ltr'>indirecte</span> <span class='ocrx_word' id='word_1_385' title='bbox 2635 4065 2781 4114; x_wconf 83' lang='lat' dir='ltr'>colli-</span> 
     </span>
     <span class='ocr_line' id='line_1_38' title="bbox 290 4153 2780 4222; baseline -0.002 -16"><span class='ocrx_word' id='word_1_386' title='bbox 290 4159 434 4222; x_wconf 83' lang='lat' dir='ltr'>gitur</span> <span class='ocrx_word' id='word_1_387' title='bbox 472 4173 501 4206; x_wconf 94' lang='lat' dir='ltr'>e</span> <span class='ocrx_word' id='word_1_388' title='bbox 538 4156 707 4220; x_wconf 81' lang='lat' dir='ltr'>praef.</span> <span class='ocrx_word' id='word_1_389' title='bbox 743 4157 801 4204; x_wconf 89' lang='lat' dir='ltr'>in</span> <span class='ocrx_word' id='word_1_390' title='bbox 824 4155 858 4204; x_wconf 92' lang='lat' dir='ltr'>l.</span> <span class='ocrx_word' id='word_1_391' title='bbox 885 4155 1023 4206; x_wconf 83' lang='lat' dir='ltr'>Job:</span> <span class='ocrx_word' id='word_1_392' title='bbox 1063 4155 1347 4216; x_wconf 85' lang='lat' dir='ltr'>„Ceterum</span> <span class='ocrx_word' id='word_1_393' title='bbox 1382 4155 1525 4220; x_wconf 85' lang='lat' dir='ltr'>apud</span> <span class='ocrx_word' id='word_1_394' title='bbox 1558 4155 1801 4216; x_wconf 85' lang='lat' dir='ltr'>Latinos,</span> <span class='ocrx_word' id='word_1_395' title='bbox 1840 4159 1964 4204; x_wconf 90' lang='lat' dir='ltr'>ante</span> <span class='ocrx_word' id='word_1_396' title='bbox 2003 4168 2122 4204; x_wconf 85' lang='lat' dir='ltr'>eam</span> <span class='ocrx_word' id='word_1_397' title='bbox 2157 4153 2578 4213; x_wconf 84' lang='lat' dir='ltr'>translationem,</span> <span class='ocrx_word' id='word_1_398' title='bbox 2617 4166 2780 4216; x_wconf 88' lang='lat' dir='ltr'>quam</span> 
     </span>
     <span class='ocr_line' id='line_1_39' title="bbox 292 4237 2782 4307; baseline -0.002 -15"><span class='ocrx_word' id='word_1_399' title='bbox 292 4244 393 4292; x_wconf 88' lang='lat' dir='ltr'>sub</span> <span class='ocrx_word' id='word_1_400' title='bbox 431 4243 703 4293; x_wconf 83' lang='lat' dir='ltr'>asteriscis</span> <span class='ocrx_word' id='word_1_401' title='bbox 741 4247 795 4294; x_wconf 87' lang='lat' dir='ltr'>et</span> <span class='ocrx_word' id='word_1_402' title='bbox 830 4241 999 4292; x_wconf 90' lang='lat' dir='ltr'>obelis</span> <span class='ocrx_word' id='word_1_403' title='bbox 1035 4258 1206 4307; x_wconf 90' lang='lat' dir='ltr'>nuper</span> <span class='ocrx_word' id='word_1_404' title='bbox 1243 4241 1549 4293; x_wconf 88' lang='lat' dir='ltr'>edidimus.“</span> <span class='ocrx_word' id='word_1_405' title='bbox 1615 4241 1774 4292; x_wconf 90' lang='lat' dir='ltr'>Unde</span> <span class='ocrx_word' id='word_1_406' title='bbox 1809 4242 2049 4306; x_wconf 85' lang='lat' dir='ltr'>sequitur</span> <span class='ocrx_word' id='word_1_407' title='bbox 2083 4240 2212 4290; x_wconf 87' lang='lat' dir='ltr'>Jobi</span> <span class='ocrx_word' id='word_1_408' title='bbox 2247 4256 2278 4289; x_wconf 90' lang='lat' dir='ltr'>e</span> <span class='ocrx_word' id='word_1_409' title='bbox 2314 4254 2508 4304; x_wconf 79' lang='lat' dir='ltr'>graeco</span> <span class='ocrx_word' id='word_1_410' title='bbox 2558 4237 2782 4287; x_wconf 88' lang='lat' dir='ltr'>transla-</span> 
     </span>
     <span class='ocr_line' id='line_1_40' title="bbox 294 4324 2782 4394; baseline -0.003 -14"><span class='ocrx_word' id='word_1_411' title='bbox 294 4332 513 4391; x_wconf 85' lang='lat' dir='ltr'>tionem,</span> <span class='ocrx_word' id='word_1_412' title='bbox 550 4345 718 4394; x_wconf 84' lang='lat' dir='ltr'>parvo</span> <span class='ocrx_word' id='word_1_413' title='bbox 756 4330 1031 4380; x_wconf 86' lang='lat' dir='ltr'>dumtaxat</span> <span class='ocrx_word' id='word_1_414' title='bbox 1064 4329 1344 4378; x_wconf 85' lang='lat' dir='ltr'>intervallo</span> <span class='ocrx_word' id='word_1_415' title='bbox 1384 4331 1740 4394; x_wconf 87' lang='lat' dir='ltr'>praecessisse</span> <span class='ocrx_word' id='word_1_416' title='bbox 1774 4328 1920 4378; x_wconf 88' lang='lat' dir='ltr'>illam</span> <span class='ocrx_word' id='word_1_417' title='bbox 1946 4329 2011 4377; x_wconf 91' lang='lat' dir='ltr'>de</span> <span class='ocrx_word' id='word_1_418' title='bbox 2034 4328 2303 4379; x_wconf 85' lang='lat' dir='ltr'>Hebraeo.</span> <span class='ocrx_word' id='word_1_419' title='bbox 2368 4327 2407 4389; x_wconf 82' lang='lat'>⁵)</span> <span class='ocrx_word' id='word_1_420' title='bbox 2450 4324 2782 4386; x_wconf 82' lang='lat' dir='ltr'>„Salomonis</span> 
     </span>
     <span class='ocr_line' id='line_1_41' title="bbox 293 4411 2783 4482; baseline -0.003 -15"><span class='ocrx_word' id='word_1_421' title='bbox 293 4419 455 4468; x_wconf 80' lang='lat' dir='ltr'>etiam</span> <span class='ocrx_word' id='word_1_422' title='bbox 495 4417 682 4478; x_wconf 88' lang='lat' dir='ltr'>libros,</span> <span class='ocrx_word' id='word_1_423' title='bbox 727 4432 859 4482; x_wconf 90' lang='lat' dir='ltr'>quos</span> <span class='ocrx_word' id='word_1_424' title='bbox 896 4416 1021 4466; x_wconf 89' lang='lat' dir='ltr'>olim</span> <span class='ocrx_word' id='word_1_425' title='bbox 1056 4417 1207 4465; x_wconf 82' lang='lat' dir='ltr'>iuxta</span> <span class='ocrx_word' id='word_1_426' title='bbox 1244 4415 1596 4481; x_wconf 83' lang='lat' dir='ltr'>Septuaginta</span> <span class='ocrx_word' id='word_1_427' title='bbox 1630 4415 1824 4465; x_wconf 82' lang='lat' dir='ltr'>additis</span> <span class='ocrx_word' id='word_1_428' title='bbox 1861 4414 2032 4466; x_wconf 88' lang='lat' dir='ltr'>obelis</span> <span class='ocrx_word' id='word_1_429' title='bbox 2070 4420 2125 4464; x_wconf 90' lang='lat' dir='ltr'>et</span> <span class='ocrx_word' id='word_1_430' title='bbox 2159 4414 2426 4464; x_wconf 86' lang='lat' dir='ltr'>asteriscis</span> <span class='ocrx_word' id='word_1_431' title='bbox 2449 4413 2507 4462; x_wconf 87' lang='lat' dir='ltr'>in</span> <span class='ocrx_word' id='word_1_432' title='bbox 2530 4411 2783 4460; x_wconf 84' lang='lat' dir='ltr'>Latinum</span> 
     </span>
     <span class='ocr_line' id='line_1_42' title="bbox 290 4499 2782 4566; baseline -0.002 -13"><span class='ocrx_word' id='word_1_433' title='bbox 290 4510 587 4566; x_wconf 77' lang='lat' dir='ltr'>verteram,</span> <span class='ocrx_word' id='word_1_434' title='bbox 639 4519 703 4554; x_wconf 84' lang='lat' dir='ltr'>ex</span> <span class='ocrx_word' id='word_1_435' title='bbox 749 4503 1017 4553; x_wconf 81' lang='lat' dir='ltr'>Hebraico</span> <span class='ocrx_word' id='word_1_436' title='bbox 1065 4502 1451 4566; x_wconf 84' lang='lat' dir='ltr'>transferens“;</span> <span class='ocrx_word' id='word_1_437' title='bbox 1508 4503 1696 4552; x_wconf 87' lang='lat' dir='ltr'>scribit</span> <span class='ocrx_word' id='word_1_438' title='bbox 1743 4507 1929 4552; x_wconf 86' lang='lat' dir='ltr'>contra</span> <span class='ocrx_word' id='word_1_439' title='bbox 1975 4500 2251 4562; x_wconf 85' lang='lat' dir='ltr'>Rufinum,</span> <span class='ocrx_word' id='word_1_440' title='bbox 2303 4499 2380 4562; x_wconf 89' lang='lat' dir='ltr'>H,</span> <span class='ocrx_word' id='word_1_441' title='bbox 2431 4500 2513 4548; x_wconf 86' lang='lat'><strong>31.</strong></span> <span class='ocrx_word' id='word_1_442' title='bbox 2561 4515 2614 4566; x_wconf 86' lang='lat' dir='ltr'>p.</span> <span class='ocrx_word' id='word_1_443' title='bbox 2663 4499 2782 4549; x_wconf 79' lang='lat'><strong>526.</strong></span> 
     </span>
     <span class='ocr_line' id='line_1_43' title="bbox 294 4587 2150 4660; baseline -0.001 -20"><span class='ocrx_word' id='word_1_444' title='bbox 294 4590 335 4660; x_wconf 67' lang='grc' dir='ltr'>θ)</span> <span class='ocrx_word' id='word_1_445' title='bbox 378 4591 463 4641; x_wconf 82' lang='lat' dir='ltr'>cf.</span> <span class='ocrx_word' id='word_1_446' title='bbox 502 4592 603 4660; x_wconf 89' lang='lat' dir='ltr'>Ep.</span> <span class='ocrx_word' id='word_1_447' title='bbox 644 4589 697 4644; x_wconf 88' lang='lat' dir='ltr'><strong>S.</strong></span> <span class='ocrx_word' id='word_1_448' title='bbox 735 4591 1071 4660; x_wconf 84' lang='lat' dir='ltr'>Hieronymi,</span> <span class='ocrx_word' id='word_1_449' title='bbox 1115 4590 1228 4656; x_wconf 86' lang='lat'>134,</span> <span class='ocrx_word' id='word_1_450' title='bbox 1267 4592 1316 4639; x_wconf 89' lang='grc'>2.</span> <span class='ocrx_word' id='word_1_451' title='bbox 1354 4591 1403 4642; x_wconf 91' lang='lat' dir='ltr'>d.</span> <span class='ocrx_word' id='word_1_452' title='bbox 1440 4590 1739 4659; x_wconf 83' lang='lat' dir='ltr'>Augustino</span> <span class='ocrx_word' id='word_1_453' title='bbox 1779 4587 1879 4657; x_wconf 83' lang='lat' dir='ltr'>Op.</span> <span class='ocrx_word' id='word_1_454' title='bbox 1917 4588 1960 4652; x_wconf 93' lang='grc' dir='ltr'>Ι,</span> <span class='ocrx_word' id='word_1_455' title='bbox 2001 4588 2150 4640; x_wconf 82' lang='grc'><strong>1043.</strong></span> 
     </span>
    </p>
   </div>
  </div>
 </body>
</html>
