3309 5300
1071 406 1134 450 De
1163 410 1334 452 canone
1364 413 1408 451 S.
1438 407 1604 452 Libror.
1635 409 1743 453 Nov.
1776 410 1895 454 Test.
2644 398 2728 466 35

261 590 628 647 controversos,
665 600 702 634 a
725 585 1046 650 quibusdam
1082 602 1280 649 eorum,
1319 587 1535 651 quidem
1571 587 1697 636 olim
1736 590 1791 637 in
1828 588 2073 653 catalogo
2101 587 2153 637 S.
2182 588 2233 637 S.
2266 604 2373 638 non
2400 590 2729 653 nominatos;

183 696 198 705 =
260 688 415 737 neque
463 677 646 721 tamen
695 672 938 734 reiectos,
988 672 1044 721 id
1092 674 1231 722 enim
1281 674 1326 723 si
1361 672 1632 734 fecissent,
1684 690 2021 740 nequaquam
2068 676 2227 723 toties
2278 677 2379 741 ipsi
2431 675 2500 725 ad
2549 692 2729 725 eorum

259 760 490 809 Divinam
528 760 900 809 auctoritatem
936 764 1335 823 provocassent.
1391 760 1598 807 Nomen
1635 758 1871 808 Canonis
1908 759 2349 810 Alexandrini
2393 761 2478 811 vel
2515 763 2730 811 Helle-

259 846 516 908 nistici3
564 847 692 895 item
737 846 981 895 Proto·
1035 850 1088 895 et
1133 846 1754 895 Deuterocanonis
1811 847 1953 911 apud
1999 847 2219 897 Veteres
2275 848 2470 897 frustra
2525 851 2731 913 quaeri-

257 940 356 995 tur3
403 932 690 983 tribuenda
730 937 856 982 sunt
892 932 1028 982 haec
1063 934 1280 982 nomina
1316 934 1556 997 tempori,
1597 948 1703 997 quo
1742 932 1991 983 Ecclesia
2027 934 2243 982 saeculo
2280 935 2422 983 XVI.
2458 937 2513 983 in
2553 936 2732 985 hostes

258 1018 439 1079 incidit,
495 1020 586 1083 qui
623 1018 890 1083 aliquibus
939 1020 1338 1084 Hagiographis
1381 1020 1443 1068 A.
1479 1020 1542 1067 F.
1582 1019 1816 1067 divinam
1866 1020 2271 1083 inspirationem
2319 1023 2522 1085 eripere
2572 1036 2730 1071 cona-

259 1108 452 1155 bantur.
507 1104 770 1155 Catholici
794 1104 1051 1170 Theologi
1080 1106 1278 1170 optima
1313 1110 1506 1167 mente,
1547 1106 1801 1169 nullaque
1826 1105 1971 1153 facta
2004 1107 2336 1155 auctoritatis
2376 1108 2731 1169 distinctione,

259 1209 366 1242 cum
399 1196 594 1241 contra
627 1190 969 1241 Acatholicos
1007 1192 1368 1256 disputabant,
1409 1193 1683 1242 brevitatis
1720 1208 1901 1253 causa,
1940 1193 2073 1241 haec
2111 1193 2215 1241 duo
2255 1195 2521 1243 vocabula
2557 1200 2734 1259 proto-

263 1280 540 1328 cauonicos
579 1306 645 1315 -—
683 1296 778 1343 pro
827 1278 932 1328 illis
970 1294 1194 1343 quorum
1245 1280 1614 1328 auctoritatem
1665 1296 1773 1327 non
1822 1279 2205 1329 addubitat-unt
2254 1268 2545 1330 adversarii
2582 1311 2647 1316 —
2686 1286 2737 1329 et

263 1367 766 1416 deuterocanonicos
786 1395 848 1402 —
873 1382 968 1431 pro
995 1366 1094 1427 his,
1133 1367 1328 1430 quibus
1352 1367 1604 1415 Divinam
1627 1366 2033 1431 inspirationem
2069 1371 2333 1431 negarunt
2355 1365 2653 1416 Acatholici
2676 1396 2735 1403 -—

260 1452 590 1502 adhibebant.
664 1452 784 1501 Tali
839 1454 1045 1501 ratione
1099 1452 1232 1501 haec
1288 1454 1505 1501 nomina
1559 1454 1616 1501 in
1672 1454 2075 1517 quaestiouibus
2131 1454 2268 1502 inter
2323 1452 2629 1503 Catholicos
2686 1459 2738 1503 et

258 1538 585 1589 Acatholicos
635 1554 737 1589 usu
786 1538 1005 1603 vulgata
1053 1543 1189 1587 sunt.
1252 1539 1335 1587 Cf.
1374 1540 1657 1602 Vincenzi,
1709 1539 1743 1587 l.
1783 1556 1827 1588 c.
1879 1557 1929 1604 p.
1969 1542 2017 1588 2.
2056 1556 2167 1604 seq.
2239 1541 2358 1589 Non
2408 1542 2559 1605 ponit
2605 1540 2739 1589 haec

258 1625 538 1690 adpellatio
563 1631 748 1675 notare
781 1626 1229 1675 differentiam
1265 1627 1490 1691 pretii,
1529 1626 1672 1690 quod
1698 1627 1827 1690 ipsis
1853 1626 2031 1676 Libris
2058 1628 2335 1690 competit3
2376 1626 2490 1676 sed
2529 1626 2735 1675 diver-

257 1714 516 1763 sitatem
555 1712 811 1761 iudicii
849 1712 1166 1777 significare,
1207 1712 1349 1777 quod
1375 1728 1408 1761 a
1435 1712 1753 1777 quibusdam
1780 1713 1846 1762 de
1877 1714 1991 1762 istis
2029 1712 2179 1761 libris
2216 1714 2613 1777 pronuntiatum
2643 1717 2738 1762 est.

256 1800 315 1849 Iu
348 1815 417 1859 se,
460 1804 519 1847 ut
557 1800 664 1846 iam
700 1804 1034 1859 monuerunt,
1074 1799 1400 1860 Bonfrerius,
1440 1799 1677 1863 praeloq.
1719 1801 1799 1848 11.
1837 1817 1889 1863 p.
1928 1802 1974 1847 5.
2022 1805 2074 1847 et
2108 1799 2407 1861 Fullonius‚
2448 1800 2647 1848 Comm.
2684 1800 2739 1847 in

263 1886 292 1934 l.
326 1886 356 1934 l.
391 1885 569 1935 Maeli.
607 1886 652 1946 I,
694 1888 738 1935 1.
788 1885 1024 1950 theologi
1062 1903 1089 1934 e
1128 1886 1180 1934 S.
1218 1885 1288 1947 J„
1339 1886 1442 1933 ista
1479 1885 1707 1950 duplicis
1747 1884 1945 1935 ordinis
1996 1886 2262 1935 distinctio
2312 1902 2421 1935 non
2457 1885 2741 1935 admodum

261 1974 556 2023 necessaria
593 1976 700 2036 est,
741 1988 860 2021 cum
897 1988 1068 2037 aeque
1106 1973 1233 2021 insit
1267 1971 1350 2021 his
1389 1977 1442 2021 et
1477 1971 1582 2020 illis
1620 1972 1917 2021 infallibilis
1956 1976 2009 2021 et
2043 1972 2241 2021 Divina
2278 1973 2583 2021 auctorita&

669 2249 804 2323 DE
859 2248 1286 2324 GANONE
1340 2249 1603 2325 NOVI
1657 2248 2325 2323 TESTAMENTI.

344 2463 399 2539 §-
457 2462 555 2525 10.
619 2456 1198 2523 Collectionis
1245 2456 1310 2521 S.
1357 2456 1812 2522 Librorum
1857 2456 2075 2521 Novi
2120 2456 2656 2519 Testamenti

1211 2572 1480 2657 prima
1525 2572 1787 2656 origo.

465 2762 638 2826 Nihil
685 2761 1069 2844 evidentius,
1104 2784 1301 2846 quam
1347 2760 1429 2824 ab
1475 2763 1618 2846 ipsa
1655 2761 2040 2846 Apostolica
2086 2770 2304 2824 aetate
2350 2761 2502 2824 inde
2552 2762 2745 2824 exsti-

269 2878 412 2940 tisse
473 2875 929 2940 collectionem
990 2875 1392 2961 Scriptorum
1457 2873 1539 2938 ab
1602 2873 1936 2960 Apostolis
1984 2883 2047 2938 et
2091 2874 2529 2958 Evangelistis
2594 2898 2744 2937 con-

270 2993 684 3074 signatorum,
713 2990 868 3053 etin
892 3011 1093 3051 unum
1120 2987 1435 3052 Codicem
1460 2988 1887 3071 digestorum3
1910 2977 2095 3073 ⁴paris
2120 3010 2267 3051 cum
2294 2987 2540 3052 Codice
2566 2989 2645 3051 V.
2668 2987 2743 3050 T.

269 3104 661 3166 auctoritatis
721 3100 1047 3184 habitum,
1102 3111 1296 3185 atque
1357 3100 1534 3185 apud
1585 3099 1921 3169 Ecclesiae
1980 3101 2279 3186 religiose
2332 3100 2743 3164 custoditum.

269 3215 344 3278 Id
387 3218 557 3278 enim
602 3213 779 3278 haud
820 3213 1094 3277 obscure
1130 3213 1524 3297 colligimus:
1573 3237 1629 3276 a.
1679 3213 2076 3277 Exmonitis
2110 3214 2242 3276 divi
2272 3213 2458 3276 Pauli
2494 3217 2529 3295 ¹,
2564 3215 2748 3299 queis

268 3327 486 3392 fideles
532 3327 932 3409 adhortatur,
973 3327 1158 3391 datas
1206 3327 1292 3391 ad
1333 3351 1444 3392 eos
1475 3327 1695 3391 literas
1730 3351 1875 3390 cum
1919 3326 2183 3410 reliquis
2214 3326 2529 3390 Ecclesiis
2576 3350 2748 3390 com-

270 3442 613 3504 municare.
659 3441 920 3504 Revera
956 3439 1020 3503 b.
1063 3439 1390 3525 quandam
1428 3442 1557 3503 iam
1600 3439 2038 3524 Epistolarum
2077 3438 2376 3524 Apostoli
2423 3439 2747 3503 collectio-

269 3576 415 3616 nem
441 3553 505 3619 S.
523 3553 796 3616 Petrus²
826 3552 1026 3616 veluti
1052 3563 1210 3616 tunc
1236 3554 1622 3616 existentem
1649 3575 1735 3616 ac.
1752 3551 2085 3636 vulgatam
2112 3555 2438 3638 supponit.
2489 3551 2751 3616 Scilicet

273 3666 330 3730 d.
376 3666 606 3730 Petrus
666 3665 1014 3751 plerasque
1068 3665 1286 3729 literas
1332 3665 1639 3728 Paulinas
1685 3674 1840 3728 tunc
1896 3688 2017 3750 per
2064 3688 2288 3728 omnes
2337 3665 2475 3728 fere
2524 3675 2750 3728 coetus

272 3802 520 3864 sparsas
568 3781 790 3861 fuisse,
837 3780 966 3843 imo
1012 3780 1079 3841 in
1125 3781 1413 3864 peiorem
1461 3801 1724 3842 sensum
1772 3777 2150 3862 detorqueri
2194 3787 2545 3860 memorat3
2596 3779 2750 3862 quin

271 3893 439 3976 ipsas
483 3896 622 3974 ,ταῖς
666 3893 886 3964 λοίπαις
938 3896 1164 3973 γραφαῖς
1223 3893 1615 3964 θεοπνεύστοιῷ
1680 3889 1938 3953 Veteris
2001 3900 2067 3953 et
2122 3891 2291 3954 Novi
2348 3890 2751 3954 Testamenti

273 4006 668 4090 aequiparat.
705 4004 796 4067 At
817 4027 975 4068 vero
1011 4027 1046 4066 e
1074 4005 1598 4089 frequentissimo
1625 4027 1765 4086 usu,
1794 4025 1988 4088 quem
2013 4001 2481 4088 Apostolorum
2513 4005 2753 4088 scripta

272 4127 405 4180 tum
435 4119 719 4182 maxime
769 4117 1207 4199 obtinuerunt,
1255 4140 1404 4180 cum
1436 4117 1511 4180 iis
1543 4125 1751 4180 morte
1800 4115 2067 4180 sublatis
2102 4139 2327 4180 eorum
2367 4118 2556 4180 vivae
2603 4117 2751 4180 voci

275 4230 753 4314 quodammodo
823 4230 1299 4312 sufficerentur,
1362 4231 1578 4293 statim
1640 4229 1943 4311 distingui
2014 4238 2077 4291 et
2135 4229 2502 4292 coordinari
2564 4251 2751 4313 cepe-

272 4351 436 4406 runt.
481 4341 762 4406 Factum
805 4341 931 4406 hoc
977 4365 1095 4428 pro
1132 4344 1423 4427 ipsorum
1469 4340 1687 4405 indole
1736 4350 1933 4426 atque
1978 4340 2428 4426 scriptoribus3
2468 4347 2539 4405 ut
2584 4340 2750 4404 adeo

276 4503 529 4512 -ῌ--Ψψ

479 4583 513 4648 ¹)
550 4583 591 4633 1.
620 4582 742 4632 Cor.
771 4586 816 4644 1,
847 4587 894 4632 2.
933 4584 1002 4632 Π.
1032 4585 1078 4643 1,
1109 4585 1152 4631 1.
1205 4583 1322 4632 Gal.
1353 4586 1398 4644 1,
1426 4586 1473 4630 2.
1525 4580 1729 4655 Coloss.
1756 4583 1805 4642 4,
1836 4583 1915 4629 16.
1976 4581 2015 4644 ²)
2053 4582 2121 4631 ΙΙ.
2150 4584 2197 4644 3,
2228 4584 2305 4630 15.
2336 4583 2415 4629 16.

2378 4669 2443 4718 3¹2·
