3309 5300
31 4861 49 5002 Ὡ-’,Ἰ-ςπ
37 4845 47 4852 3
37 4831 39 4836 -
31 4562 46 4822 *Fu-§m
31 4062 43 4554 *staur-amm*
31 4179 33 4182 ’
31 3992 41 4060 -ι-α
31 3925 41 3981 ι’-ε
30 2973 41 3909 ᾈ-α--υ--ῇ-ο-ῗ”ᾼη
31 2945 32 2948 ⁴

138 4690 145 4696 ι

554 423 681 488 230
1259 436 1493 478 comment.
1525 435 1577 476 de
1606 436 1652 475 S.
1673 435 1833 486 script.
1863 446 1959 487 cap.
1989 445 2075 477 sec.
2105 434 2236 476 tract.
2265 434 2322 476 11.

552 615 997 689 intelligendam
1038 615 1288 673 Concilii
1349 615 1687 673 Tridentini
1729 615 2135 673 definitionem
2175 617 2466 687 ,authen
2481 616 2535 673 ti
2549 616 2634 674 ci‘
2688 614 2854 673 notio
2892 616 3054 672 evol-

553 722 744 779 venda
789 724 893 777 est.
948 720 1082 777 Vox
1122 720 1276 795 cepit
1320 722 1477 795 apud
1520 721 1557 777 J
1559 720 1682 777 uris
1729 721 2020 778 consultos
2068 724 2360 796 usurpari,
2413 720 2628 799 quibus
2679 741 2724 791 ,s
2739 720 3058 795 criptum

556 825 1077 894 authenticum,
1106 823 1341 896 dicitur,
1372 826 1525 901 quod
1548 825 1867 900 perfectam
1891 827 2448 883 demonstrationem
2472 829 2756 900 praestat:
2789 828 2859 881 ut
2882 824 3056 894 illud,

555 930 709 1007 quod
755 933 814 986 et
864 928 932 985 in
962 932 1251 1005 quantum
1281 933 1531 985 testatur
1600 930 1674 985 ab
1705 931 1975 987 omnibus
2007 930 2242 987 admitti
2275 934 2542 1005 oporteat
2565 927 2602 987 ¹.
2650 928 2783 987 Hac
2825 929 3061 985 ratione

556 1034 757 1090 eadem
786 1052 906 1091 vox
936 1052 972 1090 a
1004 1032 1265 1090 Concilio
1304 1032 1651 1091 Tridentino
1686 1037 2046 1091 transsumta
2074 1034 2219 1091 fuit:
2253 1038 2320 1091 ut
2351 1034 2528 1091 Sacra
2569 1034 2842 1111 Synodus
2877 1037 3061 1089 testa-

556 1141 722 1195 retur
770 1136 1154 1210 Vulgatam
1210 1156 1376 1211 prae
1424 1136 1751 1195 omnibus
1799 1125 2092 1195 Latinis
2138 1139 2618 1208 editionibus3
2668 1143 2727 1195 et
2770 1138 2850 1194 in
2893 1137 3063 1194 uni-

555 1259 847 1300 versum
892 1241 1183 1314 egregie
1225 1241 1752 1318 praeclareque
1791 1241 2252 1315 originarios
2291 1241 2564 1299 Textus
2604 1242 3064 1301 Divinorum

558 1346 1021 1404 Voluminum
1068 1346 1389 1403 reddere.
1464 1345 1595 1423 Sed
1642 1350 1712 1403 et
1757 1365 2126 1424 nunquam
2171 1345 2248 1402 in
2291 1346 2924 1404 substantialibus
2971 1347 3064 1403 ab

558 1452 652 1509 iis
684 1450 1031 1520 deficere3·
1054 1454 1267 1526 atque
1297 1450 1489 1507 nihil
1520 1471 1555 1507 a
1583 1449 1732 1507 fide
1761 1452 2099 1507 absonum
2131 1450 2530 1521 continere,
2565 1450 2681 1508 vel
2711 1470 2746 1507 a
2776 1452 3066 1525 pietate

558 1550 936 1612 alienum2.
974 1552 1281 1627 Vulgatae,
1316 1553 1489 1627 longo
1513 1555 1634 1611 iam
1658 1574 1771 1611 usu
1793 1554 2084 1612 Ecclesiae
2115 1555 2468 1629 approbatae
2495 1550 2808 1631 ‚abosv‘cioe‘7
2841 1558 3069 1611 asserta

564 1663 652 1717 est
672 1677 777 1733 per
800 1657 1128 1715 Concilium
1161 1657 1574 1715 Tridentinum
1602 1658 1750 1729 ideo,
1786 1659 1941 1735 quod
1973 1657 2230 1731 Vulgata
2259 1658 2318 1716 8.
2344 1658 2680 1716 Bibliorum
2709 1658 3070 1716 Latinorum

562 1764 742 1819 editio
767 1761 1105 1820 clarissimis
1128 1782 1264 1819 suae
1287 1762 1645 1837 integritatis
1671 1766 1728 1819 et
1751 1763 2137 1836 genuinitatis
2160 1766 2326 1819 notas
2351 1764 2619 1833 haberet;
2647 1768 2894 1838 propter
2918 1783 3069 1840 quas

565 1868 743 1925 Sacra
790 1866 1059 1943 Synodus
1114 1866 1497 1924 Oecumenica
1542 1850 1710 1924 illam
1759 1868 2024 1924 authen
2039 1868 2252 1925 ticam
2305 1867 2652 1925 declarando
2666 1912 2680 1938 ,
2732 1869 3072 1924 maximum

564 1970 939 2029 certitudinis
969 1972 1217 2043 gradum
1248 1970 1319 2041 ei,
1364 1971 1428 2026 in
1459 1970 1551 2040 iis,
1600 1990 1748 2048 quae
1779 1972 1848 2027 ad
1881 1970 2153 2042 Fidem,
2198 1972 2429 2029 Mores
2471 1976 2529 2029 et
2567 1972 3072 2029 Historiarum

562 2074 620 2133 S.
640 2074 714 2133 U.
732 2075 800 2133 F.
827 2073 1218 2131 substantiam
1242 2072 1474 2144 attinet,
1504 2074 1756 2132 contulit
1771 2072 1812 2133 3.
1847 2076 2050 2153 Neque
2075 2079 2272 2133 tamen
2297 2074 2628 2133 Concilium
2649 2075 2978 2149 Vulgatam
3005 2094 3072 2132 eo

565 2369 628 2420 G.
682 2369 966 2433 Czuppon,
1021 2370 1077 2417 in
1134 2384 1295 2433 opere
1350 2368 1808 2432 praestantissimo
1865 2367 2144 2418 Vindiciae
2200 2368 2464 2433 Vulgatae
2518 2371 2752 2419 Latinae
2808 2370 3070 2419 editionis

564 2456 884 2518 Bibliorum,
935 2470 1041 2519 qua
1079 2456 1326 2505 Ecclesia
1360 2453 1910 2504 Romano-Catholica
1956 2456 2145 2517 utitur,
2192 2460 2378 2505 contra
2425 2462 2684 2506 assertam
2725 2457 2968 2506 Hebraei
3021 2464 3077 2505 et

568 2542 762 2591 Graeci
798 2542 999 2591 Textus
1036 2540 1279 2590 hodierni
1316 2539 1619 2590 absolutam
1656 2540 2002 2590 authentiam.
2043 2540 2299 2590 Sabariae
2329 2544 2478 2590 1798.
2518 2560 2567 2606 p.
2597 2545 2682 2591 62.
2709 2557 2750 2590 s.
2801 2542 2853 2590 J.
2882 2541 3076 2606 Alzog‚

569 2627 706 2694 expl.
736 2628 873 2678 cath.
902 2632 1030 2692 syst.
1070 2626 1135 2677 de
1173 2627 1612 2692 interpretatione
1648 2626 1949 2676 Literarum
1988 2626 2286 2677 Sacrarum.
2336 2628 2649 2678 Monasterii
2691 2630 2841 2679 1835.
2871 2645 2922 2694 p.
2951 2630 3003 2677 6.
3033 2646 3078 2678 s.

569 2718 631 2765 B.
668 2715 862 2778 Welte,
902 2720 954 2764 ii.
994 2714 1043 2764 d.
1081 2713 1269 2762 kirchl.
1307 2713 1434 2764 Ans.
1476 2714 1523 2762 d.
1560 2713 1812 2778 Vulgata,
1852 2715 1908 2762 in
1945 2729 2067 2762 ann.
2105 2715 2242 2763 Tfib.
2282 2715 2354 2764 th.
2394 2716 2578 2776 Quart.
2621 2717 2772 2765 1845.
2809 2733 2863 2781 p.
2905 2718 2992 2764 55.
3035 2734 3078 2764 s,

568 2803 688 2852 348.
728 2818 768 2851 s.
830 2800 1059 2863 Reusch,
1099 2801 1249 2850 Erkl.
1289 2801 1337 2850 d.
1363 2801 1524 2850 Decr.
1564 2801 1611 2850 d.
1650 2802 1712 2850 T.
1753 2799 1812 2850 C.
1845 2817 1910 2850 w,
1937 2817 1978 2851 s.
2017 2817 2066 2850 a.
2100 2801 2150 2850 (1.
2179 2801 2332 2866 Vulg.
2359 2803 2492 2864 bez.,
2531 2803 2587 2850 in
2626 2817 2749 2852 ann.
2787 2803 3076 2852 Katholik.

474 2895 479 2900 '
567 2889 765 2938 Mainz.
807 2889 957 2938 1860.
994 2887 1037 2949 I,
1077 2889 1195 2937 641.
1233 2903 1275 2937 s.

780 2974 817 3039 ¹)
859 2974 939 3024 cf.
976 2976 1204 3036 Branca,
1245 2975 1309 3024 de
1347 2975 1503 3040 Vulg.
1544 2975 1625 3024 ed.
1665 2975 1707 3038 1,
1750 2977 1830 3024 19.
1869 2992 1910 3024 s.
1968 2974 2167 3025 Comm.
2205 2975 2256 3024 h.
2295 2991 2346 3024 n.
2385 2992 2435 3040 p.
2477 2977 2523 3024 7.
2595 2975 2634 3041 2)
2673 2977 2892 3026 Etenim
2931 2978 3083 3026 sicut

568 3064 976 3112 instrumentum
1026 3061 1246 3127 aliquod
1293 3063 1555 3126 integrum
1605 3066 1660 3110 et
1696 3063 1986 3126 genuinum
2036 3077 2152 3111 esse
2199 3066 2378 3126 potest
2425 3062 2513 3111 vel
2560 3067 2770 3112 tantum
2809 3064 2870 3112 in
2907 3066 3080 3114 rebus

569 3148 1079 3212 essentialibus3
1118 3147 1207 3198 vel
1239 3149 1399 3196 etiam
1423 3149 1481 3196 in
1516 3147 1914 3198 levioribus:
1957 3149 2035 3198 sic
2061 3148 2424 3197 authenticum
2451 3149 2611 3198 etiam
2649 3150 2990 3200 solummodo
3026 3152 3084 3199 in

570 3235 859 3298 essentiali,
898 3234 985 3284 vel
1023 3250 1086 3284 ex
1117 3238 1227 3284 toto
1257 3234 1540 3283 dicendum
1579 3235 1694 3284 erit.
1742 3234 2053 3284 Tenendum
2078 3235 2220 3284 idem
2260 3234 2326 3284 de
2351 3235 2718 3299 versionibus,
2759 3252 2902 3301 quae
2941 3237 3086 3286 nihil

570 3322 715 3372 aliud
754 3327 879 3372 sunt
914 3321 1019 3370 nisi
1056 3320 1367 3386 apographa
1404 3321 1748 3387 autographi,
1797 3321 1902 3370 alio
1952 3337 2195 3370 sermone
2244 3326 2478 3370 exarata.
2543 3323 2888 3388 Quapropter
2929 3325 3080 3373 sicut

570 3410 757 3459 Versio
796 3407 977 3472 aliqua
1014 3407 1101 3456 vel
1128 3406 1299 3457 solum
1322 3409 1377 3455 in
1405 3407 1798 3470 essentialibus,
1835 3407 1922 3456 vel
1960 3425 2054 3473 per
2080 3410 2259 3458 omnia
2297 3409 2586 3474 archetypo
2625 3411 2918 3460 conformis
2961 3426 3086 3460 esse

570 3497 794 3561 poterit3
845 3494 1033 3544 eadem
1078 3495 1283 3544 ratione
1324 3494 1696 3556 „authentica“
1749 3511 1961 3561 quoque
2011 3497 2126 3545 erit.
2191 3494 2439 3544 Ceterum
2487 3497 2698 3561 integra
2742 3502 2794 3546 et
2832 3499 3084 3561 genuina

573 3599 691 3632 esse
736 3587 919 3648 posset
968 3580 1149 3646 aliqua
1192 3582 1380 3642 editio,
1430 3582 1559 3646 quin
1604 3585 1892 3646 propterea
1935 3581 2175 3646 legentes
2216 3582 2281 3631 de
2319 3582 2598 3632 authentia
2635 3584 2750 3632 eius
2787 3585 3084 3634 convince-

573 3674 773 3720 rentur.
819 3668 965 3718 Talis
1003 3670 1267 3734 scriptura
1302 3683 1561 3718 summum
1588 3669 1920 3719 certitudinis
1957 3669 2181 3734 gradum
2211 3673 2640 3734 consequeretur,
2678 3671 2723 3718 si
2761 3670 2994 3735 publica
3033 3676 3087 3720 et

586 3771 825 3822 congrua
861 3755 1177 3805 auctoritate
1213 3753 1382 3803 veluti
1422 3756 1875 3816 „authentica“
1917 3754 2232 3806 declaratur.
2286 3756 2404 3817 Quo
2441 3757 2498 3804 in
2527 3771 2658 3806 casu
2697 3757 3087 3807 authentici

576 3844 761 3908 scripti
786 3844 1047 3892 accrescit
1071 3841 1433 3890 testimonium
1457 3842 1578 3906 plus
1607 3843 1850 3892 minusve
1875 3857 2052 3907 grave,
2072 3842 2258 3893 habita
2281 3843 2490 3892 ratione
2514 3843 2796 3908 potestatis
2817 3849 2874 3892 et
2893 3849 3087 3894 aucto-

574 3931 747 3980 ritatis
775 3929 1035 3979 eiusmodi
1058 3928 1355 3978 tribunalis.
1394 3929 1513 3978 Hoc
1539 3931 1716 3995 ipsum
1743 3929 1979 3979 tribunal
2003 3931 2048 3980 si
2073 3930 2312 3995 periculo
2340 3931 2531 3980 erroris
2558 3936 2780 3992 careret,
2809 3931 3089 3980 authen-

575 4018 671 4066 tia
725 4017 1019 4081 scripturae
1072 4015 1141 4064 ad
1198 4029 1499 4064 summum
1554 4016 1986 4066 certitudinis
2042 4016 2322 4081 gradum
2377 4015 2704 4065 eveheretur.
2781 4017 2820 4080 3)
2874 4018 3088 4077 Quodsi

578 4105 637 4153 P.
678 4101 849 4170 Sarpi,
899 4103 1093 4152 Istoria
1143 4101 1230 4150 del
1280 4100 1519 4151 Concilio
1570 4102 1908 4164 Tridentino,
1957 4102 1992 4150 l.
2030 4102 2100 4152 ΙΙ.
2138 4102 2364 4151 Helmst.
2406 4104 2556 4151 1761.
2605 4103 2647 4165 I,
2688 4104 2804 4151 144.
2855 4111 3078 4154 narrat:

576 4195 787 4240 exteros
824 4190 1188 4254 obstupuisse,
1228 4205 1334 4254 quo
1375 4195 1533 4254 pacto
1574 4193 1874 4238 conventus
1912 4191 1943 4238 5
1982 4188 2370 4250 Cardinalium,
2411 4191 2477 4239 48
2513 4191 2912 4255 Episcoporum
2955 4191 3087 4240 defi-

574 4278 731 4327 nierit
766 4277 869 4326 hoc
917 4277 1245 4341 potissimum
1284 4275 1500 4340 dogma,
1550 4291 1654 4341 quo
1695 4276 1999 4325 decernitur
2035 4276 2348 4325 authentica
2386 4275 2652 4341 quaedam
2688 4279 2868 4326 versio
2910 4293 2946 4326 a
2984 4294 3084 4328 suo

576 4364 815 4428 exemplo
843 4363 1181 4428 discrepans:
1207 4362 1637 4412 cavillationibus
1680 4361 1997 4426 „Svavis“,
2035 4367 2095 4413 ut
2119 4379 2176 4413 se
2199 4365 2375 4425 ipsum
2413 4365 2828 4427 cognominavit,
2871 4365 3084 4415 erudite

574 4451 851 4516 respondit
886 4451 944 4498 P.
984 4449 1180 4500 Sfortia
1217 4449 1595 4511 Pallavicinus,
1634 4447 1687 4498 8.
1723 4450 1774 4499 J.
1813 4467 1864 4516 p.
1905 4451 1958 4500 8.
1983 4451 2045 4499 R.
2083 4450 2148 4499 Ε.
2188 4449 2246 4499 C.
2285 4450 2362 4511 Ρ.,
2401 4450 2545 4498 Vera
2579 4449 2811 4500 Concilii
2849 4452 3084 4502 Triden-

576 4538 673 4586 tini
707 4537 950 4586 Historia
984 4537 1077 4586 VI.
1118 4538 1197 4598 17,
1230 4538 1310 4586 13.
1350 4535 1431 4584 ed.
1469 4535 1624 4585 Antv.
1654 4537 1805 4586 1673.
1843 4553 1895 4601 p.
1925 4539 2040 4586 119.
2107 4536 2386 4598 „Profecto
2431 4537 2735 4601 petulantia
2771 4537 2964 4590 livoris
3003 4545 3087 4589 est

576 4623 721 4674 illius
771 4637 1053 4674 consessus
1092 4624 1231 4673 viros
1270 4623 1595 4687 deprimere.
1620 4659 1631 4672 .
1654 4659 1667 4672 .
1689 4659 1702 4672 .
1750 4623 2138 4690 Fungebantur
2179 4637 2398 4672 munere
2435 4623 2819 4676 consultorum
2857 4631 2987 4676 tunc
3023 4628 3084 4677 in
