3309 5300
1088 411 1223 461 Super
1250 411 1418 451 ratione
1445 411 1608 451 Textus
1637 411 1686 450 Α.
1719 412 1766 451 F.
1795 412 1960 452 critica.
2647 402 2764 464 101

487 585 754 636 Adhibitis
792 587 1064 636 codicibus
1110 587 1481 650 manuscriptis
1516 585 1939 650 Erfurtensibus,
1991 587 2248 637 consultis
2297 589 2768 652 praestantissimis

302 672 619 733 editionibus,
658 687 727 721 ac
764 673 1133 722 Hebraeorum
1168 673 1348 738 petitis
1386 674 1579 722 criticis
1618 674 2071 737 annotationibus,
2109 691 2138 722 e
2176 674 2530 739 typographia
2563 675 2767 739 Orpha-

302 759 561 824 notrophei
607 759 868 808 Halensis
904 758 1177 824 prodierat
1213 774 1246 808 a
1284 761 1433 809 1720.
1474 759 1710 808 diuturni
1745 760 2104 826 indefessique
2140 761 2340 811 laboris
2385 776 2548 825 opus:
2599 761 2649 811 J.
2697 762 2766 810 H.

301 845 657 906 Michaelis,
697 845 878 894 Biblia
914 846 1200 906 Hebraica‚
1239 844 1494 910 singulari
1532 845 1708 895 studio
1747 846 2027 910 diligenter
2061 848 2342 896 recensita.
2392 847 2545 896 Haec
2569 848 2767 896 Biblio-

300 949 399 984 rum
434 931 609 992 editio,
652 932 709 979 in
749 947 857 996 qua
891 931 1247 982 masorethica
1282 933 1481 981 Textus
1519 933 1740 982 hebraei
1775 935 2014 983 recensio
2055 934 2453 983 accuratissime
2490 935 2768 999 recognita

301 1026 395 1082 est3
438 1018 723 1081 largiorem
763 1018 918 1068 simul
954 1019 1261 1083 suppeditat
1294 1020 1811 1084 instructioremque,
1851 1034 2010 1084 quam
2047 1024 2171 1068 ante
2209 1035 2326 1069 eam
2362 1020 2490 1083 ulla,
2529 1022 2769 1070 criticam

298 1106 417 1155 varii
462 1105 673 1167 generis
725 1104 1169 1169 suppellectilem,
1208 1110 1261 1154 et
1295 1105 1441 1154 illam
1480 1107 1690 1170 quidem
1727 1107 1804 1155 ita
1840 1106 2124 1170 digestam:
2174 1111 2234 1155 ut
2278 1107 2479 1156 selectu
2525 1108 2768 1156 instituto

298 1193 533 1241 lectiones
570 1190 849 1239 variantes
886 1193 1102 1240 maioris
1138 1193 1389 1239 momenti
1431 1192 1487 1239 in
1526 1193 1633 1241 oris
1670 1193 1986 1257 paginarum
2021 1193 2433 1256 conspiciant-ur.
2490 1192 2569 1242 Cf.
2611 1192 2668 1242 C.
2710 1192 2768 1242 C.

298 1278 529 1341 Knappii,
579 1275 707 1324 diss.
748 1276 814 1325 de
855 1277 1174 1327 editionibus
1211 1278 1505 1326 Bibliorum
1542 1278 1887 1340 Halensibus,
1939 1279 1994 1327 in
2031 1280 2241 1344 scriptis
2278 1281 2414 1328 varii
2451 1281 2764 1345 argumenti,

299 1384 343 1430 p.
376 1365 485 1413 692.
520 1379 561 1412 s.
602 1361 730 1411 Chr.
767 1365 1087 1413 Reinecii
1125 1369 1179 1412 et
1213 1364 1265 1413 J.
1304 1363 1595 1413 Simonis
1637 1364 1850 1414 Codicis
1887 1364 2106 1415 hebraei
2143 1366 2402 1416 editiones
2439 1367 2586 1432 Lips.
2616 1368 2766 1417 1725.

296 1450 405 1500 Hal.
443 1451 610 1510 1752„
664 1454 722 1498 et
756 1451 969 1515 saepius
1017 1451 1246 1500 tironum
1289 1451 1410 1500 usui
1446 1451 1898 1514 accommodatae,
1945 1451 2122 1500 nullas
2161 1451 2390 1502 Criticae
2428 1455 2768 1502 accessiones

299 1538 529 1588 tulerunt.
578 1535 905 1586 Tentamina
939 1537 991 1586 J.
1029 1537 1099 1586 H.
1136 1536 1413 1586 Michaelis
1452 1542 1766 1602 prosecutus
1805 1537 1862 1586 C.
1893 1538 1955 1588 F.
1993 1538 2406 1603 Houbigant,
2447 1538 2640 1603 Congr.
2679 1540 2768 1588 Or.

298 1626 373 1673 Pr.
404 1638 451 1672 a.
480 1624 631 1671 1746.
672 1625 889 1688 scripsit
924 1623 1303 1688 prolegomena
1338 1624 1393 1672 in
1431 1622 1484 1672 S.
1512 1622 1583 1686 S„
1620 1626 1815 1688 quibus
1851 1626 2182 1689 propositum
2221 1625 2285 1674 de
2325 1624 2530 1675 edendo
2571 1624 2770 1674 Codice

298 1711 530 1759 Hebraeo
580 1711 1017 1759 communicaret.
1092 1709 1289 1758 Secuta
1330 1714 1411 1759 est
1448 1724 1588 1759 anno
1628 1713 1779 1760 1753.
1818 1710 1977 1760 editio
2015 1713 2276 1776 promissa
2309 1711 2603 1760 Bibliorum
2639 1712 2764 1761 Lut.

298 1798 449 1846 Paris.
478 1797 635 1844 tomis
660 1797 713 1846 4.
740 1796 797 1845 in
821 1797 856 1845 f.
892 1796 1171 1858 splendida
1202 1801 1255 1845 et
1279 1796 1456 1860 quoad
1481 1801 1754 1846 externam
1779 1797 2002 1846 formam
2027 1798 2500 1861 praestantissima,
2535 1814 2672 1862 quae
2701 1799 2770 1848 ad

300 1883 567 1932 editionem
591 1882 997 1947 Hooghtianam
1018 1884 1098 1932 ita
1124 1887 1206 1932 est
1230 1884 1520 1947 exscripta:
1556 1887 1616 1932 ut
1640 1883 1971 1932 solummodo
1996 1887 2201 1932 tantum
2227 1885 2357 1933 vitia
2383 1885 2770 1948 typographica

303 1969 567 2019 emendata
604 1970 731 2018 sint.
794 1969 1071 2018 Accedunt
1105 1970 1269 2032 Libri,
1322 1968 1515 2018 Graeci
1565 1970 1658 2033 qui
1701 1969 1990 2022 deutero
2031 1999 2096 2006 ——
2136 1972 2459 2020 canonici
2495 1976 2770 2020 vocantur.

300 2055 503 2104 Punctis
542 2055 719 2104 editor
753 2055 1031 2105 vocalibus
1069 2054 1200 2104 nihil
1235 2055 1437 2117 tribuit,
1486 2055 1611 2103 hinc
1658 2055 1754 2104 illa
1800 2055 1961 2120 plane
2008 2057 2282 2105 eliminata
2329 2062 2476 2121 sunt3
2527 2057 2769 2106 adiectae

300 2147 409 2193 sunt
452 2143 671 2191 criticae
719 2147 896 2205 notae,
944 2143 1138 2207 quibus
1186 2141 1353 2190 multa
1388 2142 1589 2190 Textus
1639 2141 1859 2190 hebraei
1905 2141 2028 2190 loca
2070 2142 2353 2191 emendare
2391 2147 2615 2193 conatus
2669 2149 2763 2205 est,

299 2234 357 2278 ut
390 2229 635 2277 dicitur
674 2229 755 2278 ad
791 2229 1073 2278 codices
1108 2243 1267 2290 mss„
1320 2243 1349 2276 e
1386 2227 1714 2277 bibliotheca
1749 2229 1899 2292 regia
1934 2229 2204 2292 Parisina3
2251 2229 2346 2278 sed
2385 2230 2476 2294 qui
2513 2230 2768 2294 qualesve

299 2316 511 2364 fuerint?
544 2315 800 2380 ignorare
839 2315 1007 2364 editor
1031 2315 1301 2379 permittit.
1350 2314 1549 2363 Addita
1573 2319 1654 2363 est
1679 2330 1835 2378 porro
1873 2315 2047 2364 versio
2073 2315 2242 2364 latina
2277 2316 2346 2364 ad
2370 2321 2527 2365 notas
2559 2318 2768 2366 criticas

301 2402 638 2465 Houbigantii
677 2401 836 2450 facta.
889 2400 967 2450 Cf.
996 2400 1119 2450 Seb.
1146 2401 1330 2462 Rawii‚
1369 2401 1639 2464 specimen
1677 2401 2110 2450 observationum
2147 2401 2216 2450 ad
2253 2401 2312 2450 C.
2337 2402 2425 2451 Fr.
2456 2403 2772 2466 Houbigant

303 2488 359 2536 Ο.
382 2489 443 2536 D.
480 2487 532 2537 J.
562 2486 617 2537 S.
659 2488 955 2552 Prolegom.
992 2489 1048 2536 in
1086 2487 1139 2536 S.
1179 2487 1230 2536 S.
1268 2487 1411 2536 Trai.
1450 2486 1520 2536 ad
1554 2487 1653 2536 Rh.
1696 2489 1846 2536 1761.
1895 2487 1980 2536 Εἰ.
2011 2488 2246 2536 Exercit.
2283 2488 2382 2537 III.
2421 2487 2542 2537 adV.
2582 2488 2640 2537 C.
2678 2490 2794 2537 Fr.-

302 2575 603 2639 Houbigant
626 2575 839 2639 Proleg.
868 2573 919 2624 S.
946 2573 998 2623 S.
1027 2575 1191 2623 Amst.
1220 2576 1370 2623 1761.
1420 2573 1696 2623 Lubenter
1732 2574 1959 2623 fatemur
1982 2575 2405 2639 Houbigantium
2429 2575 2495 2624 de
2519 2575 2770 2625 Ecclesia

300 2662 422 2711 bene
444 2662 689 2711 merendi
726 2662 901 2712 studio
928 2662 1067 2711 hanc
1092 2662 1437 2726 provinciam
1460 2662 1696 2710 criticam
1733 2662 2048 2725 suscepisse,
2089 2665 2250 2726 atque
2287 2662 2422 2712 adeo
2459 2678 2569 2712 non
2593 2664 2688 2712 abs
2715 2679 2772 2711 re

302 2748 813 2798 munificentiam
850 2748 1052 2797 Summi
1074 2746 1351 2797 Pontificis
1387 2747 1740 2796 Benedicti
1763 2748 1906 2799 XIV.
1935 2753 2212 2812 expertum
2238 2764 2369 2798 esse.
2419 2748 2525 2798 Sed
2550 2765 2616 2798 ne
2644 2750 2772 2813 quid

306 2836 715 2885 dissimulemus:
753 2835 925 2884 editor
949 2850 1083 2899 opus
1120 2850 1273 2883 suum
1308 2848 1503 2898 magna
1529 2835 1952 2883 coniecturarum
1977 2834 2204 2884 audacia
2229 2836 2285 2883 in
2309 2835 2482 2884 lucem
2507 2837 2770 2900 produxit.

301 2922 643 2987 Conqueritur
679 2926 828 2971 tanta
862 2922 1071 2970 incuria
1108 2920 1359 2969 Codicem
1386 2920 1607 2971 Sacrum
1645 2921 1844 2971 editum
1882 2936 2014 2982 esse,
2055 2926 2258 2985 quanta
2293 2924 2382 2970 vix
2419 2921 2562 2972 ullus
2601 2922 2769 2971 codex

304 3010 386 3073 qui
434 3009 533 3057 fuit
587 3008 976 3074 typographiae
1030 3007 1151 3056 luce
1206 3007 1599 3057 cohonestatus.
1672 3008 1735 3056 In
1789 3008 2180 3072 prolegomenis
2229 3008 2280 3069 Ι,
2335 3010 2556 3057 1-191.
2608 3009 2771 3057 duces

300 3096 346 3145 J.
378 3096 644 3144 Morinum
682 3100 735 3144 et
769 3097 830 3144 L.
870 3093 1146 3158 Capellum
1196 3098 1427 3155 secutus,
1475 3094 1531 3142 id
1578 3094 1940 3143 demonstrare
1992 3094 2196 3144 studet:
2244 3096 2570 3143 maiorem
2619 3112 2771 3144 esse

301 3182 734 3231 Pentateuchi
770 3178 1219 3245 “Samaritani
1283 3185 1345 3229 et
1403 3181 1712 3229 Veterum
1769 3181 2158 3230 Versionum
2231 3181 2770 3241 auctoritatem,

301 3284 471 3333 quam
508 3268 828 3317 Codicum
862 3268 1349 3330 hebraicorum3
1389 3267 1453 3315 de
1492 3268 1684 3331 quibus
1712 3267 1840 3316 dicit
1863 3268 1934 3317 ib.
1959 3284 2011 3332 p.
2038 3268 2086 3315 4.
2129 3271 2373 3327 „constat
2405 3267 2550 3333 apud
2588 3283 2770 3317 omnes

299 3355 495 3405 illarum
549 3371 729 3405 rerum
782 3356 1003 3420 peritos,
1061 3354 1164 3403 hac
1218 3358 1402 3405 nostra
1456 3358 1633 3403 aetate
1696 3354 2001 3403 hebraicum
2058 3353 2296 3403 codicem
2350 3370 2630 3419 superesse
2683 3356 2771 3402 vix

302 3443 454 3491 ullum
489 3442 761 3491 sexcentis
800 3442 953 3490 annis
989 3442 1381 3490 vetustiorem.“
1444 3440 1655 3489 Deinde
1691 3440 1785 3488 ubi
1823 3440 1887 3489 de
1924 3440 2256 3489 variantibus
2292 3440 2628 3501 lectionibus,
2679 3447 2773 3489 aut

306 3529 626 3579 emendando
658 3531 807 3577 textu
832 3529 1025 3593 agitur,
1063 3528 1281 3577 dubium
1316 3531 1511 3589 manet,
1538 3543 1734 3576 numne
1760 3527 2157 3591 Houbigantius
2183 3525 2425 3575 codicum
2457 3528 2772 3577 auctoritate

302 3622 481 3678 utatur,
538 3631 611 3665 an
664 3631 792 3665 vero
848 3630 985 3679 quae
1038 3616 1094 3663 in
1148 3614 1375 3663 medium
1430 3614 1631 3679 profert
1687 3630 1716 3662 e
1762 3615 1978 3679 propria
2032 3613 2248 3662 editoris
2303 3615 2614 3663 coniectura
2665 3614 2772 3662 sint

302 3702 563 3767 profecta?
602 3700 737 3750 Cum
770 3701 951 3750 taliter
975 3700 1371 3765 Houbigantius
1410 3698 1686 3749 audaciter
1718 3701 1775 3749 in
1809 3700 2130 3749 coniecturis
2155 3699 2473 3748 medicinam
2511 3715 2552 3748 s,
2579 3701 2772 3749 Textui

302 3793 587 3853 quaereret,
624 3788 811 3836 merito
851 3789 1109 3853 carpitur3
1158 3786 1214 3835 id
1248 3802 1375 3836 vero
1415 3786 1604 3849 effecit,
1642 3786 1787 3851 quod
1822 3786 2002 3850 plures
2041 3786 2273 3835 eruditos
2312 3787 2379 3835 ad
2417 3786 2768 3835 conferendos

303 3875 498 3924 codices
546 3876 934 3939 manuscriptos
986 3890 1083 3923 suo
1134 3872 1374 3938 exemplo
1424 3874 1695 3922 excitaret.
1771 3871 1852 3921 Cf.
1894 3871 1951 3920 C.
1990 3872 2111 3921 Chr.
2148 3871 2328 3934 Kallii,
2379 3873 2562 3921 Prodr.
2602 3888 2770 3921 exam.

302 3964 405 4009 crit.
429 3962 762 4025 Houbigant.
798 3962 854 4009 in
881 3959 1011 4009 Cod.
1051 3960 1101 4008 h.
1138 3960 1315 4009 Havn.
1346 3961 1495 4008 1763.
1543 3958 1807 4007 Feliciore
1845 3974 1966 4007 cum
2002 3973 2256 4008 successu
2293 3959 2512 4008 editioni
2550 3960 2768 4008 criticae

304 4049 533 4097 incubuit
579 4047 925 4095 Beniaminus
969 4047 1319 4108 Kenioott,
1373 4047 1596 4110 scriptor
1642 4045 1766 4093 libri
1814 4045 1934 4106 „the
1971 4049 2108 4095 state
2147 4045 2207 4093 of
2239 4044 2326 4095 the
2371 4045 2582 4111 printed
2617 4046 2764 4095 hebr.

300 4135 424 4184 Text
449 4134 813 4185 considered.“
856 4133 1077 4183 Oxford.
1109 4135 1284 4196 1753.;
1322 4135 1420 4182 iste
1451 4132 1664 4197 quidem
1701 4133 1944 4181 adhibita
1978 4134 2244 4182 sociorum
2281 4148 2382 4197 ope
2410 4160 2476 4169 ——
2501 4134 2638 4181 inter
2673 4132 2770 4181 hos

301 4221 617 4270 celeberrimi
652 4222 711 4269 P.
736 4220 788 4269 J.
812 4220 1023 4277 Bruns
1049 4247 1115 4256 ——
1140 4235 1235 4284 per
1258 4220 1435 4268 varias
1470 4233 1698 4284 magnae
1734 4218 2044 4267 Britanniae
2083 4224 2135 4267 et
2171 4219 2455 4268 multarum
2491 4220 2767 4283 regionum

300 4307 641 4357 bibliothecas
688 4323 717 4356 e
754 4306 1028 4357 codicibus
1079 4312 1131 4355 et
1176 4306 1501 4355 editionibus
1547 4306 1828 4367 hebraicis,
1877 4304 2091 4354 insimul
2141 4307 2276 4366 694„
2321 4304 2582 4354 infinitam
2629 4305 2768 4352 vari-

302 4396 492 4443 antium
536 4394 824 4443 lectionum
874 4394 1081 4457 copiam
1136 4391 1376 4457 collegit,
1434 4407 1566 4457 quas
1613 4407 1722 4441 uno
1770 4396 2062 4457 conspectu
2110 4392 2346 4441 exhibuit
2394 4391 2444 4439 h.
2483 4396 2517 4439 t.
2570 4391 2769 4451 „Vetus

302 4481 689 4530 Testamentum
732 4480 1042 4529 hebraicum
1088 4496 1207 4528 cum
1252 4480 1412 4529 variis
1448 4479 1846 4527 Lectionibus.“
1909 4479 1972 4528 Τ.
2007 4478 2050 4528 Ι.
2091 4478 2261 4527 Oxon.
2302 4479 2452 4527 1776.
2489 4477 2550 4526 Τ.
2587 4478 2659 4526 11.
2696 4478 2768 4526 ib.

306 4568 443 4617 1780.
514 4568 688 4617 Erant
734 4568 825 4631 qui
860 4567 1164 4629 Kenicotto,
1211 4567 1326 4615 viro
1374 4568 1419 4615 si
1466 4568 1583 4631 quis
1634 4566 1777 4615 omni
1823 4565 2178 4616 subsidiorum
2225 4565 2525 4613 criticorum
2573 4580 2770 4629 genere
