3309 5300
1208 410 1271 459 1³0
1298 414 1581 461 venientu„
1606 414 1792 459 rauna.
2615 403 2755 473 221.

246 600 617 665 meruerunt,
674 614 861 674 neque
902 598 977 655 ab
1006 597 1267 655 Ecclesia
1294 600 1615 674 approbata
1644 604 1802 671 sunt,
1859 598 2082 674 privati
2126 599 2530 656 tantummodo
2575 618 2741 657 man-

248 704 457 757 serunt
485 720 643 758 usus.
678 701 969 777 Nuspiam
996 703 1216 780 ubique
1247 702 1565 761 valuerunt
1594 704 1967 772 correctoria;
1999 704 2097 761 sed
2127 704 2296 761 modo
2327 703 2391 760 in
2422 702 2534 772 his,
2571 704 2740 761 modo

248 805 315 861 in
348 804 487 861 aliis
514 804 657 863 locis
666 827 683 875 3
736 807 879 863 hinc
907 806 1127 864 mansit
1157 806 1263 863 illa
1293 806 1498 881 ingens
1528 808 1793 865 codicum
1824 808 2148 865 latinorum
2177 808 2506 865 diversitas.
2567 806 2738 864 Unde

246 908 613 966 Laurentius
660 910 866 968 Valla
902 929 1049 967 saec.
1080 910 1219 968 XV.
1253 932 1455 969 rursus
1497 931 1712 969 novam
1757 911 2157 969 collectionem
2197 912 2648 969 annotationum
2677 912 2743 968 in

243 1016 585 1071 versionem
626 1016 873 1073 latinam
923 1015 1037 1072 sibi
1080 1016 1509 1092 suscipiendam
1540 1035 1660 1073 esse
1689 1016 1926 1091 putavit
1951 1013 1990 1073 ¹.
2053 1015 2395 1073 Versionem
2448 1014 2740 1089 Vulgatae

242 1119 480 1177 mendis
508 1118 775 1177 laborare
805 1120 1006 1177 docuit
1032 1121 1213 1177 etiam
1244 1120 1522 1177 Nicolaus
1551 1120 1868 1177 Liranus
1885 1115 1928 1177 ².

460 1222 771 1280 Codicibus
833 1243 967 1280 mss.
1024 1224 1293 1299 proxime
1360 1224 1610 1282 inventa
1671 1228 1798 1281 arte
1859 1222 2286 1299 typographica
2345 1230 2745 1283 successerunt

241 1326 499 1383 Biblia
538 1328 739 1403 typis
776 1328 1171 1403 descripta,
1226 1329 1440 1405 quibus
1479 1330 1545 1385 in
1585 1348 1649 1385 re
1698 1328 1907 1385 critica
1935 1332 2297 1385 momentum
2328 1329 2606 1404 competit
2634 1331 2742 1387 vix

242 1432 775 1501 contemnendum3
830 1451 867 1489 a
910 1432 1077 1489 libris
1120 1433 1421 1490 enimvero
1464 1452 1646 1490 manu
1692 1433 1950 1489 exaratis
2001 1431 2296 1503 derivata,
2346 1434 2525 1490 bonas
2577 1453 2744 1508 saepe

243 1537 709 1593 subministrant
738 1536 1011 1593 lectiones
1032 1534 1074 1593 3.
1122 1536 1267 1594 Cum
1297 1556 1436 1595 vero
1466 1529 1625 1594 inter
1654 1536 1808 1611 ipsos
1839 1537 1896 1593 S.
1923 1535 2253 1595 Bibliorum
2283 1537 2502 1594 codices
2534 1556 2742 1594 manu-

244 1638 501 1715 scriptos
534 1644 703 1697 tanta
733 1641 1119 1697 intercederet
1149 1640 1465 1698 lectionum
1495 1640 1823 1710 diversitas,
1873 1641 2000 1714 ipsa
2030 1641 2188 1715 typis
2218 1640 2514 1716 exscripta
2542 1660 2742 1699 exem-

246 1743 440 1817 plaria
471 1764 592 1802 non
626 1764 661 1801 a
689 1764 749 1801 se
778 1744 1037 1802 invicem
1067 1744 1375 1801 dissentire
1406 1762 1525 1801 non
1554 1749 1892 1819 potuerunt.
1939 1743 2118 1802 Haud
2149 1763 2359 1819 parum
2389 1765 2526 1802 sane
2556 1750 2744 1803 artem

250 1850 748 1925 typographicam
778 1848 1166 1923 recognitioni
1189 1848 1477 1922 Vulgatae
1501 1848 1711 1906 utilem
1732 1848 1910 1906 fuisse
1933 1867 2102 1906 nemo
2124 1849 2383 1922 negabit.
2425 1850 2746 1908 Laudanda

246 1952 603 2027 cumprimis
636 1972 813 2028 opera
842 1958 901 2010 et
930 1952 1094 2011 labor
1125 1952 1294 2010 Gard.
1329 1951 1621 2024 Ximenis,
1679 1953 1799 2011 viri
1830 1953 1987 2011 inter
2017 1958 2244 2010 nostros
2274 1955 2524 2011 maximi
2555 1951 2742 2013 nomi*-

473 2264 510 2328 ¹)
549 2263 762 2313 Utimur
816 2262 1047 2313 editione
1095 2264 1147 2313 J.
1184 2262 1337 2313 Revii
1373 2263 1539 2313 Amat.
1580 2266 1730 2313 1630.
1779 2264 1830 2313 1ι.
1868 2268 1904 2313 t.
1953 2264 2016 2313 L.
2055 2263 2270 2326 Vallae,
2323 2264 2388 2314 de
2439 2264 2740 2316 Collatione

247 2350 391 2415 Novi
428 2350 762 2399 Testamenti
797 2350 950 2399 Libri
986 2350 1111 2399 duo.
1173 2350 1451 2411 Quomodo
1487 2349 1591 2399 hoc
1626 2351 1915 2399 instituerit
1951 2366 2102 2416 opus,
2152 2350 2214 2399 L.
2254 2351 2414 2400 Valla
2450 2350 2530 2401 his
2567 2354 2744 2403 verbis

246 2436 455 2503 pandit,
497 2437 633 2487 Coll.
672 2439 727 2487 in
762 2437 952 2487 Matth.
991 2439 1075 2499 27,
1112 2439 1195 2487 22.
1234 2454 1286 2503 p.
1325 2439 1437 2487 39.:
1493 2442 1629 2497 „tres
1669 2438 1881 2486 codices
1930 2437 2125 2487 latinos
2164 2442 2219 2487 et
2253 2438 2471 2487 totidem
2510 2437 2744 2489 Graecos

246 2523 445 2586 habeo,
486 2540 606 2573 cum
641 2524 776 2573 haec
814 2539 1103 2589 compono;
1155 2528 1209 2573 et
1253 2538 1637 2589 nonnunquam
1686 2524 1822 2573 alios
1861 2524 2072 2573 codices
2110 2524 2381 2574 consulo.“
2447 2526 2622 2577 Huius
2661 2528 2745 2576 sui

249 2611 489 2661 instituti
525 2611 736 2662 interim
774 2612 951 2662 statim
988 2610 1327 2662 adversarios
1366 2615 1611 2677 expertus
1662 2615 1742 2660 est
1777 2611 2050 2677 Pogium
2085 2610 2538 2662 Florentinum
2587 2618 2745 2679 atque

247 2687 624 2748 Antonium
670 2699 1252 2747 Panormitanum.
1298 2697 1378 2747 Ib.
1436 2713 1487 2762 p.
1538 2700 1656 2746 214.
1707 2715 1747 2748 s.
1822 2698 1862 2762 2)
1901 2698 2111 2764 Proleg.
2169 2715 2275 2748 sec.
2334 2700 2399 2749 de
2453 2701 2745 2750 intentione

248 2787 489 2835 auctoris
545 2791 599 2836 et
652 2784 809 2835 modo
864 2785 1203 2850 procedendi.
1262 2784 1363 2850 Op.
1415 2785 1496 2834 ed.
1546 2785 1719 2835 Duae.
1772 2785 1922 2836 1617.
1969 2785 2023 2849 1,
2073 2785 2110 2834 f.
2148 2788 2198 2835 2.
2247 2801 2294 2835 c.
2330 2787 2400 2836 ΙΙ.
2474 2787 2516 2851 ³)
2565 2789 2746 2838 Artem

246 2871 699 2937 typographicam
757 2877 1000 2922 recenter
1056 2873 1354 2934 inventam,
1414 2872 1515 2920 viri
1576 2872 1668 2937 qui
1727 2871 1873 2921 illam
1933 2872 2282 2922 excoluerunt
2342 2873 2454 2923 fere
2515 2875 2748 2924 omnium

247 2959 425 3023 primo
473 2958 528 3008 S.
568 2957 756 3008 Bibliis
807 2957 1025 3008 edendis
1076 2963 1471 3008 consecrarunt.
1534 2959 1700 3008 Varia
1743 2964 1988 3023 prostant
2035 2958 2387 3024 exemplaria,
2443 2975 2581 3026 quae
2630 2962 2746 3011 sine

246 3044 363 3094 loci
400 3049 453 3094 et
490 3045 618 3094 anni
655 3049 784 3094 nota
824 3045 1092 3110 prodiere,
1141 3044 1212 3094 ad
1246 3045 1366 3109 ipsa
1414 3049 1594 3094 tamen
1640 3043 2026 3110 typographiae
2074 3046 2404 3095 incunabula
2450 3047 2746 3097 referenda.

246 3131 496 3181 Ttadunt
519 3132 621 3180 viri
656 3130 849 3181 eruditi
884 3132 1108 3196 primum
1145 3131 1337 3181 librum
1375 3147 1628 3181 excusum
1663 3131 1828 3181 fuisse
1863 3131 2086 3181 latinam
2110 3131 2403 3182 Bibliorum
2428 3134 2746 3185 Versionem

247 3218 659 3284 Bambergae
708 3220 775 3269 ab
826 3233 874 3273 a.
915 3220 1203 3269 1453-55.
1251 3219 1319 3268 ab
1357 3219 1647 3268 Adalberto
1699 3219 1990 3269 Pfistero
2031 3247 2096 3256 -—
2137 3220 2203 3269 cf.
2248 3220 2308 3269 P.
2345 3220 2424 3270 Pl.
2465 3220 2746 3286 Spreng'er,

249 3305 448 3356 alteste
502 3305 1192 3372 Buchdruckergeschichte
1241 3321 1349 3355 von
1403 3305 1686 3372 Bamberg.
1747 3305 1950 3356 Niirnb.
1992 3308 2142 3356 1801.
2193 3322 2244 3372 p.
2283 3309 2364 3356 25.
2403 3323 2444 3357 s.
2485 3335 2550 3343 —
2589 3323 2748 3375 quam

254 3398 449 3442 secuta
485 3397 567 3443 est
604 3393 761 3442 editio
803 3394 953 3466 1462.
1008 3409 1105 3458 per
1148 3392 1464 3444 Fustium
1501 3398 1553 3442 et
1591 3391 2078 3443 Schoefferum
2114 3393 2526 3460 Moguntina
2561 3397 2747 3459 prima,

252 3483 445 3529 notato
480 3480 539 3528 in
574 3479 731 3529 titulo
768 3495 926 3541 anno,
963 3480 1083 3529 loco
1122 3484 1176 3529 et
1212 3479 1559 3545 typographo,
1608 3479 1712 3529 hac
1749 3478 2066 3546 epigraphe:
2115 3481 2342 3530 Presens
2379 3481 2480 3530 hoc
2519 3496 2746 3547 opuscu-

252 3565 371 3615 lum
414 3565 773 3616 Artificiosum
827 3566 1207 3616 adinventione
1256 3567 1589 3632 imprimendi
1637 3582 1735 3617 seu
1790 3567 2228 3618 caracterizandi.
2287 3567 2509 3633 Absque
2557 3568 2750 3618 calami

255 3653 571 3702 exaratione
631 3654 686 3701 in
747 3654 959 3703 civitate
1019 3654 1316 3718 Moguntin.
1380 3668 1476 3702 seu
1536 3652 1828 3718 effigiatum
1890 3658 1943 3702 et
1997 3653 2067 3703 ad
2123 3655 2399 3706 eusebiam
2453 3655 2538 3704 dei
2597 3656 2749 3705 indu-

253 3740 417 3788 striae
454 3755 553 3804 per
588 3737 890 3789 Johannem
925 3739 1063 3789 Fust
1112 3740 1281 3788 civem
1319 3745 1373 3788 et
1406 3740 1623 3789 Petrum
1662 3737 1958 3790 Schoiffher
1995 3740 2060 3790 de
2100 3738 2448 3805 Gems'heym
2485 3740 2748 3791 Clericum

254 3823 491 3876 dioeces.
554 3826 790 3874 eiusdem
850 3830 931 3876 est
1002 3830 1387 3876 consumatum.
1464 3826 1621 3875 Anno
1681 3826 1897 3876 Domini
1959 3825 2368 3877 MCCCCLXII.
2442 3829 2507 3876 In
2564 3827 2750 3894 vigilia

258 3913 651 3977 assumpcionis
678 3913 897 3977 virginis
922 3914 1088 3962 marie
1114 3915 1161 3961 2.
1188 3929 1239 3962 v.
1265 3911 1355 3962 fol.
1406 3911 1571 3962 Plura
1606 3913 1700 3977 qui
1724 3913 1790 3962 de
1825 3913 1909 3962 his
1935 3914 2203 3965 desiderat
2237 3915 2424 3964 adeat:
2472 3914 2553 3964 Le
2577 3914 2750 3980 Long‚

257 3998 513 4048 Biblioth.
552 4016 595 4049 s.
636 3998 715 4048 ed.
753 3999 957 4049 Masch.
994 4000 1065 4049 11.
1105 4002 1153 4061 3,
1191 4003 1273 4050 53.
1338 3997 1389 4048 S.
1430 3997 1721 4062 Seemiller,
1760 4001 2066 4050 exercitatio
2106 4001 2526 4066 bibliographico
2565 4002 2751 4051 critica

260 4085 326 4135 de
360 4085 651 4136 latinorum
688 4086 987 4137 Bibliorum
1022 4103 1143 4136 cum
1180 4092 1309 4137 nota
1346 4088 1474 4136 anni
1512 4088 1663 4136 1462.
1710 4088 1970 4152 impressa
2018 4087 2219 4152 duplici
2255 4088 2489 4138 editione
2525 4087 2751 4153 Mogun-

258 4173 386 4222 tina.
448 4172 676 4238 Ingolst.
729 4175 879 4224 1785.
952 4174 1004 4223 J.
1056 4173 1123 4224 G.
1173 4173 1491 4236 Schelhorn,
1544 4174 1611 4224 de
1667 4175 2037 4239 antiquissima
2087 4175 2401 4224 Latinorum
2457 4174 2750 4226 Bibliorum

261 4259 497 4309 editione
534 4260 775 4310 diatribe.
812 4261 1005 4311 Ulmae
1045 4263 1196 4312 1760.
1250 4260 1313 4310 G.
1353 4260 1417 4310 G.
1454 4261 1604 4325 Zapf,
1642 4260 1879 4311 Aelteste
1915 4261 2604 4327 Buchdruckergeschichte
2644 4277 2749 4311 von

260 4346 454 4396 Mainz.
492 4346 634 4397 Ulm.
669 4349 818 4398 1790.
844 4364 895 4412 p.
922 4350 1006 4398 23.
1033 4363 1073 4398 s.
1115 4349 1230 4398 123.
1264 4364 1307 4398 s.
1355 4348 1690 4410 Vercellone,
1718 4349 1842 4397 Var.
1866 4347 2014 4398 Lect.
2041 4347 2197 4413 Vulg.
2225 4349 2267 4409 Ι,
2296 4351 2378 4398 96.
2405 4365 2447 4398 s.
2473 4348 2540 4396 H.
2568 4350 2652 4397 22.
2677 4364 2749 4411 s.;

262 4450 417 4498 quem
454 4436 764 4498 ceteroquin
799 4436 972 4484 virum
1009 4435 1469 4500 diligentissimum
1504 4435 1642 4500 fugit
1679 4435 1839 4485 editio
1877 4436 2104 4498 Veneta,
2146 4450 2305 4499 quam
2330 4450 2428 4484 nos
2453 4436 2556 4500 ipsi
2582 4435 2750 4499 possi-

263 4521 474 4571 demus:
530 4520 731 4582 „biblia
780 4523 989 4586 ipressa
1023 4522 1263 4572 venetiis
1312 4537 1408 4586 per
1454 4522 1799 4572 Leonardum
1847 4522 1998 4572 vuild
2047 4522 2114 4573 de
2156 4523 2457 4573 Ratisbona
2505 4523 2750 4587 expensis

262 4607 473 4657 Nicolai
508 4607 576 4658 de
612 4607 951 4662 francfordia.
976 4607 1555 4659 MCGOCLXXVIIL“
1597 4611 1653 4658 in
1678 4609 1769 4658 sol.
1796 4611 1922 4660 min.
