3309 5300
1160 491 1297 545 Leges
1327 492 1483 543 explic.
1514 495 1557 535 S.
1590 494 1853 543 Scripturas.
2618 480 2744 546 305

254 671 711 733 unanimem
788 691 1257 733 consensum
1331 669 1649 732 Patrum
1727 668 2116 752 accipiam
2196 677 2271 731 et
2343 658 2745 755 i‘nterpre-

254 781 530 846 tabor!
579 780 715 846 Sed
757 784 887 844 iam
934 801 1274 866 quousque
1320 779 1429 843 lex
1475 779 1641 843 haec
1691 779 2108 843 extendenda
2154 780 2281 844 sit?
2329 781 2746 865 quandonam

250 894 453 959 liceat
511 916 553 957 a
613 893 678 959 S.
735 893 1042 957 Patribus
1106 891 1478 974 dissentire,
1549 892 2007 978 inquirendum
2070 901 2185 956 est.
2265 891 2330 957 S.
2389 894 2619 959 Patres
2679 897 2746 959 in

252 1006 480 1093 aliqua
524 1015 709 1093 parte
757 1005 823 1070 S.
874 1004 1357 1090 Scripturarum
1405 1004 1801 1091 exponenda
1845 1005 1953 1069 vel
2000 1005 2374 1091 discrepant
2432 1009 2601 1071 inter
2657 1032 2747 1091 se,

254 1119 370 1183 vel
431 1120 880 1201 consentiunt3
944 1120 996 1181 si
1041 1116 1434 1204 discrepant,
1499 1118 1824 1202 integrum
1885 1118 2120 1203 cuique
2184 1120 2323 1201 erit,
2393 1120 2751 1204 quamlibet

256 1255 351 1296 ex
418 1254 648 1297 eorum
723 1232 1057 1295 sententiis
1134 1239 1245 1293 aut
1311 1229 1503 1294 aliam
1574 1230 1915 1315 amplecti,
1985 1232 2106 1293 nisi
2175 1232 2337 1295 ratio
2406 1242 2752 1318 praeterea

256 1345 482 1430 aliqua
528 1346 627 1427 sit,
691 1366 859 1429 quae
923 1366 1121 1408 unam
1176 1366 1334 1428 prae
1391 1342 1517 1406 alia
1562 1344 1750 1427 sequi
1796 1352 2007 1427 cogat.
2088 1341 2158 1407 Si
2205 1354 2424 1409 autem
2473 1368 2745 1412 consen-

254 1459 431 1522 tiunt
458 1459 551 1522 ita
581 1466 821 1539 tamen,
866 1465 940 1520 ut
980 1478 1106 1520 nec
1151 1456 1346 1541 pauci
1392 1456 1521 1519 sint
1567 1476 1693 1519 nec
1733 1454 1992 1519 serioris
2038 1464 2253 1538 notae,
2301 1457 2750 1543 quaerendum

256 1570 533 1635 ulterius
580 1580 711 1634 est:
770 1577 989 1632 utrum
1036 1590 1133 1651 ea,
1184 1589 1352 1652 quae
1398 1568 1932 1652 interpretantur,
1994 1566 2168 1631 dicta
2213 1569 2342 1633 sint
2388 1569 2469 1633 de
2514 1572 2754 1637 rebus

261 1682 480 1747 fidei
530 1691 605 1747 et
650 1704 961 1745 morum
1009 1690 1074 1744 et
1117 1680 1202 1744 ad
1233 1679 1756 1743 aedificationem
1803 1677 2226 1744 doctrinae
2275 1680 2753 1749 christianae

261 1796 747 1881 pertinentium,
817 1817 902 1858 an
960 1793 1203 1857 secus?
1272 1791 1342 1856 Si
1395 1794 1721 1877 posterius
1784 1792 2049 1875 obtinet,
2118 1817 2250 1858 non
2310 1775 2612 1860 vetamur
2671 1798 2753 1862 ab

265 1930 497 1973 eorum
546 1908 869 1973 sententia
916 1905 1277 1971 discedere.
1360 1904 1556 1984 Quod
1616 1914 1837 1969 tamen
1885 1914 2094 1988 caute,
2155 1928 2280 1971 nec
2326 1909 2464 1971 sine
2511 1911 2757 1995 optima

264 2043 466 2086 causa
512 2020 653 2083 fieri
700 2028 990 2105 oportet3
1041 2039 1190 2081 cum
1236 2017 1321 2081 ad
1365 2015 1736 2082 huiusmodi
1783 2040 2044 2104 quoque
2093 2020 2310 2104 capita
2355 2018 2422 2084 S.
2469 2020 2756 2108 Scriptu-

262 2157 485 2198 rarum
545 2141 723 2197 recte
782 2131 1193 2217 explicanda,
1243 2129 1309 2194 S.
1357 2130 1627 2193 Patrum
1681 2153 2038 2195 consensus
2099 2155 2232 2196 non
2275 2131 2422 2197 leve
2469 2156 2758 2200 momen-

262 2257 404 2310 tum
460 2245 721 2309 adferre
770 2244 1008 2327 soleat3
1085 2266 1481 2329 quamquam
1536 2246 1589 2307 si
1644 2244 2059 2307 coniecturae
2107 2268 2191 2308 ex
2236 2255 2510 2331 utraque
2570 2258 2758 2334 parte

266 2381 525 2444 aequae
560 2357 900 2440 ducantur,
947 2380 1051 2421 res
1083 2359 1229 2442 ipsa
1256 2355 1525 2442 flagitat,
1558 2365 1628 2419 ut
1657 2356 2016 2442 praecedat
2047 2380 2096 2421 s.
2130 2358 2342 2422 Patris
2389 2362 2758 2426 auctoritas.

263 2472 683 2535 Praestantia
740 2470 904 2534 haec
968 2470 1353 2555 obsequium
1400 2470 1725 2553 significat
1767 2471 2138 2555 interpretis
2201 2463 2519 2557 catholici,
2585 2473 2762 2559 quod

265 2583 648 2648 Testibus
692 2582 1221 2647 Traditionis
1266 2580 1950 2646 Ecclesiasticae
1997 2581 2292 2667 debetur,
2327 2594 2390 2649 et
2420 2585 2762 2662 Ecclesiae

267 2697 419 2760 filiis
453 2699 749 2782 apprime
785 2698 1101 2781 congruit.
1150 2696 1343 2760 Unde
1376 2695 1523 2779 lege
1556 2718 1755 2781 supra
1787 2697 1983 2760 citata
2014 2705 2273 2760 cautum
2322 2708 2450 2762 est:
2498 2723 2581 2764 ne
2621 2703 2764 2786 quis

262 2811 335 2872 in
380 2808 579 2873 rebus
638 2809 792 2874 fidei
839 2817 903 2874 et
947 2831 1201 2874 morum
1263 2807 1669 2894 Scripturam
1717 2807 1988 2873 Sacram
2048 2811 2462 2896 interpretari
2524 2814 2764 2880 audeat

268 2932 503 2988 contra
547 2925 922 2986 unanimem
991 2945 1384 2986 consensum
1442 2946 1491 2985 s.
1538 2923 1843 3005 Patrum3
1904 2922 2014 2986 illa
2070 2925 2213 3009 ipsa
2271 2927 2538 3010 inquam
2596 2927 2763 3013 lege,

270 3058 405 3121 qua
449 3036 519 3099 id
563 3036 785 3100 facere
840 3058 997 3100 mox
1041 3045 1377 3099 vetamur:
1450 3045 1681 3099 contra
1743 3058 1892 3100 eum
1957 3018 2237 3120 sensum,
2302 3061 2496 3124 quem
2557 3043 2767 3107 tenuit
2812 3114 2816 3119 ,

270 3159 341 3212 et
395 3157 578 3212 tenet
640 3171 688 3212 S.
736 3148 951 3212 Mater
1000 3147 1325 3212 Ecclesia.
1404 3147 1841 3212 Considerare
1905 3157 2127 3212 tamen
2186 3149 2364 3232 libet,
2427 3150 2490 3215 S.
2537 3153 2765 3218 Patres

270 3263 664 3326 auctoritate
722 3261 984 3326 differre
1046 3261 1397 3325 admodum
1468 3262 1638 3325 inter
1697 3284 1786 3344 se,
1847 3271 1912 3326 et
1957 3285 1996 3325 a
2051 3261 2490 3348 Scriptoribus
2547 3265 2626 3331 E.
2697 3266 2766 3332 Si

268 3373 417 3438 illos
470 3376 757 3439 invicem
804 3397 1277 3460 comparemUS,
1342 3396 1511 3456 cum,
1568 3373 1748 3458 quod
1807 3375 2038 3439 attinet
2089 3375 2175 3439 ad
2227 3376 2766 3462 approbationem

274 3511 317 3551 a
364 3486 676 3551 Conciliis
738 3487 983 3551 factam
1042 3486 1352 3573 operibus
1416 3496 1480 3550 et
1526 3487 1861 3550 doctrinae
1919 3487 2303 3572 aliquorum,
2363 3498 2500 3553 tum
2547 3491 2768 3575 quoad

270 3600 594 3664 honorem
638 3601 796 3686 ipsis
846 3601 1205 3665 exhibitum
1253 3640 1328 3646 —
1380 3598 1662 3686 legendo
1709 3598 1970 3684 publice
2015 3602 2082 3664 in
2126 3599 2466 3665 Ecclesiae
2515 3603 2767 3668 Officiis

270 3711 534 3778 illorum
582 3712 1037 3777 Tractationes
1081 3735 1196 3796 —3
1260 3713 1545 3797 denique
1595 3711 1817 3797 quoad
1860 3715 2354 3798 praerogativas
2399 3737 2440 3778 a
2485 3715 2768 3781 Summis

270 3824 706 3890 Pontificibus
730 3825 1073 3908 nonnuIIiS,
1102 3848 1263 3911 quos
1290 3827 1534 3912 passim
1566 3827 1830 3890 nomine
1870 3825 2348 3907 ,Doctorum‘
2377 3850 2770 3894 veneramur

280 3960 655 4002 concessas.
712 3937 1017 4002 Attentos
1052 3960 1312 4024 quoque
1360 3961 1503 4002 esse
1552 3947 1846 4023 oportet:
1894 3961 1977 4002 ne
2026 3940 2312 4002 sinamus
2356 3963 2476 4004 nos
2524 3944 2768 4028 syrtide

273 4054 499 4137 urgeri
544 4075 584 4115 a
630 4052 1017 4138 quibusdam
1062 4053 1525 4139 interpretibus
1556 4052 1621 4117 S.
1656 4050 1745 4134 S„
1781 4054 1889 4136 qui
1937 4055 2356 4118 auctoritates
2401 4053 2468 4118 S.
2499 4055 2770 4120 Patrum

278 4163 589 4250 allegant.
634 4165 987 4229 Enimvero
1034 4168 1322 4250 reperire
1372 4176 1487 4249 est,
1538 4168 1649 4252 qui
1694 4165 1762 4228 id
1809 4166 1986 4251 quod
2031 4166 2232 4251 aliqui
2279 4165 2343 4230 S.
2376 4168 2450 4231 P.
2496 4177 2562 4231 et
2591 4168 2656 4233 S.
2689 4168 2768 4232 E.

281 4276 910 4343 coniecturando
975 4279 1436 4364 opinabantur,
1498 4290 1812 4366 tanquam
1859 4279 2252 4344 Traditionis
2309 4278 2770 4344 documentum

282 4390 667 4474 obtrudant3
716 4391 821 4455 alii
868 4390 1118 4476 aliquos
1167 4391 1231 4456 S.
1266 4392 1343 4456 P.
1381 4402 1446 4456 et
1490 4393 1555 4457 S.
1588 4393 1669 4457 E.
1717 4402 2030 4478 tanquam
2074 4395 2365 4479 ipsorum
2412 4395 2769 4458 sententiae

197 4519 203 4522 ’
280 4502 757 4589 adstipulantes
802 4505 1181 4568 nominatim
1227 4503 1514 4587 laudant,
1580 4527 1744 4590 quos
1803 4507 1870 4569 in
1929 4506 2256 4569 contraria
2315 4504 2510 4590 plane
2571 4505 2771 4569 fuisse

283 4614 873 4700 deprehendimus3
920 4617 1121 4681 multo
1154 4627 1373 4680 autem
1412 4619 1624 4682 minus
1654 4620 1732 4682 iis
1763 4618 2120 4700 fidendum,
2156 4619 2262 4703 qui
2299 4617 2565 4681 eosdem
2598 4617 2662 4682 S.
2696 4618 2770 4682 P.
2830 4629 2846 4645 ·

386 4727 599 4775 Dnnko,
628 4728 747 4770 Hist.
776 4729 1075 4770 Revelationis
1104 4728 1291 4770 divinae.
1321 4728 1397 4769 ΠΙ.
2397 4725 2464 4772 20
