3309 5300
462 367 544 430 72
1129 377 1363 419 Commeat.
1395 377 1449 418 de
1477 378 1520 419 S.
1542 379 1752 428 scriptur.
1783 389 1876 428 cap.
1908 377 2032 428 prim.
2063 379 2168 418 sect.
2199 377 2255 418 11.

464 555 619 604 Deus
673 554 884 604 locutus
932 554 1108 602 fuerat
1154 568 1249 618 per
1297 552 1615 615 Samuelem,
1664 552 1860 615 Eliam,
1914 552 2206 615 Elisaeum‚
2255 552 2496 618 aliosque
2551 553 2812 619 plurimos
2861 553 2960 619 qui

469 641 716 690 dicuntur
742 656 775 690 a
798 641 1028 690 Domino
1065 640 1237 702 missi3
1268 640 1546 690 innumera
1582 640 1708 688 item
1748 654 1887 704 quae
1925 641 2034 704 egit
2069 639 2304 705 dixitque
2331 639 2604 704 Christus3
2643 639 2764 689 coll.
2791 640 2958 690 Joan.

465 729 548 789 21,
588 728 671 776 25.
716 742 825 776 non
872 728 1047 776 minus
1082 727 1147 775 B.
1182 726 1246 775 B.
1283 726 1429 776 Petri
1466 730 1519 776 et
1553 725 1710 776 Pauli
1761 731 1998 776 extrema
2033 731 2182 790 acta3
2233 733 2530 777 ceterorum
2565 727 2951 791 Apostolorum

462 815 638 864 ubivis
672 818 931 863 terrarum
956 817 1122 878 gesta,
1161 814 1400 878 potuisse
1436 811 1681 862 fidelibus
1707 813 1777 863 ad
1799 812 1927 862 fidei
1949 829 2261 878 morumque
2285 815 2690 863 instructionem
2717 815 2916 863 servire
2937 816 2966 862 ⁴?

400 905 405 910 '
464 915 605 965 quae
639 904 817 950 tamen
856 901 1033 950 omnia
1066 899 1216 950 Deus
1254 899 1416 950 scribi
1462 898 1656 950 noluit!
1720 899 2018 964 Scripserat
2063 900 2190 950 olim
2223 901 2372 950 Deus
2411 901 2577 965 digito
2615 915 2714 950 suo
2749 900 2961 964 Moysis

464 987 677 1037 tabulas
712 987 934 1052 priores,
972 991 1026 1036 et
1059 991 1237 1036 tamen
1274 987 1528 1052 permisit,
1565 987 1672 1036 imo
1697 986 1868 1036 voluit
1895 1002 1986 1037 eas
2013 1001 2046 1036 a
2067 987 2253 1052 Moyse
2280 987 2569 1052 confring13
2609 987 2737 1052 quid
2757 989 2954 1037 mirum

464 1075 511 1122 si
536 1088 601 1122 ea
626 1087 764 1138 quae
788 1074 988 1137 scripta
1020 1073 1233 1124 fuerant
1266 1072 1589 1139 quandoque
1622 1073 1894 1122 obliterari
1917 1087 2108 1138 passus
2140 1075 2247 1124 est!
2299 1074 2506 1134 Quibus
2543 1075 2643 1122 rite
2681 1074 2965 1139 expensis,

466 1160 709 1225 apposite
747 1158 1107 1210 concluditur:
1158 1161 1315 1210 sicuti
1362 1175 1469 1210 non
1516 1160 1616 1210 fuit
1661 1165 1849 1210 contra
1890 1160 2144 1209 Divinam
2179 1159 2586 1225 providentiam,
2633 1164 2694 1209 ut
2727 1160 2884 1225 plura
2928 1174 2965 1208 a

468 1247 669 1312 Spiritu
707 1244 905 1296 Sancto
942 1263 1037 1312 per
1072 1246 1387 1312 Prophetae,
1436 1246 1705 1296 Christum
1742 1251 1796 1296 et
1828 1245 2115 1315 Apostolos
2165 1245 2389 1312 prolata,
2441 1247 2620 1296 statim
2669 1261 2788 1296 cum
2835 1247 2964 1312 ipsa

466 1334 576 1382 fere
612 1349 747 1384 voce
786 1335 940 1398 quasi
976 1335 1227 1400 perirent,
1266 1349 1366 1383 nec
1403 1333 1518 1383 ulla
1554 1333 1811 1398 deinceps
1847 1349 2033 1383 eorum
2069 1337 2376 1399 superesset
2410 1335 2690 1397 memoria3
2735 1335 2813 1384 ita
2846 1350 2962 1385 non

466 1421 569 1470 fuit
622 1424 811 1470 contra
852 1421 1106 1470 Divinam
1143 1420 1549 1484 providentiam,
1604 1424 1665 1470 ut
1714 1420 1808 1484 qui
1854 1420 1964 1470 iam
2009 1426 2246 1485 tempore
2295 1420 2476 1486 aliquo
2524 1420 2754 1482 fuerant,
2803 1421 2964 1470 Libri

469 1507 790 1557 exciderent.
830 1506 911 1556 cf.
951 1506 1003 1556 S.
1043 1506 1422 1572 Chrysostomi,
1461 1508 1517 1555 in
1556 1522 1639 1572 ep.
1667 1506 1708 1556 Ι.
1737 1507 1806 1556 ad
1832 1505 1953 1556 Cor.
1992 1506 2130 1557 hom.
2157 1507 2276 1569 VII,
2305 1510 2352 1557 3.
2389 1524 2442 1572 p.
2469 1509 2553 1556 53.
2592 1507 2967 1573 Quaecunque

468 1608 597 1644 vero
636 1608 803 1644 causa
838 1594 928 1644 sit:
983 1597 1043 1642 ut
1092 1593 1284 1659 aliquis
1324 1609 1351 1642 e
1378 1591 1678 1642 -Canonicis
1715 1594 1892 1644 Libris
1941 1598 2155 1659 pereat3
2211 1609 2320 1643 non
2369 1598 2550 1659 potest
2582 1594 2640 1644 id
2673 1594 2963 1645 Ecclesiae

470 1682 641 1730 veteri
664 1682 721 1730 in
748 1679 909 1745 culpa
933 1679 1063 1742 dari,
1100 1678 1189 1728 vel
1213 1679 1542 1730 infidelitatis
1578 1679 1699 1745 ipsa
1723 1681 1904 1745 argui:
1942 1696 2042 1731 nec
2080 1682 2221 1730 enim
2251 1679 2478 1731 infidelis
2516 1681 2746 1746 depositi
2781 1687 2970 1732 custos

472 1768 577 1817 dici
613 1767 743 1832 quit,
782 1783 901 1816 cum
941 1766 1241 1831 depositum
1277 1780 1387 1816 non
1424 1766 1620 1816 diutius
1658 1767 1981 1817 servandum
2017 1768 2100 1829 sit,
2139 1783 2298 1832 quam
2337 1767 2508 1818 donee
2543 1769 2590 1817 is
2628 1774 2836 1834 repetat
2863 1769 2973 1834 qui

472 1854 745 1919 deposuit3
786 1853 929 1919 quod
965 1854 1097 1903 facit
1119 1853 1270 1903 Deus
1297 1869 1418 1902 cum
1453 1853 1509 1902 id
1532 1858 1701 1916 curat,
1739 1854 1826 1903 vel
1858 1854 2196 1918 providentia
2231 1869 2332 1904 sua
2354 1855 2628 1920 permittit,
2664 1860 2725 1905 ut
2749 1855 2973 1920 aliquae

473 1940 757 1990 Sacrarum
795 1938 1186 2004 Scripturarum
1224 1939 1559 1989 intercidant.
1610 1939 1857 1990 Ceterum
1893 1940 2034 1990 hanc
2060 1941 2124 1990 de
2149 1946 2263 1990 tota
2289 1942 2602 2006 quaestione
2641 1943 2971 1992 sententiam

472 2028 641 2078 fusius
692 2041 997 2076 asseruere:
1050 2025 1207 2076 C.·R.
1244 2026 1724 2090 Bellarminus,
1774 2027 1840 2076 de
1887 2031 2124 2077 controv.
2176 2027 2284 2078 chr.
2331 2027 2419 2077 fid.
2455 2029 2499 2078 Ι.
2539 2028 2604 2077 de
2640 2029 2820 2078 Verbo
2859 2028 2975 2078 Dei

470 2115 506 2164 l.
544 2115 637 2176 IV,
675 2115 723 2164 4.
760 2130 814 2178 p.
846 2115 963 2163 260.
1001 2129 1042 2162 s.
1094 2113 1430 2176 Sei-arius,
1470 2114 1760 2180 prolegom.
1797 2114 1928 2165 bibl.
1969 2129 2013 2163 c.
2051 2117 2100 2164 8.
2140 2130 2190 2179 q.
2231 2117 2313 2164 14.
2351 2131 2404 2180 p.
2437 2117 2522 2165 45.
2561 2132 2603 2165 s.
2651 2115 2974 2177 Raetias,

473 2207 584 2252 not.
622 2202 690 2252 ad
717 2201 933 2266 Origen.
958 2202 1003 2264 Ι,
1032 2203 1148 2251 137.
1190 2202 1607 2263 Bonfrerius‚
1645 2201 1884 2267 praeloq.
1921 2203 1978 2251 in
2010 2200 2062 2251 S.
2092 2202 2144 2252 S.
2172 2218 2218 2252 c.
2244 2205 2292 2252 6.
2320 2219 2372 2268 p.
2398 2204 2446 2252 9.
2473 2217 2515 2252 s.
2563 2203 2626 2252 B.
2655 2201 2973 2265 Germon,

480 2289 545 2338 de
581 2288 853 2339 veteribus
890 2288 1173 2338 haereticis
1209 2287 1361 2338 Ecel.
1398 2287 1528 2340 Cod.
1564 2295 1858 2355 corruptor.
1894 2290 1957 2339 P.
1980 2282 2051 2339 Π.
2079 2305 2124 2339 c.
2151 2291 2199 2339 5.
2225 2307 2276 2355 p.
2307 2291 2423 2340 167.
2449 2304 2492 2339 s.
2530 2289 2973 2339 Acatholieorum
3019 2303 3029 2312 ·

483 2375 780 2441 priscorum
815 2376 917 2425 hac
956 2375 1023 2424 de
1058 2391 1115 2426 re
1154 2391 1367 2426 sensum
1391 2380 1632 2426 tuentur:
1671 2375 1735 2425 A.
1760 2376 1842 2425 Pf
1847 2375 1972 2425 eiff
1978 2392 2066 2439 er,
2107 2376 2306 2426 Critica
2327 2377 2380 2426 S.
2406 2376 2598 2427 Dresd.
2627 2377 2776 2426 1721.
2802 2393 2855 2442 p.
2883 2377 2980 2425 11.

480 2466 532 2512 et
565 2463 653 2512 Fr.
682 2460 1147 2527 Spanhemius,
1184 2462 1485 2512 Dubiorum
1522 2455 1713 2529 evang.
1751 2463 1821 2526 H,
1859 2465 1944 2513 88.
1983 2469 2036 2512 et
2070 2465 2154 2513 89.
2193 2463 2276 2514 ed.
2315 2463 2450 2514 Gen.
2490 2464 2641 2512 1655.
2677 2479 2728 2528 p.
2765 2464 2887 2512 590.
2930 2477 2980 2511 s.

625 2776 761 2851 DE
833 2776 1166 2852 LIBRIS
1236 2774 1899 2853 APOCRYPHIS
1968 2774 2830 2851 ADDITAMENTUM.

888 3022 945 3100 ἓ.
995 3023 1098 3087 26.
1149 3020 1307 3101 Qui
1352 3018 1554 3083 libri
1601 3018 2008 3083 dicantur
2055 3018 2561 3106 apocryphi.

690 3216 859 3275 Unde
898 3217 1139 3295 quidam
1184 3216 1326 3273 libri
1363 3219 1589 3274 veteres
1628 3216 1903 3273 dicantur
1951 3211 2158 3292 ,βίβλοι
2204 3212 2556 3293 ἀπόκρυφοιίς
2603 3216 2702 3275 vel
2741 3216 2981 3293 simpli-

484 3325 630 3379 citer
662 3318 1016 3398 ,duezpucoe‘3
1062 3340 1182 3378 non
1212 3340 1332 3378 una
1362 3324 1449 3379 est
1477 3322 1830 3397 scriptorum
1859 3319 2153 3377 sententia
2176 3317 2213 3377 ¹.
2276 3319 2532 3382 Quidam
2577 3320 2984 3397 interpretum

484 3429 641 3485 hane
686 3426 1137 3502 adpellationem
1180 3426 1319 3483 inde
1365 3429 1672 3501 repetunt:
1723 3426 1878 3503 quod
1931 3426 2402 3503 apocryphorum
2461 3430 2725 3483 auctores
2782 3430 2986 3483 essent

484 3530 758 3589 occulti
812 3534 873 3588 et
916 3532 1220 3601 incerti3
1284 3534 1544 3588 attamen
1598 3548 1733 3587 cum
1781 3531 1960 3588 etiam
2013 3531 2082 3587 de
2127 3530 2495 3607 quorundam
2549 3520 2987 3588 Canonicorurn

485 3634 559 3693 V.
594 3636 659 3693 Τ.
694 3633 1011 3693 Librorum
1042 3634 1424 3711 scriptoribus
1454 3636 1612 3693 haud
1644 3638 1897 3704 constet3
1942 3634 2204 3693 melius
2235 3640 2294 3692 et
2323 3634 2706 3709 analogiae
2736 3634 2986 3709 linguae

485 3740 902 3799 convenienter
920 3736 945 3776 ²
995 3741 1193 3798 vocari
1239 3744 1548 3799 censentur
1600 3738 2034 3813 absconditi,
2085 3739 2224 3817 quia
2276 3759 2396 3797 non
2449 3743 2639 3797 essent
2690 3738 2972 3814 publicae

486 3849 663 3923 atque
692 3843 949 3904 Divinae
980 3844 1351 3903 auctoritatis
1372 3842 1415 3916 3,
1466 3863 1674 3905 verum
1721 3845 1997 3902 obscurae
2043 3848 2217 3921 atque
2248 3845 2540 3901 humanae
2578 3845 2747 3902 modo
2793 3846 2977 3901 aesti-

486 3948 765 4007 mationis
783 3946 829 4007 4..
880 3949 1269 4007 Canonicis
1300 3949 1489 4023 igitur
1516 3948 1716 4007 Libris
1747 3953 2126 4025 opponuntur
2155 3950 2554 4025 apocryphi
2583 3948 2773 4007 veluti
2806 3944 2988 4024 ,ἀκα-

699 4140 736 4205 ¹)
776 4140 839 4188 L.
878 4139 1103 4201 Suiceri,
1141 4139 1299 4188 Thes.
1336 4138 1377 4201 Ι,
1414 4139 1534 4187 458.
1599 4136 1864 4199 Gieseler,
1904 4135 2054 4186 Stud.
2096 4152 2147 4185 u.
2185 4136 2320 4186 Krit.
2361 4138 2512 4187 1829.
2559 4152 2611 4201 p.
2651 4139 2766 4187 142.
2825 4137 2878 4187 J.
2919 4137 2990 4187 C.

487 4228 662 4290 Thilo,
699 4227 835 4277 Acta
873 4227 925 4277 S.
963 4227 1200 4276 Thomae
1235 4226 1335 4291 Ap.
1373 4226 1521 4290 Lips.
1563 4225 1716 4275 1823.
1751 4222 1886 4289 prol.
1921 4241 1975 4289 p.
2000 4223 2114 4273 XC.
2140 4238 2183 4277 s.
2237 4223 2489 4286 Guerike,
2527 4223 2989 4290 Gesammtgesch.

488 4315 539 4364 d.
576 4316 643 4363 N.
669 4316 731 4364 Τ.
768 4331 820 4379 p.
848 4315 966 4363 561.
1031 4311 1282 4375 Credner‚
1322 4311 1518 4362 Gesch.
1556 4312 1606 4360 d.
1642 4312 1709 4360 N.
1736 4311 1798 4360 Τ.
1835 4311 2046 4361 Kanon.
2084 4327 2135 4376 p.
2163 4313 2279 4360 111.
2307 4327 2348 4360 s.
2407 4310 2703 4373 Bertholdt,
2739 4311 2861 4360 hist.
2899 4312 2991 4361 kr.

488 4401 630 4450 Einl.
670 4418 721 4466 p.
758 4402 843 4450 46.
903 4400 967 4449 Δ.
1004 4399 1332 4465 Hilgenfeld,
1370 4399 1465 4449 der
1500 4399 1712 4448 Kanon.
1751 4415 1805 4462 p.
1843 4400 1893 4447 6.
1965 4396 2007 4463 ²)
2046 4397 2092 4446 A
2129 4412 2322 4463 graeco
2361 4390 2772 4465 ,,οἰποκρῦπτειν“,
2821 4414 2992 4448 occu·

488 4488 613 4550 lere,
652 4488 999 4538 abscondere.
1064 4486 1105 4552 3)
1140 4488 1245 4548 Qui
1279 4490 1527 4552 poterant
1562 4481 2060 4549 ,,ἐκκλησιάζεσθαι“;
2098 4485 2132 4533 i.
2160 4500 2206 4534 e.
2241 4484 2458 4550 publice
2483 4486 2540 4534 in
2565 4484 2814 4535 Ecclesia
2849 4486 2993 4534 reci-

488 4575 607 4625 tari.
645 4575 707 4624 V.
739 4590 791 4641 p.
820 4576 865 4624 7.
928 4573 971 4641 ⁴)
1008 4573 1166 4625 Unde
1203 4574 1462 4624 deberent
1498 4566 1899 4642 ἀποκρύπτεσθαι,
1938 4572 2212 4622 abscondi.
2267 4572 2352 4620 Ita
2387 4573 2610 4637 opponit
2644 4571 2776 4622 Did
2787 4588 2944 4637 ymu
2963 4590 2994 4623 s
