3309 5300
1178 394 1317 451 Leges
1346 398 1503 451 explic.
1532 401 1577 443 S.
1606 400 1873 453 scripturae.
2644 396 2764 460 291

277 574 545 636 actusque
592 571 717 621 Ose.
766 574 823 634 9,
871 575 946 637 7.;
991 575 1119 625 item
1163 582 1299 644 η’ῐρζ),
1349 578 1675 641 stillator,
1723 581 1816 645 qui
1864 580 2033 631 stillat
2077 580 2246 631 stillas
2293 583 2326 631 i.
2366 598 2410 631 e.
2463 584 2632 633 minas
2683 584 2771 634 vel

276 665 695 716 consolationes.
733 668 892 717 Mich.
931 670 978 731 2,
1021 672 1102 719 11.
1160 671 1285 732 „Vir
1319 672 1526 723 habens
1563 676 1840 738 spiritum.
1862 712 1875 725 .
1897 712 1909 725 .
1933 712 1946 725 .
1985 676 2197 727 stillabo
2234 678 2382 728 tibi.“

491 753 539 801 A
568 754 850 819 Prophetis
884 758 1023 805 veris
1062 756 1115 806 S.
1137 758 1351 808 Literae
1390 765 1544 809 caute
1583 761 1916 826 distinguunt
1949 763 2569 829 pseudoprophetas
2607 766 2770 815 Deut.

280 840 365 901 18,
420 842 642 891 10—-15,
689 844 912 891 20-——22.
972 843 1167 893 Jerem.
1216 846 1299 907 23,
1348 848 1429 895 17.
1476 860 1517 895 s.
1578 848 1778 897 Ezech.
1819 850 1900 911 13,
1939 851 1986 898 3.
2025 866 2086 911 s.,
2137 866 2362 914 quorum
2409 867 2517 900 non
2565 856 2768 901 tantum

278 931 435 975 extra
457 926 835 991 Palaestinam,
874 929 972 978 sed
997 934 1051 979 et
1072 932 1128 979 in
1154 932 1322 981 Terra
1362 932 1543 995 Sacra,
1582 936 1893 998 praesertim
1919 942 2042 1001 post
2065 936 2298 986 schisma
2323 937 2506 987 decem
2530 938 2766 987 tribuum

278 1017 333 1062 et
368 1012 789 1065 invalescentem
824 1016 1195 1080 idololatriam,
1248 1034 1345 1083 per
1381 1018 1667 1085 plerasque
1705 1022 1818 1070 eius
1855 1025 2058 1071 aetates
2095 1038 2290 1087 magna
2323 1024 2424 1073 fuit
2459 1024 2630 1089 copia.
2692 1025 2768 1074 Ut

277 1106 409 1149 ante
458 1103 819 1167 captivitatem
868 1104 1247 1168 babylonicam
1282 1105 1590 1156 Palaestina
1638 1109 1879 1158 scatebat
1924 1108 2228 1159 huiusmodi
2269 1110 2420 1159 falsis
2457 1110 2767 1174 Prophetis3

276 1188 360 1235 sic
410 1202 513 1237 nec
557 1190 786 1253 posteris
833 1191 1163 1254 temporibus
1214 1191 1523 1255 defuerunt3
1578 1194 1684 1242 imo
1733 1196 1960 1243 maxime
2010 1195 2225 1260 quidem
2271 1194 2432 1260 paulo
2482 1201 2606 1245 ante
2655 1199 2766 1246 veri

274 1272 514 1323 Messiae
565 1275 877 1338 adventum,
927 1277 1183 1341 brevique
1236 1282 1359 1343 post
1414 1279 1640 1328 eundem
1688 1280 2188 1345 pseudoprophetae
2238 1286 2290 1331 et
2337 1282 2770 1346 pseudomessiae

278 1366 663 1425 apparuerunt.
718 1362 960 1427 Duplicis
996 1364 1085 1412 isti
1124 1368 1275 1413 erant
1308 1365 1535 1429 generis.
1590 1364 1774 1429 Aliqui
1822 1382 2021 1428 eorum,
2071 1368 2214 1415 omni
2253 1368 2426 1431 posito
2464 1369 2666 1433 pudore
2719 1374 2772 1418 et

278 1450 585 1497 reverentia
613 1448 733 1510 Dei,
771 1448 987 1499 honoris
1025 1455 1117 1500 aut
1152 1449 1285 1499 lucri
1324 1456 1571 1516 respectu
1606 1452 1934 1501 simulabant
1969 1452 2166 1501 donum
2201 1454 2584 1519 propheticum,
2624 1455 2769 1520 quod

274 1535 384 1599 ipsi
422 1548 576 1583 suum
614 1551 722 1584 non
760 1551 894 1597 esse,
933 1537 1100 1600 probe
1138 1538 1395 1587 sciebant.
1446 1538 1509 1586 V.
1542 1537 1740 1587 Jerem.
1782 1540 1862 1601 14,
1903 1540 1982 1588 14.
2031 1541 2114 1601 24,
2154 1542 2238 1589 26.
2285 1540 2466 1605 Aliqui
2502 1542 2616 1589 sive
2654 1558 2766 1591 cor·

274 1625 469 1685 ruptae
518 1622 916 1686 imaginationis
963 1623 1043 1683 vi,
1094 1623 1207 1672 sive
1256 1638 1289 1671 a
1340 1624 1528 1688 spiritu
1576 1622 1716 1673 malo
1768 1626 1897 1687 acti,
1947 1625 2050 1673 sibi
2100 1627 2312 1675 omnino
2354 1626 2771 1691 persuadebant,

278 1713 341 1757 et
376 1722 693 1774 persuasum
729 1710 881 1758 ibant
916 1708 1053 1771 aliis,
1092 1725 1209 1759 esse
1246 1724 1303 1759 se
1340 1726 1496 1759 veros
1532 1711 1836 1775 prophetas,
1883 1726 2002 1761 cum
2037 1711 2163 1761 falsi
2199 1717 2391 1761 essent.
2443 1712 2578 1762 Coll.
2611 1714 2772 1763 Dent.

278 1796 366 1856 13,
396 1797 549 1843 1-5.
595 1795 692 1844 III.
728 1796 860 1859 Reg.
898 1798 980 1857 22,
1022 1798 1241 1846 10—18.
1302 1797 1422 1845 Hoc
1468 1801 1529 1845 ut
1561 1798 1619 1845 in
1655 1797 1902 1847 effectum
1940 1798 2144 1859 darent,
2183 1802 2429 1862 proterve
2466 1800 2521 1848 in
2557 1801 2770 1850 nomine

274 1881 499 1930 Domini
523 1881 896 1945 loquebantur,
924 1896 987 1930 ac
1011 1882 1469 1945 impudentissimo
1496 1898 1587 1931 ore
1612 1884 1917 1933 missionem
1943 1898 2093 1933 suam
2122 1884 2356 1933 divinam
2382 1899 2446 1934 ac
2469 1886 2771 1936 instructio-

276 1984 405 2017 nem
428 1968 726 2017 iactabant.
762 1968 875 2016 Jer.
901 1969 985 2029 27,
1019 1970 1100 2017 14.
1137 1968 1251 2017 Imo
1277 1967 1409 2017 talia
1431 1969 1834 2034 praedicabant,
1862 1985 1999 2034 quae
2024 1970 2220 2034 populo
2247 1971 2318 2019 ad
2343 1970 2580 2035 palatum
2606 1977 2772 2021 erant.

274 2055 479 2104 Jerem.
519 2057 569 2117 5,
614 2056 697 2103 31.
746 2056 796 2115 6,
837 2054 917 2103 14.
988 2054 1035 2103 A
1086 2061 1426 2119 peccatorum
1476 2060 1651 2105 autem
1704 2072 1824 2105 cum
1872 2058 2262 2122 increpatione,
2313 2062 2424 2105 tum
2474 2073 2686 2124 quoque
2738 2074 2772 2108 a

276 2142 695 2190 comminatione
730 2155 1025 2205 poenarum
1062 2141 1299 2191 studiose
1325 2142 1429 2191 sibi
1453 2142 1735 2191 cavebant.
1773 2142 1897 2191 Isai.
1925 2144 2008 2204 56,
2038 2144 2119 2191 10.
2167 2143 2354 2208 Neque
2387 2158 2516 2193 vero
2550 2145 2766 2209 impune

274 2228 531 2277 ferebant
567 2232 709 2277 artes
744 2242 871 2277 suas
914 2228 1249 2292 nominisque
1279 2228 1463 2277 Divini
1500 2229 1754 2290 abusum,
1792 2228 1888 2278 sed
1923 2235 2089 2278 morte
2126 2229 2349 2278 luebant
2385 2246 2414 2279 e
2450 2229 2568 2295 lege
2606 2231 2768 2281 Deut.

282 2316 367 2376 13,
407 2318 456 2364 5.
513 2317 595 2377 18,
642 2316 753 2377 2Ο.;
803 2314 898 2363 11111
942 2330 1069 2363 vero
1106 2316 1447 2377 magistratus
1497 2314 1838 2379 negligentia,
1889 2320 1985 2364 aut
2029 2314 2334 2364 idololatria
2381 2318 2594 2367 veniam
2641 2319 2772 2381 ipsis

279 2402 461 2463 daret,
509 2401 710 2450 Divina
748 2417 839 2451 eos
875 2401 1113 2451 vindicta
1150 2402 1415 2451 interdum
1460 2406 1681 2466 repente
1718 2417 1746 2450 e
1785 2401 1958 2450 medio
1997 2400 2231 2463 sustulit,
2288 2418 2392 2466 quo
2443 2404 2519 2451 sic
2559 2404 2770 2453 eviden-

278 2490 387 2538 tius
434 2489 550 2537 irae
598 2503 727 2538 suae
782 2490 1081 2555 exemplum
1127 2491 1184 2537 in
1231 2493 1472 2553 posteros
1527 2503 1741 2553 quoque
1796 2487 2006 2537 celebre
2063 2488 2438 2537 Sanctissimus
2493 2492 2769 2539 statuisset

278 2576 452 2624 Deus.
494 2575 574 2625 Of.
611 2576 808 2625 Jerem.
848 2579 932 2638 28,
973 2578 1193 2625 15—17.
1253 2576 1336 2624 Ex
1384 2576 1733 2639 inspiratione
1771 2576 1882 2624 veri
1916 2576 2315 2625 instruebantur
2351 2575 2676 2640 Prophetae,
2717 2581 2773 2626 et

278 2663 501 2726 saepius
551 2663 762 2728 quidem
810 2665 924 2714 sine
962 2664 1320 2728 speciebus
1369 2663 1858 2724 materialibus,
1909 2663 2284 2712 immediate
2334 2663 2542 2712 luc‘em
2591 2679 2772 2729 super-

283 2748 588 2799 naturalem
626 2751 973 2815 recipiebant.
1035 2749 1167 2798 Inde
1205 2749 1437 2799 solennis
1475 2750 1593 2812 ista,
1646 2755 1810 2815 atque
1847 2764 1880 2798 a
1917 2764 1957 2798 s.
1984 2766 2024 2800 s.
2051 2745 2299 2799 Patribus
2338 2754 2391 2798 et
2428 2750 2772 2800 Scholasticis

279 2837 484 2901 passim
520 2842 739 2902 recepta
772 2837 1094 2902 Prophetiae
1132 2838 1337 2886 ratione
1376 2837 1595 2901 originis
1632 2851 1764 2886 suae
1802 2837 2020 2886 divisio:
2059 2837 2114 2884 in
2151 2837 2586 2901 corporalem,
2625 2839 2771 2886 ima-

280 2924 628 2986 ginariam
666 2929 720 2972 et
752 2921 1339 2972 intellectualem.

491 3007 755 3068 ’Έκστασις
814 3009 1127 3075 prophetica
1190 3009 1365 3074 qualis
1422 3009 1625 3058 fuerit?
1691 3012 1829 3058 inter
1888 3010 2192 3075 Theologos
2253 3011 2570 3075 disputatur.
2651 3010 2771 3060 Hoc
2823 3009 2827 3014 ’

278 3097 499 3162 quidem
536 3113 719 3146 omnes
756 3097 914 3147 facile
950 3097 1252 3146 concedunt
1286 3111 1473 3161 posse:
1526 3111 1572 3144 a.
1622 3097 1798 3145 Deum
1845 3097 2028 3146 formis
2067 3101 2120 3146 et
2155 3097 2326 3156 sonis,
2379 3098 2471 3160 qui
2507 3112 2610 3161 ope
2649 3113 2766 3146 sen-

277 3199 437 3233 suum
474 3184 843 3248 percipiuntur
879 3184 947 3232 ad
982 3188 1294 3233 consuetum
1330 3183 1556 3232 hominis
1595 3188 1810 3246 captum
1835 3197 1892 3231 se
1919 3182 2342 3232 adcommodare.
2395 3181 2502 3231 Sed
2539 3188 2594 3232 01
2629 3185 2678 3233 b.
2717 3185 2772 3231 in

276 3271 468 3319 intimo
509 3271 720 3318 animae
758 3270 919 3334 adyto
947 3270 1465 3334 repraesentationes
1492 3273 1545 3317 et
1570 3270 1924 3333 cogitationes
1959 3268 2271 3333 producere,
2309 3267 2516 3333 absque
2552 3272 2773 3333 praevia

278 3358 474 3406 mentis
526 3357 865 3419 operatione,
920 3355 1144 3419 simplici
1194 3371 1245 3404 u.
1297 3355 1347 3403 d.
1406 3355 1597 3404 mentis
1650 3356 1862 3404 intuitu.
1937 3353 2189 3403 Similiter
2237 3370 2282 3403 c.
2332 3355 2561 3404 animam
2609 3370 2774 3420 supra

279 3443 570 3508 sphaeram
595 3447 885 3493 consuetae
909 3443 1051 3492 vitae
1076 3441 1303 3503 elevare,
1336 3446 1389 3490 et
1414 3441 1463 3490 ei
1486 3442 1541 3489 in
1565 3441 1669 3490 hoc
1705 3445 1846 3489 statu
1881 3445 2148 3506 praeter
2185 3446 2238 3489 et
2271 3441 2771 3504 supernaturali

278 3547 337 3582 se
361 3533 542 3600 ipsum
578 3530 933 3579 manifestare.
968 3526 1269 3596 Πολυμερῶς
1294 3525 1375 3577 καὶ
1396 3523 1718 3594 πολυτρόπως
1736 3528 2006 3576 Vaticinia
2029 3527 2311 3591 Prophetis
2336 3527 2396 3576 A.
2423 3527 2485 3576 T.
2514 3529 2769 3592 obtigisse

280 3619 441 3669 docet
488 3634 531 3666 s.
565 3615 771 3681 ‘Paulus
793 3617 973 3666 *Hebn
1015 3619 1061 3678 1,
1105 3619 1179 3679 1.;
1227 3617 1426 3680 passim
1463 3620 1640 3664 autem
1689 3615 1830 3663 modi
1868 3616 1958 3664 isti
1993 3614 2320 3663 referuntur:
2371 3614 2441 3662 ad
2480 3616 2772 3676 somnia,

280 3706 599 3753 visiones
646 3708 699 3752 et
744 3703 968 3752 verba.
1034 3701 1312 3751 Somnia
1364 3705 1489 3751 sunt
1540 3698 1900 3750 revelationes
1952 3701 2208 3761 internae,
2260 3700 2466 3764 absque
2515 3714 2768 3749 sensuum

282 3797 625 3840 externorum
678 3788 1016 3850 adminicu10,
1069 3787 1350 3852 Prophetis
1404 3802 1591 3836 revera
1644 3786 1938 3849 exhibitae3
1995 3790 2054 3835 ut
2105 3801 2201 3850 per
2253 3787 2511 3850 imagines
2559 3785 2664 3835 illis
2715 3787 2773 3834 in

283 3878 465 3942 quiete
516 3880 769 3926 accurate
818 3874 1110 3939 descriptas
1168 3873 1541 3938 intelligerent,
1595 3872 1740 3937 quod
1789 3887 1880 3922 eos
1931 3873 2066 3922 scire
2114 3871 2282 3920 voluit
2328 3871 2494 3921 Deus.
2566 3873 2772 3936 Estque

282 3963 383 4013 hoc
424 3979 595 4028 genus
631 3962 989 4012 Revelationis
1026 3962 1455 4010 vetustissimum.
1512 3959 1632 4009 Vid.
1673 3958 1806 4009 Gen.
1849 3961 1930 4019 15,
1972 3960 2051 4008 12.
2091 3959 2174 4021 28,
2217 3961 2297 4008 12.
2337 3974 2377 4008 s.
2409 3961 2500 4020 046,
2541 3961 2588 4008 2.
2633 3958 2772 4008 ..Jud.

286 4053 326 4113 7,
359 4052 444 4100 15.
483 4050 581 4099 ΠΙ.
606 4049 736 4114 Reg.
764 4050 812 4110 3,
841 4050 921 4098 15.
957 4047 1270 4097 Indifferens
1307 4050 1486 4095 autem
1522 4049 1637 4094 erat
1673 4059 1744 4094 an
1767 4045 1824 4094 id
1847 4050 2011 4094 noctu
2037 4045 2370 4109 contingeret
2404 4059 2472 4094 an
2509 4045 2772 4107 interdiu,

286 4139 413 4186 item
464 4152 535 4186 an
583 4136 839 4200 imagines
887 4135 1024 4184 istae
1062 4149 1253 4183 vocum
1302 4136 1507 4194 essent,
1559 4147 1629 4180 an
1673 4147 1799 4182 vero
1849 4131 2006 4182 simul
2049 4137 2103 4180 et
2141 4147 2338 4181 rerum..
2391 4131 2515 4180 Jam
2563 4132 2610 4180 si
2657 4132 2774 4195 quis

288 4225 548 4288 quaerat?
594 4222 737 4270 unde
773 4220 1073 4286 Prophetae
1111 4220 1319 4270 somnia
1354 4220 1457 4268 sibi
1494 4233 1527 4267 a
1561 4218 1682 4267 Deo
1719 4217 2061 4283 peculiariter
2095 4219 2286 4278 missa,
2331 4231 2371 4278 ,a
2406 4233 2548 4266 mere
2591 4222 2773 4267 natu·
2865 4239 2870 4242 ·

288 4307 487 4358 ralibus
538 4307 949 4372 distinguerent,
998 4306 1407 4371 respondemust
1457 4307 1551 4354 Ex
1598 4321 1665 4354 re
1713 4306 1858 4369 ipsa
1907 4305 2184 4369 eiusque
2230 4305 2772 4354 circumstantiis.

287 4394 577 4444 Enimvero
616 4396 895 4458 opinamur
932 4394 1193 4444 eiusmodi
1227 4394 1435 4442 somnia
1472 4393 1706 4441 caruisse
1733 4391 2211 4456 phantasmatibuS,
2251 4391 2473 4455 quaein
2497 4390 2615 4440 aliis
2641 4405 2777 4440 som-

284 4481 389 4531 niis
428 4481 747 4530 dormientes
786 4479 1069 4544 deludunt3
1108 4479 1338 4529 vividius
1376 4481 1610 4528 animum
1638 4478 1884 4528 affecisse
1909 4483 2071 4543 atque
2097 4477 2344 4526 distincte
2371 4477 2558 4526 animis
2585 4476 2773 4526 dormi-

290 4570 487 4617 entium
524 4567 647 4618 illas
682 4584 785 4630 res,
814 4583 957 4632 quas
994 4566 1158 4622 vellet
1190 4567 1359 4628 Deus,
1400 4565 1674 4617 obtulisse.
1715 4563 1850 4614 Coll.
1883 4565 2021 4614 Dan.
2049 4566 2097 4626 2,
2125 4565 2206 4612 27.
2234 4565 2316 4614 28.
2365 4563 2488 4612 Job.
2515 4563 2599 4624 33,
2628 4563 2706 4612 14.
2733 4575 2774 4612 s.

2367 4649 2464 4698 19*
