3309 5300
1180 391 1242 430 De
1269 389 1489 430 codicibus
1515 401 1618 430 mss.
1649 389 1702 429 N.
1734 389 1785 429 T.
2598 375 2717 438 12].

266 569 385 621 Bibl.
420 565 575 614 Coisl.
612 565 684 614 11.
727 568 773 614 1.
810 582 863 630 p.
903 569 1020 615 251.
1059 583 1100 615 s.
1142 594 1207 601 —
1244 581 1277 614 a
1322 567 1491 629 prima
1539 581 1701 613 manu
1747 581 1847 614 nec
1897 569 2166 625 accentus,
2222 580 2322 613 nec
2369 563 2723 612 Euthalianas

268 653 655 716 subscriptiones
712 652 955 702 adiectas
1009 653 1270 702 habuerit.
1332 651 1452 700 Alia
1502 653 1663 706 etiam
1712 655 1840 700 nota
1895 651 2094 699 codicis
2149 650 2306 698 huius
2357 632 2723 714 antiquitatem

270 747 489 800 testatur,
548 738 723 787 forma
779 739 1031 788 videlicet
1089 739 1360 788 literarum
1422 738 1784 802 comparanda
1844 754 1964 788 cum
2018 738 2375 786 vetustissimo
2437 736 2722 800 exemplari

266 825 717 886 Dioscoridis;
760 827 909 875 iussu
946 831 998 874 et
1033 812 1350 874 liberalitate
1387 826 1898 875 Julianae-Aniciae
1935 825 2209 889 Augustae
2248 824 2580 887 conscriptus
2623 823 2720 870 sub

268 916 445 966 initium
498 926 611 962 sae
628 913 768 960 culi
824 915 1003 962 sexti
1042 941 1107 948 -—
1145 913 1287 976 quod
1334 913 1536 960 erudite
1587 913 1879 960 delineavit
1927 913 1984 960 P.
2025 911 2371 968 Lambecius‚
2424 926 2609 958 comm.
2657 911 2721 958 de

266 1000 530 1065 Augustiss.
551 999 693 1047 Bibl.
718 999 871 1048 Caes.
892 999 1123 1048 vindob.
1146 1001 1294 1049 1669.
1320 999 1389 1059 ΙΙ,
1415 1002 1458 1048 7.
1486 1016 1535 1063 p.
1557 1001 1674 1048 519.
1697 1017 1755 1062 s.,
1783 999 1866 1048 ed.
1893 997 2098 1060 Kollar,
2126 1016 2176 1063 p.
2199 1001 2315 1047 219.
2337 1015 2404 1060 s..·‚
2433 997 2718 1046 illustravit

268 1087 597 1145 Montfaucon‚
638 1085 919 1150 Palaeogr.
950 1103 1024 1150 gr.
1050 1087 1147 1147 ΙΙΙ,
1177 1088 1225 1134 2.
1251 1102 1303 1150 p.
1333 1089 1445 1135 195.
1472 1115 1529 1122 -—-
1562 1085 1936 1150 comparanda.
1983 1083 2105 1133 Alia
2141 1089 2454 1149 argumenta
2491 1089 2718 1133 aetatem

267 1175 569 1240 patriamque
607 1172 808 1220 codicis
842 1172 1143 1237 Aegyptum
1181 1174 1596 1222 demonstrantia
1632 1173 1781 1222 dabit
1818 1171 2183 1234 Tischendorf,
2222 1171 2354 1236 prol.
2394 1189 2443 1236 p.
2486 1173 2563 1218 14.
2604 1187 2716 1235 seq.

268 1262 377 1310 Post
403 1259 641 1319 Bezae,
680 1259 963 1320 Morini,
1002 1260 1402 1321 Wetstenii,
1444 1259 1829 1321 Sabatieri,
1869 1258 2321 1320 Griesbachii‚
2361 1259 2527 1322 symb.
2557 1273 2626 1306 cr.
2653 1258 2723 1319 II,

269 1347 462 1396 31-77,
510 1360 669 1394 curas
720 1351 773 1394 et
822 1346 1161 1408 collationes,
1213 1346 1504 1395 codicem
1552 1345 2126 1395 claromontanum
2171 1362 2246 1410 gr.
2286 1350 2339 1394 et
2372 1344 2462 1393 lat.
2501 1346 2724 1409 primum

270 1433 409 1482 edidit
443 1430 501 1480 C.
525 1431 989 1482 Tischendorf.
1016 1434 1161 1498 Lips.
1193 1435 1340 1483 1852.
1368 1435 1415 1482 4.
1470 1432 1732 1482 Graecum
1758 1434 1982 1481 Textnm
2021 1448 2140 1481 cum
2163 1433 2358 1481 Latino
2387 1433 2727 1480 coniunctum

269 1520 457 1579 habent,
489 1518 769 1582 ipsiusque
816 1520 1015 1568 Textus
1070 1519 1259 1568 Graeci
1296 1519 1475 1569 indole
1512 1521 1752 1584 proxime
1789 1519 1858 1568 ad
1896 1519 2292 1569 Claromontani
2331 1518 2726 1567 similitudinem

270 1605 505 1655 accedunt
540 1605 783 1654 codices:
822 1607 1317 1656 Boernerianus
1341 1609 1377 1669 †
1404 1607 1492 1670 (ἴῃς
1527 1609 1600 1670 ††
1624 1606 1686 1656 F.
1713 1607 2096 1671 Augiensis3
2123 1606 2332 1654 —inde
2358 1621 2550 1654 nomen
2575 1621 2726 1654 suum

271 1691 487 1753 obtinuit,
525 1692 672 1756 quod
710 1692 835 1740 olim
871 1693 939 1742 ad
977 1694 1295 1742 coenobium
1328 1693 1535 1758 Augiae
1570 1694 1786 1742 maioris
1821 1694 1878 1742 in
1915 1693 2166 1748 Helvetia
2210 1693 2538 1756 pertinuerit,
2586 1706 2728 1740 nunc

273 1779 471 1844 Collegii
495 1777 546 1826 S.
570 1777 624 1828 S.
645 1778 923 1828 Trinitatis
944 1779 1417 1845 Cantabrigiensis.
1438 1809 1494 1816 --
1512 1781 1874 1830 Boerneriano
1897 1779 2068 1829 codici
2086 1783 2146 1828 ut
2165 1795 2323 1828 ovum
2349 1793 2468 1839 ov0,
2497 1777 2638 1842 quod
2661 1777 2728 1826 ad

272 1866 468 1914 Textum
486 1880 737 1928 graecum
758 1867 961 1929 attinet,
988 1867 1189 1916 similis.
1216 1869 1259 1916 L
1274 1868 1457 1916 atina
1480 1869 1672 1929 versi0,
1697 1869 1908 1931 quaein
1926 1866 2183 1932 Augiensi
2208 1865 2428 1915 alteram
2449 1864 2727 1914 columnae

272 1957 465 2017 partem-
484 1951 667 2014 efficit,
715 1952 1138 2017 frequentissime
1177 1956 1447 2019 conspirat
1496 1971 1637 2003 cum
1685 1955 2166 2003 emendatione
2215 1969 2256 2002 s.
2295 1953 2726 2014 Hieronymi,

274 2038 455 2102 qualem
492 2040 845 2103 antiquissimi
882 2040 1091 2088 codices
1116 2043 1257 2090 mssi.
1296 2041 1680 2106 praeseferunt.
1731 2041 1958 2092 Saeculo
1985 2042 2078 2090 IX.
2117 2046 2298 2106 partus
2325 2055 2440 2088 esse
2480 2039 2727 2088 creditur.

274 2125 341 2173 Cf.
368 2124 728 2186 Tischendorf,
768 2126 1043 2175 Anecdota
1069 2142 1110 2175 s,
1150 2132 1203 2176 et
1240 2129 1372 2192 prof.
1400 2129 1547 2193 Lips.
1578 2131 1724 2178 1855.
1766 2145 1816 2192 p.
1843 2131 1961 2177 212.
1988 2143 2029 2177 s.
2071 2127 2659 2191 Sangermanensis
2701 2141 2728 2174 e

273 2210 585 2260 Bibliotheca
619 2212 883 2261 Abbatiae
922 2213 973 2262 S.
1014 2213 1263 2262 Germani
1314 2216 1369 2262 in
1408 2215 1594 2264 Galliis
1645 2216 1954 2280 acquisituri,
2007 2215 2164 2264 hodie
2200 2214 2472 2278 Petropoli
2521 2214 2729 2276 conspi-

274 2298 405 2347 citur.
438 2297 819 2363 Apographum
856 2300 1255 2350 claromontani
1291 2303 1407 2350 cod.
1446 2317 1585 2350 saec.
1626 2303 1690 2354 X.
1730 2302 1815 2350 vel
1853 2302 1943 2350 XI.
1982 2302 2180 2350 factum
2222 2301 2381 2348 habet
2421 2298 2730 2360 Griesbach,

275 2384 469 2447 symbol.
507 2401 577 2433 cr.
614 2386 740 2435 Hal.
782 2388 933 2436 1793.
971 2388 1042 2450 ΙΙ,
1082 2391 1162 2438 77.
1200 2405 1240 2438 s.
1281 2388 1339 2438 C.
1378 2390 1910 2449 BoernerianuS,
1959 2390 2038 2436 ita
2074 2404 2106 2436 a
2144 2388 2202 2437 C.
2240 2388 2300 2436 F.
2339 2387 2576 2436 Boerner
2613 2388 2726 2435 eius

276 2471 512 2535 quondam
550 2488 857 2536 possessore
896 2480 1131 2536 vocatur,
1168 2492 1310 2524 nunc
1345 2461 1716 2525 Bibliothecae⁴
1750 2476 1811 2524 R.
1848 2475 2183 2524 Dresdensis.
2232 2473 2389 2524 Folia
2424 2474 2588 2523 habet
2614 2475 2730 2524 111.

272 2559 319 2605 iu
350 2554 648 2608 membrana
684 2567 929 2610 exaratus
969 2566 1049 2610 est
1086 2577 1266 2611 crassa
1302 2567 1354 2611 et
1391 2562 1666 2611 lutulenta.
1729 2562 1882 2611 Folio
1919 2564 2088 2627 primo
2137 2561 2332 2626 legitur
2367 2562 2730 2624 interpretatio

276 2643 319 2696 S.
334 2644 594 2708 Matthaei,
621 2662 655 2696 a
678 2648 914 2697 secundo
940 2649 1126 2713 incipit
1148 2650 1248 2715 Ep.
1276 2649 1345 2699 ad
1367 2649 1533 2712 Rom„
1561 2650 1851 2699 centesimo
1879 2648 2096 2714 explicit
2120 2649 2221 2713 Ep.
2250 2648 2317 2697 ad
2342 2647 2730 2712 Philemonem3

276 2733 441 2781 eodem
466 2734 801 2783 continuatur
822 2736 878 2783 in
904 2735 1073 2785 altera
1096 2738 1294 2801 pagina
1320 2738 1683 2802 interpretatio
1711 2738 1760 2786 d.
1785 2736 2061 2785 Matthaei.
2101 2736 2355 2785 Lacunas
2381 2751 2500 2785 cum
2527 2735 2641 2785 cod.
2667 2736 2730 2785 F.

276 2835 553 2869 communes
578 2820 766 2871 habet:
792 2822 940 2871 Rom.
965 2827 1009 2885 1,
1029 2827 1179 2873 1-5.
1206 2826 1253 2886 2,
1272 2827 1491 2873 16-25,
1517 2826 1559 2873 Ι.
1580 2824 1702 2873 Cor.
1724 2826 1772 2886 3,
1795 2825 1980 2872 8—16.
2009 2826 2056 2884 6,
2081 2825 2265 2873 7-14,
2294 2822 2499 2872 Coloss.
2515 2825 2562 2884 2,
2583 2825 2731 2872 1-8,

275 2906 472 2957 Philem.
498 2910 577 2957 21.
604 2925 645 2959 s.
682 2910 818 2958 Item
854 2910 1186 2959 desideratur
1220 2916 1335 2961 tota
1358 2913 1457 2977 Ep.
1498 2912 1565 2961 ad
1602 2912 1767 2960 Hebr.
1815 2912 2011 2961 Latina
2048 2911 2222 2960 versio
2259 2910 2414 2959 lineis
2451 2910 2730 2959 interiecta

278 2992 515 3043 Graecum
550 3011 714 3059 supra
750 2998 974 3046 Textum
1011 2998 1209 3062 scripta
1243 2999 1345 3047 fuit
1381 3000 1447 3047 ab
1487 2998 1698 3047 homine
1736 2984 2171 3060 occidentali3
2221 3012 2376 3061 quem
2414 2996 2732 3045 monachum

276 3084 547 3132 Hibernum
570 3083 657 3133 vel
686 3083 903 3133 Scotum
930 3084 1093 3134 habet
1116 3085 1483 3147 Tischendorf,
1510 3085 1591 3135 ed.
1614 3085 1733 3134 VII.
1755 3101 1826 3133 cr.
1846 3084 1978 3149 prol.
1999 3101 2050 3148 p.
2074 3086 2188 3133 188.
2229 3083 2437 3132 Graeca
2463 3088 2514 3132 et
2537 3084 2735 3131 Latina

275 3170 363 3233 Ep.
399 3186 439 3219 s.
464 3169 615 3219 Pauli
650 3171 916 3235 scriptura
952 3172 1021 3220 ab
1058 3172 1243 3220 eodem
1283 3172 1461 3221 scriba
1496 3176 1634 3222 sunt.
1689 3171 2044 3221 Similitudine
2079 3170 2349 3219 literarum
2387 3170 2584 3234 gaudet
2613 3185 2733 3217 cum

278 3256 510 3305 Psalterio
548 3257 857 3305 charactere
893 3258 1093 3306 unciali
1132 3258 1395 3323 descripto
1426 3273 1567 3307 saec.
1594 3259 1688 3307 IX.
1726 3273 1887 3307 manu
1913 3257 2113 3307 Sedulii
2139 3256 2299 3317 Scoti,
2340 3256 2479 3321 quod
2505 3256 2734 3306 illustrat

276 3342 624 3404 Montfaucon,
676 3344 955 3409 Palaeogr.
1006 3360 1083 3409 gr.
1120 3346 1219 3407 111,
1260 3347 1305 3394 7.
1355 3349 1420 3409 p.'
1455 3348 1573 3395 236.
1644 3346 1710 3394 In
1757 3347 2062 3395 universum
2120 3361 2363 3405 „rarum
2413 3359 2485 3393 ac
2533 3360 2732 3409 grave

277 3429 592 3479 literarum
632 3430 682 3481 S.
724 3426 1234 3481 monumentum“
1278 3437 1371 3493 est,
1417 3433 1560 3496 quod
1596 3448 1802 3481 summa
1837 3432 1939 3481 fide
1979 3438 2031 3481 et
2067 3432 2341 3497 diligentia
2376 3433 2734 3495 transscripsit

278 3516 520 3581 ediditque
569 3516 693 3566 Chr.
735 3519 825 3566 Fr.
868 3518 1205 3567 Matthaei.
1254 3519 1493 3568 Misenae
1546 3522 1695 3568 1791.
1734 3536 1846 3584 rep.
1887 3520 2054 3580 1818.,
2103 3520 2409 3583 praemissis
2459 3518 2731 3567 doctorum

278 3604 485 3652 virorum
521 3604 585 3653 de
624 3604 810 3654 codice
847 3604 1196 3655 relationibus
1234 3610 1289 3654 et
1322 3606 1550 3667 iudiciis,
1588 3606 1718 3669 prol.
1746 3623 1797 3670 p.
1827 3608 1872 3655 7.
1901 3623 1940 3655 s.
1969 3611 2022 3655 et
2046 3606 2308 3655 animadV.
2337 3606 2460 3655 edit.
2487 3622 2536 3669 p.
2569 3607 2660 3653 101
2691 3622 2732 3653 s.

340 3900 391 3976 ἓ.
434 3901 531 3964 51.
582 3895 1191 3961 Subiiciuntur
1236 3898 1439 3961 libri
1485 3900 2055 3983 manuscripti
2101 3897 2179 3961 N.
2229 3896 2304 3960 T.
2354 3899 2659 3982 graeci

1112 4012 1473 4075 serioris
1531 4012 1872 4075 aetatis.

460 4229 681 4278 Praeter
734 4230 947 4278 codices
1001 4228 1260 4279 hactenus
1316 4236 1662 4291 memoratos,
1722 4245 1917 4294 magna
1972 4230 2146 4279 adhuc
2201 4230 2426 4280 aliorum
2479 4230 2734 4279 librorum

278 4317 731 4380 manuscriptorum
786 4316 849 4363 N.
898 4316 959 4365 T.
1015 4330 1325 4379 graccorum
1381 4318 1537 4381 copia
1583 4322 1852 4381 superest,
1902 4332 2122 4380 quorum
2170 4316 2375 4380 aliquos
2422 4316 2732 4364 brevissime

278 4404 681 4466 perstringemus.
738 4402 1017 4451 Laudatur
1054 4402 1167 4457 cod.
1195 4418 1270 4466 gr.
1298 4418 1339 4451 s,
1370 4402 1429 4452 G.
1470 4407 1523 4452 et
1554 4404 1617 4451 L.
1658 4402 1923 4467 quondam
1964 4401 2120 4451 Card.
2157 4403 2310 4450 Dom.
2349 4402 2732 4462 Passionei,

278 4504 401 4536 nunc
444 4488 605 4537 Bibl.
645 4488 1017 4553 Angelicae
1065 4489 1214 4537 Rom.
1253 4505 1393 4538 mon.
1433 4488 1485 4537 S.
1524 4488 1658 4553 Aug.
1699 4504 1840 4538 saec.
1877 4489 1972 4537 IX.
2023 4488 2185 4537 habet
2219 4487 2335 4537 Act.
2373 4486 2472 4551 Ap.
2513 4502 2562 4535 a.
2602 4504 2645 4535 c.
2684 4490 2732 4548 8,

280 4574 349 4623 20.
377 4589 414 4623 s.
450 4575 617 4639 Epist.
658 4575 817 4624 Cath..
850 4580 903 4625 et
935 4575 1209 4624 Paulinas.
1250 4575 1331 4625 Cf.
1357 4575 1657 4638 Blanchini,
1695 4574 1936 4625 Mantiss.
1963 4574 2006 4636 1,
2035 4575 2152 4623 564.
2181 4590 2222 4623 s.
2261 4574 2437 4637 Birch,
2476 4589 2586 4623 var.
2611 4572 2732 4623 lect.
