3309 5300
1490 1313 1611 1393 VI

940 1750 1005 1796 a.
1082 1727 1535 1803 HISTORIAE
1580 1727 2174 1803 EVANGELIGAE

2661 415 2790 482 363

594 1487 1196 1583 TABULA
1269 1482 2510 1583 CHRONOLOGICA.

312 1905 407 1954 AB
458 1903 1005 1955 JNGARNATIONE
1060 1905 1128 1954 D.
1175 1905 1242 1955 N.
1277 1905 1329 1955 J.
1381 1905 1439 1955 C.
1489 1903 1731 1966 USQUE
1797 1904 1894 1953 AD
1945 1902 2111 1954 EIUS
2159 1902 2669 1954 ASGENSIONEM
2722 1904 2798 1955 IN

619 1997 919 2062 OOELOS,
960 1998 1122 2050 SIVE
1159 1999 1251 2048 AB
1287 1998 1483 2051 ANNO
1520 2001 1568 2049 4.
1606 1998 1669 2049 A.
1707 1998 1768 2049 C.
1797 2029 1860 2037 —
1887 2001 1969 2048 30.
2007 1998 2168 2048 AER.
2204 1999 2268 2048 V.
2306 1998 2367 2049 P.
2407 1997 2467 2049 O.

308 2196 415 2230 Anni
440 2205 517 2229 ner.

357 2256 476 2299 Vulg-

394 3722 477 4370 1111153133

627 2335 771 2384 Aera
818 2333 1121 2384 Christiana
1171 2348 1311 2383 anno
1360 2333 1545 2383 Mundi
1597 2336 1769 2397 4274„
1829 2335 1989 2385 Urbis
2037 2336 2282 2385 conditae

696 2421 1169 2485 septingentesimo
1225 2420 1631 2485 quadragesimo
1689 2436 1859 2485 nono3
1922 2425 2047 2471 ante
2103 2437 2283 2472 aeram

697 2506 985 2572 Vulgarem
1025 2508 1225 2571 quinto,
1266 2507 1559 2571 eodemque
1596 2507 1828 2557 Herodis
1865 2507 2155 2572 penultimo
2193 2548 2202 2558 .
2261 2547 2271 2558 .

631 2592 870 2643 Christus
918 2608 1059 2643 anno
1106 2592 1420 2641 duodecimo
1469 2594 1662 2643 aetatis
1713 2593 1926 2659 expleto
1973 2610 2092 2643 cum
2126 2595 2162 2645 J
2167 2611 2281 2644 eru-

696 2680 861 2730 salem
898 2681 1136 2729 venisset
1172 2680 1240 2729 ad
1282 2680 1518 2744 Pascha,
1565 2697 1675 2730 non
1723 2681 1882 2730 rediit
1928 2697 2047 2730 cum
2094 2697 2284 2747 paren-

696 2767 857 2829 tibus,
895 2769 1142 2816 inventus
1178 2772 1301 2831 post
1336 2767 1568 2816 triduum
1605 2769 1662 2816 in
1700 2768 1922 2833 Templo
1982 2807 2273 2818 .....

629 2854 783 2902 Anno
809 2855 1016 2918 imperii
1040 2854 1240 2902 Tiberii
1266 2855 1449 2918 quinto
1478 2859 1531 2904 ct
1557 2855 1762 2904 decimo
1781 2855 2017 2916 ineunte,
2044 2855 2284 2904 Joannes

699 2941 1061 3005 praecursoris
1086 2940 1433 2990 ministerium
1461 2956 1698 3004 exorsus,
1720 2942 1862 2990 circa
1887 2941 2080 2991 festum
2107 2942 2283 3006 expia-

696 3027 858 3076 tionis
894 3026 1169 3091 praedicat
1204 3028 1586 3091 poenitentiam
1637 3065 2274 3077 ..........

632 3112 874 3162 Christus
910 3113 1215 3178 baptizatus
1252 3113 1453 3162 secedit
1488 3115 1544 3161 in
1584 3114 1868 3164 desertum.
1906 3115 2167 3164 Tentatur
2195 3153 2206 3164 .
2264 3153 2275 3164 .

630 3201 872 3249 Instante
908 3199 1179 3250 Pascha
1225 3199 1555 3250 [Iudaeorum
1598 3201 1840 3250 ascendit
1873 3201 2034 3251 Jesus
2071 3201 2286 3252 Jeroso-

699 3286 922 3351 lymam3
961 3287 1107 3336 eiicit
1141 3287 1363 3351 Templo
1401 3287 1694 3338 vendentes
1733 3292 1786 3336 et
1824 3292 2058 3338 ementes
2125 3327 2136 3338 .
2196 3328 2206 3338 .
2265 3327 2276 3338 .

631 3374 869 3424 Joannes
903 3372 1199 3423 decollatur
1221 3410 2276 3425 ................

636 3460 972 3511 Secundus
1010 3461 1281 3524 praeconii
1318 3461 1563 3510 coelestis
1601 3475 1774 3509 annus
1846 3499 2277 3512 .......

633 3547 869 3596 Reverso
918 3548 975 3595 in
1024 3546 1320 3596 Galilaeam
1366 3547 1599 3596 Domino
1648 3547 1893 3596 Herodes
1941 3547 2125 3596 audita
2175 3549 2287 3598 eius

705 3633 849 3682 fama
884 3633 1150 3682 Joannem
1186 3637 1339 3698 putat
1374 3634 1666 3684 surrexisse
1703 3649 1736 3682 a
1773 3636 1990 3682 mortuis
2056 3673 2066 3683 .
2128 3673 2138 3684 .
2196 3673 2206 3684 .
2267 3674 2278 3684 .

636 3719 798 3770 Jesus
836 3718 1077 3768 ascendit
1111 3720 1181 3768 ad
1214 3721 1427 3770 tertium
1463 3721 1676 3770 Pascha
1713 3721 2091 3770 celebrandum
2129 3761 2138 3770 .
2195 3760 2206 3772 .
2267 3761 2277 3771 .

639 3805 1070 3870 Transfiguratur
1083 3845 2278 3858 ..................

637 3893 799 3942 Venit
832 3891 1146 3964 Bethaniam
1185 3897 1239 3952 et
1272 3893 1537 3942 Lazarum
1574 3895 1795 3943 suscitat
1850 3932 2279 3944 .......

638 3978 823 4028 Annus
860 3979 925 4028 D.
962 3979 1027 4028 N.
1064 3978 1116 4027 J.
1156 3978 1214 4028 C.
1254 3971 1668 4047 ,,σ·’ταυρώσιμος“
1710 4019 2000 4030 .....
2046 3978 2069 4030 ’.
2128 4021 2138 4030 .
2199 4020 2209 4030 .
2269 4020 2279 4031 .

641 4064 936 4114 Concilium
972 4063 1291 4114 Pontificum
1330 4065 1583 4114 adversus
1619 4066 1655 4115 J
1661 4082 1808 4116 esum
1849 4105 2279 4116 .......

638 4151 799 4200 Jesus
834 4151 1151 4200 Bethaniam
1188 4151 1423 4215 divertit3
1472 4152 1645 4201 Maria
1682 4153 1846 4217 pedes
1881 4152 2024 4202 illius
2071 4153 2224 4217 ungit
2269 4192 2280 4204 .

637 4238 797 4286 Feria
832 4239 1028 4301 prima3
1064 4237 1225 4288 Jesus
1261 4239 1556 4303 ingreditur
1580 4238 1882 4290 Jerusalem
1907 4239 2239 4304 triumphans
2270 4279 2279 4288 .

638 4324 801 4373 Feria
853 4325 1067 4388 quinta3
1124 4325 1222 4373 sub
1277 4340 1582 4390 vesperam,
1638 4325 1930 4390 incipiente
1983 4326 2154 4390 prima
2206 4327 2291 4375 die

708 4410 1050 4474 Azymorum,
1105 4411 1266 4461 Jesus
1328 4411 1607 4476 discipulis
1669 4411 1823 4460 dicit:
1883 4412 2077 4460 Parate
2137 4411 2292 4461 nobis

709 4497 919 4549 Pascha
954 4502 1014 4547 ut
1049 4498 1455 4561 manducemus3
1505 4499 1859 4548 coenantibus
1904 4498 2010 4548 illis
2058 4498 2149 4547 dat
2193 4500 2290 4548 sub

712 4585 887 4649 specie
912 4586 1066 4650 panis
1094 4598 1305 4649 corpus,
1332 4584 1431 4633 sub
1458 4586 1639 4648 specie
1658 4586 1768 4634 vini
1789 4587 2102 4650 sanguinem
2121 4601 2290 4634 suum.

2437 2512 2683 2561 XXVIII.
2723 2528 2762 2561 S.

2689 2773 2768 2822 15.

2571 3029 2768 3078 XLIII.

2485 3289 2646 3338 XLV.
2686 3291 2769 3339 41.

2579 3377 2770 3426 XLVI.

2707 3462 2769 3510 L.

2689 3637 2770 3684 66.

2605 3721 2772 3770 LVII.

2691 3809 2751 3856 71
2760 3845 2772 3856 .

2692 3896 2773 3943 79.

2419 3981 2560 4029 LIX.
2576 3980 2772 4028 LXIII.

2436 4073 2445 4080 “
2689 4067 2773 4114 80.

2691 4154 2774 4200 82.

2692 4240 2774 4286 83.

2537 4584 2620 4633 96.
2658 4583 2776 4631 234.
