3309 5300
1152 431 1213 470 De
1243 429 1465 484 codicibus
1494 443 1594 471 mss.
1625 431 1678 470 N.
1707 431 1754 470 Τ.
2565 422 2684 483 111

222 621 417 656 numero
451 608 577 653 sunt
614 604 1205 666 Claromontanus‚
1245 605 1804 670 Cantabrigensis
1843 606 2058 670 aliique,
2096 606 2501 656 translationem
2537 608 2685 656 Lati-

222 709 343 753 nam,
390 707 454 740 ex
498 691 567 739 iis
617 691 837 756 quidem
888 707 1055 757 quae
1110 696 1263 741 ante
1310 693 1778 757 Hieronymum
1835 694 2064 754 fuerant,
2115 694 2403 743 continent.
2466 693 2687 744 Veteres

220 780 399 829 librarii
448 777 722 828 interdum
770 779 827 826 in
874 794 1029 828 usum
1078 794 1231 829 suum
1279 785 1655 829 converterunt
1709 779 1943 845 aliquam
1995 780 2359 830 membranam
2406 782 2511 829 iam
2563 796 2686 830 con-

221 868 467 929 scriptam3
509 865 604 913 ubi
642 855 797 930 prius
836 867 1034 930 scripta
1069 866 1327 916 abradere
1364 872 1416 915 et
1449 867 1725 931 detergere
1764 866 2048 929 debebant,
2088 866 2280 916 deinde
2317 882 2459 917 nova
2495 867 2686 917 substi-

218 959 347 1002 tuere
375 956 641 1017 poterant.
668 949 818 1002 'Hoc
852 968 978 1002 vero
1017 953 1260 1002 codicum
1296 969 1465 1018 genus
1500 952 1869 1018 Palimpses
1883 958 2016 1003 tum
2041 982 2108 990 —
2137 969 2169 1000 α
2201 949 2346 1003 πάλιν
2379 955 2588 1015 iterum,
2629 958 2688 1002 et

220 1036 315 1106 ψάω
347 1037 491 1087 rado.
518 1067 586 1074 —
612 1038 708 1088 vel
744 1039 1253 1104 Rosci-iptorum
1289 1039 1603 1104 adpellatur.
1654 1039 1735 1089 Cf.
1759 1040 2126 1102 Montfaucon‚
2153 1039 2582 1105 Palaeographia
2611 1055 2686 1105 gr.

220 1127 323 1175 Par.
360 1125 506 1173 1718.
543 1125 587 1186 Ι,
629 1127 681 1174 2.
721 1143 773 1190 p.
814 1127 894 1174 19.
932 1142 974 1176 s.
1028 1125 1372 1188 Vercellone‚
1423 1126 1478 1174 di
1524 1142 1599 1175 un
1650 1125 1850 1176 Codice
1897 1126 2104 1176 Biblico
2143 1126 2496 1192 Palimpsesto
2547 1126 2689 1176 della

218 1210 531 1260 Bibliotheca
566 1211 863 1274 Vaticana,
912 1214 970 1260 in
1017 1213 1158 1262 Diss.
1196 1212 1360 1262 Acad.
1407 1214 1557 1262 Rom.
1608 1215 1759 1262 1864.
1809 1215 1854 1261 1.
1893 1229 1934 1262 s.
2007 1212 2164 1262 Talia
2211 1218 2335 1262 sunt
2380 1214 2682 1278 fragmenta

220 1297 543 1364 palimpsesta
577 1299 675 1347 IV.
714 1300 778 1349 V.
819 1299 907 1348 VI.
945 1300 1092 1348 VIII.
1140 1299 1357 1361 saeculi,
1409 1316 1529 1349 cum
1576 1300 1714 1348 Novi
1750 1305 1861 1348 tum
1897 1301 2106 1349 Veteris
2143 1301 2496 1363 Testamenti,
2546 1315 2684 1365 quae

219 1383 363 1434 edidit
396 1384 453 1433 C.
479 1384 856 1434 Tischendorf.
892 1387 1040 1450 Lips.
1070 1388 1218 1435 1855.
1249 1387 1397 1435 1857.
1422 1388 1595 1449 1860.;
1636 1391 1690 1436 et
1715 1387 1970 1451 imprimis
1999 1387 2150 1436 1865.
2182 1386 2286 1436 vol.
2312 1388 2376 1436 V.
2402 1386 2686 1452 Epistolae

218 1471 353 1520 Pauli
388 1475 440 1519 et
476 1469 797 1522 Catholicae
846 1472 957 1522 fere
1004 1473 1247 1537 integrae
1298 1489 1362 1522 ex
1409 1473 1545 1523 libro
1584 1473 1864 1538 Porphyrii
1901 1475 2031 1538 epis.
2069 1472 2412 1538 palimpsesto
2461 1489 2506 1523 s.
2541 1474 2687 1523 VHI.

218 1558 291 1607 vel
321 1558 408 1606 IX.
446 1557 527 1606 Cf.
553 1558 774 1624 Proleg.
800 1576 851 1625 p.
879 1559 992 1608 XV.
1019 1574 1059 1608 s.
1097 1559 1161 1608 In
1200 1559 1458 1609 eiusmodi
1494 1561 1814 1610 membranis
1852 1564 2027 1610 textus
2066 1559 2118 1608 S.
2158 1559 2210 1608 S.
2247 1560 2311 1609 N.
2350 1561 2412 1609 T.
2450 1560 2685 1610 radendo

218 1644 290 1693 vel
334 1643 600 1693 abluendo
661 1645 886 1707 deletus,
944 1649 997 1694 et
1050 1645 1275 1695 aliorum
1320 1648 1632 1711 scriptorum
1691 1662 1824 1712 opus
1878 1647 2188 1712 inscriptum
2241 1646 2367 1710 fuit3
2429 1649 2688 1697 vetustior

221 1736 375 1781 autem
410 1731 684 1796 scriptura
732 1733 967 1796 pressius
1015 1730 1177 1780 infixa
1213 1732 1401 1794 haesit,
1451 1733 1645 1797 viaque
1692 1733 1930 1782 chemica
1964 1733 2158 1782 nostris
2197 1733 2385 1782 diebus
2422 1749 2519 1798 per
2555 1735 2684 1782 artis

218 1819 392 1883 peritos
430 1817 782 1868 educebatur.
839 1818 1086 1868 Ceterum
1123 1820 1436 1868 remittimus
1472 1819 1535 1868 L.
1573 1820 1635 1868 B.
1676 1819 1746 1868 ad
1781 1815 2408 1887 φωτο-λυθογραφουμένας
2447 1820 2688 1869 codicum

218 1906 466 1970 imagines,
513 1919 654 1969 quas
694 1905 763 1954 ad
803 1905 1002 1954 calcem
1039 1905 1195 1954 huius
1233 1906 1599 1955 commentarii
1635 1906 1961 1956 exhibemus-

398 1992 655 2057 Denique
690 2008 744 2042 ·c.
785 1993 1183 2057 distinguuntur
1219 1993 1481 2041 ratione
1532 1993 1872 2058 temporis:
1925 1997 2155 2058 suntque
2202 1993 2290 2042 vel
2340 1994 2686 2058 antiqua03

218 2078 290 2127 vel
330 2076 609 2140 mediae,
664 2079 752 2128 vel
800 2080 1198 2128 recentioris
1247 2081 1523 2129 aetatis.
1585 2080 1752 2129 Varia
1793 2079 2058 2129 habentur
2103 2079 2374 2129 indicia
2422 2081 2686 2130 aetatis

220 2164 517 2226 codicum,
559 2181 743 2230 neque
780 2171 960 2216 tamen
997 2181 1151 2215 omne
1183 2165 1399 2215 dubium
1436 2165 1790 2215 excludentia.
1835 2166 2055 2215 Maximi
2079 2181 2208 2216 sane
2241 2165 2477 2215 Critici
2513 2167 2689 2216 inter

219 2252 387 2317 plura
408 2265 573 2316 saepe
600 2252 877 2302 saecula
900 2252 1257 2314 fluctuant,
1288 2268 1405 2301 cum
1433 2253 1507 2301 de
1536 2257 1754 2302 aetate
1783 2252 2076 2302 codicum
2103 2268 2131 2301 e
2151 2253 2445 2317 scripturae
2471 2252 2685 2301 charac-

219 2345 313 2387 tere
347 2337 600 2387 iudicium
641 2338 919 2388 ferendum
958 2343 1053 2388 est.
1112 2339 1418 2388 Bernardus
1455 2339 1820 2400 Montfaucon,
1857 2337 2284 2403 Palaeographia
2319 2355 2394 2403 gr.
2430 2339 2527 2401 III,
2563 2340 2607 2388 1.
2635 2355 2686 2404 p.

221 2427 319 2473 193.
352 2426 431 2473 vir
464 2425 521 2473 in
560 2440 622 2474 re
662 2426 963 2490 antiquaria
998 2426 1390 2476 versatissimus
1428 2425 1694 2474 declarat:
1743 2440 2005 2486 „aevum
2043 2424 2344 2474 codicum
2383 2426 2493 2489 qui
2539 2428 2688 2474 ante

221 2512 542 2576 septimum
580 2513 925 2561 saeculum
962 2513 1203 2577 scripti
1239 2516 1411 2573 sunt,
1450 2511 1639 2561 nulla
1675 2516 1897 2576 potest
1933 2516 2115 2560 certa
2150 2515 2307 2560 nota
2337 2510 2686 2576 distingui,
2761 2562 2766 2568 ,

221 2597 731 2663 quandoquidem
784 2614 1002 2648 omnes
1053 2598 1271 2647 eadem
1320 2614 1483 2663 pene
1531 2598 1878 2647 literarum
1928 2597 2134 2647 forma
2178 2602 2329 2647 sunt
2377 2599 2684 2647 exarati.“

222 2684 358 2745 Quod
402 2700 529 2750 ergo
582 2686 656 2735 ad
700 2701 890 2735 aevum
934 2687 1047 2735 sive
1094 2690 1413 2735 vetustatem
1464 2686 1691 2735 alicuius
1729 2685 1926 2735 codicis
1963 2686 2168 2747 attinet,
2213 2700 2374 2751 saepe
2411 2686 2688 2735 arbitrario

224 2770 472 2835 defigitur3
516 2772 667 2821 unde
703 2776 869 2837 patet,
908 2772 1064 2837 quid
1100 2772 1173 2821 de
1211 2772 1790 2822 altercationibus
1828 2771 2238 2821 Criticorum
2273 2772 2690 2823 sentiendum

224 2858 320 2919 sit,
368 2858 478 2921 qui
516 2858 599 2907 de
637 2858 1107 2920 Alexandrini,
1159 2858 1479 2908 Sinaitici
1517 2862 1581 2907 et
1614 2859 1932 2909 Vaticani
1970 2858 2234 2908 Codicis
2279 2859 2690 2923 antiquitate

223 2943 488 3008 litigant.
528 2943 587 2993 Si
612 2945 773 3009 igitur
798 2950 1003 3010 tempus
1029 2946 1329 3009 scriptionis
1355 2960 1619 3010 nusquam
1644 2949 1956 2994 annotatum
1982 2949 2078 3007 est,
2111 2946 2216 2994 imo
2243 2944 2528 3009 aliquando
2555 2945 2691 2995 haec

222 3032 325 3093 ipsa
359 3032 612 3095 temporis
649 3036 779 3081 nota
814 3033 1118 3096 suspicione
1155 3031 1277 3080 falsi
1313 3032 1547 3095 laborat3
1586 3032 1654 3081 ad
1692 3030 1798 3081 alia
1825 3032 2024 3081 indicia
2054 3032 2244 3081 aetatis
2280 3032 2690 3097 confugiendum

226 3118 325 3179 erit,
360 3118 553 3181 quibus
594 3120 901 3167 coniectura
935 3118 1044 3167 fiat.
1100 3119 1379 3168 Eiusmodi
1414 3123 1720 3168 statuuntur
1755 3118 1987 3168 modus
2025 3116 2401 3167 scribendi.
2465 3117 2690 3169 Codices

224 3205 461 3267 antiqui
520 3205 921 3254 uncialibus
978 3204 1309 3267 maiusculis,
1372 3206 1484 3254 sive
1538 3204 1908 3270 grandioribus
1973 3204 2213 3253 rotundis
2267 3208 2360 3253 aut
2413 3204 2690 3269 quadratis

222 3290 389 3353 literis,
426 3292 573 3340 sine
612 3292 1003 3341 accentibus
1042 3297 1094 3340 et
1128 3291 1823 3356 interpunctionibus
1860 3306 1986 3341 una
2023 3292 2194 3339 serie
2231 3295 2355 3340 sunt
2390 3291 2690 3356 conscripti.

227 3375 432 3426 Codices
470 3393 659 3427 omnes
694 3393 864 3443 usque
890 3377 959 3426 ad
984 3377 1253 3427 saeculum
1292 3379 1569 3443 septimum
1608 3378 1917 3427 accentibus
1955 3381 2154 3426 carent.
2201 3375 2427 3441 Spiritus
2462 3377 2689 3442 quidem,

225 3478 279 3512 ac
302 3465 463 3529 magis
502 3465 665 3514 etiam
701 3465 1072 3529 apostrophuS,
1110 3469 1245 3513 teste
1285 3463 1343 3513 C.
1370 3464 1735 3527 Tischendorf,
1763 3464 1844 3513 ed.
1872 3480 1943 3513 cr.
1969 3464 2082 3512 VII.
2111 3463 2243 3528 prol.
2269 3480 2320 3528 p.
2351 3466 2466 3513 131.
2491 3465 2691 3529 passim

226 3551 567 3600 inveniuntur.
629 3551 839 3601 Eodem
875 3551 1140 3601 referente
1177 3550 1421 3600 nonnulli
1460 3567 1504 3600 e.
1530 3567 1579 3615 g.
1616 3551 1731 3600 cod.
1757 3552 1819 3600 B.
1857 3550 2098 3616 partibus
2134 3551 2218 3612 iis,
2257 3564 2390 3614 quas
2428 3549 2691 3601 secundus

228 3642 475 3686 corrector
510 3638 635 3687 usui
674 3638 1037 3688 ecclesiastico
1086 3642 1239 3702 aptas
1287 3637 1529 3699 reddidit,
1578 3638 1872 3701 posteriore
1923 3640 2100 3686 aetate
2149 3637 2460 3687 accentibus
2510 3636 2693 3685 donati

225 3728 347 3772 sunt.
394 3723 565 3773 Plane
603 3729 780 3773 autem
818 3725 1069 3774 abhorret
1104 3739 1138 3772 a
1161 3725 1425 3789 scriptura
1460 3723 1662 3772 unciali
1697 3725 1840 3773 iota
1874 3724 2340 3788 subscriptum.
2387 3724 2468 3772 Ib.
2494 3740 2546 3788 p.
2575 3724 2690 3772 133.

226 3809 509 3874 Aliquando
554 3812 610 3859 in
660 3811 879 3860 ferendo
928 3811 1125 3860 iudicio
1175 3810 1240 3860 de
1290 3811 1604 3875 antiquitate
1654 3810 1896 3859 codicum
1945 3810 2202 3859 adiuvant
2247 3811 2538 3859 Historiae.
2607 3809 2692 3859 Ita

227 3895 418 3947 codices
456 3898 763 3961 quicunque
799 3897 1138 3947 Eusebianos
1178 3910 1410 3947 canones
1446 3926 1511 3933 —-
1537 3914 1588 3946 v,
1625 3897 1901 3946 Protheor.
1939 3913 1991 3945 n.
2031 3899 2113 3946 14.
2150 3914 2202 3962 p.
2239 3896 2409 3945 XVII.
2445 3926 2508 3933 -
2551 3912 2689 3946 com·

225 3983 561 4047 prehendunt,
598 3984 839 4033 Eusebio
875 3988 1000 4034 sunt
1024 3984 1275 4033 iuniores.
1325 3985 1532 4033 Nomen
1569 3978 1878 4045 ,,Θεοτόκος“
1915 3983 1980 4032 de
2004 3983 2066 4032 B.
2091 3983 2264 4032 Maria
2287 3984 2350 4032 V.
2378 3982 2689 4046 adhibitum,

226 4070 526 4119 Nestoriano
564 4086 697 4120 aevo
748 4072 1095 4121 recentiorem
1141 4070 1465 4120 demonstrat
1515 4072 1789 4135 originem.
1865 4069 2156 4119 Character
2204 4071 2498 4136 scripturae
2547 4070 2692 4119 solus

227 4162 273 4205 et
312 4174 406 4221 per
452 4173 511 4207 se
559 4172 901 4223 nequaquam
950 4158 1277 4221 antiquitatis
1327 4161 1409 4207 est
1456 4157 1858 4220 documentum3
1917 4172 2038 4205 cum
2086 4156 2292 4207 librarii
2337 4156 2425 4206 vel
2477 4160 2692 4221 propter

225 4243 491 4305 inscitiam,
544 4244 633 4293 vel
683 4249 743 4294 ut
793 4240 967 4309 operis
1018 4248 1277 4308 augerent
1321 4245 1565 4309 pretium,
1617 4249 1850 4294 veterem
1895 4242 2040 4293 haud
2085 4259 2204 4294 raro
2253 4242 2444 4292 imitati
2496 4243 2693 4292 fuerint

228 4330 481 4379 scribendi
516 4331 745 4380 modum.

420 4417 465 4465 B
481 4432 512 4466 o
528 4419 714 4466 nitas
770 4416 810 4465 C
827 4432 857 4465 o
875 4416 939 4464 di
955 4431 1095 4465 cum
1147 4416 1345 4482 pendet
1391 4416 1603 4482 quidem
1654 4432 1719 4465 ex
1767 4420 1919 4481 parte
1969 4418 2036 4465 ab
2088 4432 2270 4466 eorum
2319 4419 2520 4477 aetate,
2571 4431 2691 4465 cum

230 4504 403 4552 ceteris
439 4504 657 4569 paribus
692 4502 1045 4552 verosimilius
1070 4504 1155 4564 sit,
1180 4502 1511 4552 authenticas
1547 4502 1809 4551 lectiones
1835 4503 2054 4567 antiquo
2087 4504 2264 4567 potius
2291 4515 2450 4566 quam
2485 4503 2692 4551 iuniore

230 4604 374 4640 msso.
414 4590 683 4665 exhiberi3
734 4591 946 4653 sintque
982 4593 1116 4639 teste
1155 4588 1355 4638 Critica
1392 4594 1445 4638 et
1479 4590 1715 4639 hebraici
1752 4595 1806 4639 et
1841 4592 2021 4654 graeci
2056 4589 2268 4639 codices
2303 4589 2499 4638 vetusti
2531 4589 2693 4639 iidem
