3309 5300
514 408 595 474 12
1191 425 1426 467 Commeat.
1456 422 1510 464 de
1539 425 1583 465 S.
1605 424 1819 475 scriptur.
1850 436 1943 475 cap.
1974 424 2099 475 prim.
2132 425 2241 465 sect.
2273 424 2307 465 Ι.

509 600 730 664 monia
785 599 1182 695 diligentiam
1243 599 1505 684 quidem
1563 622 1885 664 summam
1941 623 1990 664 S.
2048 599 2454 686 Scriptorum
2512 602 2577 663 in
2638 601 3005 667 retexenda

508 712 897 799 genealogia
955 711 1264 797 Davidis3
1345 712 1461 778 sed
1527 722 1591 777 et
1649 722 1987 778 auctorem
2058 713 2135 778 L.
2191 712 2269 778 L.
2328 713 2878 800 Paralipomenon
2938 726 3004 781 et

510 824 782 890 secundi
824 824 1078 889 Esdrae
1138 825 1419 890 alienum
1479 848 1620 891 esse
1670 828 1930 891 omnino
1979 826 2062 890 ab
2112 835 2325 891 aetate
2369 825 2622 891 Esdrae
2670 836 2737 893 et
2778 827 2994 893 Nehe-

508 940 676 1003 miae
705 962 718 1002 :
790 960 937 1002 cum
999 938 1423 1024 genealogiae
1478 941 1640 1004 istae
1703 942 1768 1004 in
1825 948 2085 1026 tempus
2140 939 2460 1023 incidant,
2530 962 2659 1025 quo
2717 963 2996 1025 regnum

507 1052 857 1115 Persarum
887 1053 954 1115 in
984 1052 1315 1117 interitum
1346 1076 1622 1138 vergere
1654 1055 1893 1118 sensim
1924 1056 2052 1117 iam
2085 1051 2469 1137 inchoabat3
2502 1075 2718 1139 neque
2750 1054 2999 1120 Esdras

514 1173 580 1228 et
609 1164 960 1229 Nehemias
1007 1167 1390 1252 superstites
1438 1190 1516 1231 eo
1564 1189 1730 1232 aevo
1766 1168 2037 1251 cogitari
2082 1168 2352 1252 possint.
2420 1165 2616 1247 Quod
2666 1166 2998 1232 traditioni

507 1276 659 1342 huic
718 1277 1168 1343 Judaeorum¹
1223 1281 1363 1344 veri
1409 1280 1665 1363 subest,
1716 1302 1793 1344 eo
1838 1279 2041 1344 redit:
2088 1278 2447 1362 Esdram,
2496 1278 2778 1343 scribam
2824 1279 2999 1343 velo·

511 1412 654 1455 cem
683 1392 750 1454 in
781 1390 964 1475 Lege
995 1391 1144 1474 Dei,
1180 1396 1360 1456 cuius
1391 1402 1582 1457 notus
1631 1403 1729 1456 est
1774 1391 1969 1457 ardor
2014 1394 2080 1455 in
2128 1392 2420 1477 collapsa
2467 1393 2729 1456 civitate
2760 1394 2999 1456 instau-

507 1503 736 1587 randa,
775 1526 1041 1589 operam
1077 1502 1492 1591 impendisse,
1540 1516 1612 1569 ut
1658 1505 1975 1569 collatis
2024 1506 2341 1590 optimis
2388 1503 2999 1591 quibuscunque

510 1616 1132 1703 exemplaribus,
1157 1616 1532 1682 Volumen
1558 1617 1941 1702 ,Legis‘-—
1971 1619 2125 1702 quia
2149 1639 2227 1681 eo
2252 1618 2609 1704 praecipue
2636 1617 2721 1681 ad
2743 1618 2999 1703 religio-

505 1752 658 1794 nem
693 1752 859 1815 opus
892 1740 1031 1795 erat
1061 1768 1146 1778 -—-
1179 1724 2044 1815 quam'emendatissime
2076 1732 2143 1794 in
2173 1729 2449 1816 Templo
2484 1730 2775 1796 secundo
2807 1753 2998 1817 repo-

506 1853 772 1907 neretur
797 1846 841 1907 2.
887 1844 1108 1930 Atque
1137 1843 1198 1907 d.
1228 1843 1378 1907 huic
1411 1843 1725 1930 deinceps
1756 1843 2088 1909 Volumini
2123 1842 2442 1927 dirigente
2478 1842 2725 1930 Spiritu
2752 1844 2995 1908 Divino

510 1965 574 2019 et
618 1955 1000 2042 prophetico
1049 1978 1089 2019 a
1131 1956 1452 2020 Nehemia
1485 1956 1592 2020 alii
1635 1955 1821 2021 Libri
1868 1956 2055 2021 Sacri
2086 1955 2630 2040 adiungebantur.
2694 1956 3001 2022 Testatur

507 2069 633 2134 hoc
667 2072 944 2155 scriptor
972 2068 1118 2133 libri
1151 2068 1424 2133 secundi
1445 2068 2004 2135 Machabaeorum
2028 2068 2127 2133 his
2151 2068 2370 2133 verbis
2390 2072 2447 2132 3:
2482 2072 3002 2151 ,καταβαλλόμενος

509 2184 873 2261 βιβλιοθήκην
905 2184 1272 2265 ἐπισυνήγαγε
1299 2187 1370 2246 τὰ
1396 2184 1510 2267 τερὶ
1531 2192 1640 2246 τῶν
1666 2186 2077 2266 βασιλέως-
2097 2183 2178 2247 de
2209 2181 2475 2266 regibus
2499 2183 2677 2248 Juda
2706 2194 2770 2247 et
2794 2184 3001 2247 Israel

507 2298 547 2359 i.
583 2318 638 2362 e.
687 2296 787 2359 IV
817 2295 1052 2361 Libros
1098 2296 1356 2381 Regum
1400 2305 1508 2359 τῶν
1552 2296 1769 2361 LXX..
1820 2307 1883 2362 et
1920 2296 2268 2383 Vulgatae,
2317 2297 2487 2363 adde
2533 2295 2770 2361 librum
2803 2296 2999 2381 Ruth,

507 2408 916 2493 praeludium
946 2407 1254 2474 historiae
1286 2410 1652 2476 Davidicae
1678 2450 1765 2458 —
1787 2412 1880 2474 καὶ
1907 2419 2222 2494 προφητῶν,
2246 2450 2329 2460 -—
2356 2421 2489 2476 tam
2520 2410 2663 2475 illos
2697 2411 2809 2495 qui
2839 2411 2999 2474 vati-

510 2522 680 2585 cinia
711 2524 1066 2606 continent,
1101 2545 1296 2609 quam
1330 2523 1490 2588 alios
1521 2548 1560 2587 a
1591 2524 1939 2609 Prophetis
1972 2526 2248 2610 scriptos
2281 2563 2349 2571 —
2381 2525 2474 2586 καὶ
2502 2526 2571 2586 τὰ
2600 2530 2693 2586 τοῦ
2723 2525 2889 2585 Δαυιδ
2917 2560 2997 2571 —-

505 2643 861 2722 vatumque
911 2635 1185 2701 aliorum
1230 2660 1439 2723 usque
1486 2636 1571 2702 ad
1618 2661 1739 2702 sua
1782 2646 2083 2724 tempora
2112 2660 2225 2723 ——3
2274 2648 2339 2703 et
2370 2640 2507 2703 sine
2556 2637 2755 2702 dubio
2804 2638 3000 2701 etiam

503 2749 707 2814 libros
733 2749 1121 2834 SalomoniS,
1146 2751 1190 2816 J
1193 2750 1320 2836 obi,
1347 2753 1457 2836 qui
1490 2751 1576 2815 ad
1608 2750 1887 2816 eandem
1922 2751 2196 2816 classem
2227 2754 2631 2837 pertinerent
2664 2772 3001 2815 sacrarum

503 2885 796 2948 poeseon
817 2867 858 2928 4.
937 2865 1133 2928 Initia
1177 2863 1342 2928 haec
1391 2875 1577 2929 erant
1622 2863 2024 2929 collectionis
2070 2873 2220 2949 post
2264 2864 2550 2928 exilium.
2621 2863 2989 2928 Servaban-

504 3145 728 3194 quorum
774 3129 996 3179 historia
1043 3133 1166 3196 post
1203 3129 1418 3179 exilium
1463 3145 1634 3195 usque
1682 3129 1751 3178 ad
1800 3130 2080 3195 septimam
2128 3129 2299 3194 gentis
2348 3127 2647 3177 Davidicae
2694 3128 2994 3192 generatio-

503 3232 626 3266 nem
671 3216 946 3266 descendit
989 3216 1288 3266 luculenter
1332 3219 1572 3282 probat.“
1638 3216 1728 3266 Sic
1776 3216 1973 3266 fatetur
2018 3217 2100 3265 vir
2148 3215 2321 3265 acath.
2369 3215 2421 3264 J.
2470 3214 2533 3263 A.
2585 3213 2649 3264 G.
2686 3214 2996 3277 Hoffmann,

503 3303 705 3352 Introd.
745 3304 800 3352 in
835 3303 953 3352 libr.
990 3303 1233 3352 Danielis
1269 3303 1528 3352 Poesnec.
1569 3305 1721 3353 1832.
1765 3319 1817 3368 p.
1846 3304 1927 3351 17.
1984 3301 2351 3352 Concinnunt:
2400 3299 2460 3350 C.
2496 3301 2586 3350 Fr.
2623 3301 2761 3363 Keil,
2799 3301 2996 3352 Lehrb.

506 3389 556 3439 d.
592 3389 713 3440 hist.
751 3390 830 3439 kr.
867 3389 1011 3439 Einl.
1035 3389 1290 3439 Franckf.
1321 3391 1471 3440 1859.
1509 3389 1590 3439 ed.
1616 3389 1687 3438 11.
1714 3406 1765 3455 p.
1792 3391 1910 3440 480.
1959 3389 2047 3437 Fr.
2087 3389 2154 3438 H.
2192 3388 2421 3450 Reusch‚
2461 3387 2655 3437 Lehrb.
2684 3388 2734 3437 d.
2761 3388 2904 3438 Einl.
2943 3389 2999 3438 in

505 3475 555 3526 d.
579 3476 642 3525 A.
669 3476 729 3526 Τ.
754 3476 932 3526 Freib.
962 3478 1114 3526 1864.
1153 3476 1236 3525 ed.
1261 3476 1332 3525 ΙΙ.
1372 3492 1423 3542 p.
1453 3477 1568 3525 154.

717 3563 753 3628 ¹)
801 3563 886 3612 De
937 3577 1046 3628 qua
1091 3563 1362 3627 Josephus
1410 3551 1623 3627 penitus
1672 3567 1831 3612 tacet.
1906 3561 1947 3626 2)
1995 3563 2060 3611 V.
2108 3561 2178 3610 H.
2226 3563 2290 3611 R.
2339 3562 2407 3611 D.
2457 3561 2520 3611 V.
2569 3561 2631 3610 Τ.
2680 3578 2734 3626 p.
2784 3564 2903 3611 519.
2955 3578 2998 3612 s.

505 3649 546 3715 ³)
583 3649 656 3698 ΙΙ.
693 3649 867 3699 Mach.
905 3651 963 3712 2,
1005 3651 1087 3699 13.
1161 3649 1201 3714 ⁴)
1239 3649 1324 3699 De
1370 3647 1739 3700 Pentateucho
1790 3654 1843 3698 et
1888 3649 2004 3697 eius
2050 3648 2452 3698 continuatione
2498 3648 2564 3697 de
2608 3647 2759 3698 libris
2795 3648 3002 3698 Josuae

505 3741 558 3786 et
591 3736 861 3798 Judicum‚
900 3737 955 3785 in
991 3735 1320 3786 bibliotheca
1355 3736 1643 3786 Nehemiae
1681 3735 1830 3785 nulla
1866 3734 1925 3784 fit
1960 3736 2184 3800 menti03
2224 3735 2367 3800 quod
2406 3751 2589 3785 eorum
2626 3735 3002 3786 collectionem

501 3824 611 3872 iam
645 3823 909 3874 «Ieremias
945 3823 1016 3873 II.
1054 3823 1228 3873 Mach.
1267 3825 1315 3885 2,
1354 3825 1403 3872 2.
1451 3827 1608 3888 atque
1644 3822 1848 3872 Esdras
1894 3822 2175 3871 curaverit.
2236 3823 2321 3870 Ex
2366 3821 2449 3872 his
2494 3823 2735 3887 sequitur
2770 3822 3003 3872 Esdram

503 3911 718 3961 minime
767 3925 884 3960 esse
934 3911 1167 3960 omnium
1216 3910 1501 3959 Librorum
1550 3910 1614 3959 V.
1650 3910 1712 3959 F.
1762 3908 2101 3958 collectorem
2152 3907 2531 3974 editoremque.
2606 3907 2765 3958 Certe
2814 3913 3005 3959 auctor

505 4011 668 4062 saepe
707 3997 956 4047 laudatus
995 3997 1214 4048 alterius
1251 3997 1373 4046 libri
1409 3995 1863 4046 Machabaeorum
1899 4011 2009 4045 rem
2046 4011 2155 4045 non
2180 3997 2507 4060 reticuisset3
2547 3997 2593 4046 si
2620 3997 2733 4045 eius
2759 4001 3002 4060 tempore

504 4083 778 4134 celebrata
811 4085 1001 4135 fuisset
1025 4085 1168 4134 fama
1194 4083 1259 4134 de
1283 4083 1461 4134 Esdra
1497 4100 1538 4133 s.
1566 4083 1894 4149 Scriptorum
1916 4083 1973 4132 in
2002 4099 2167 4132 unum
2204 4082 2507 4133 collectore.
2565 4082 2767 4133 Contra
2790 4082 3002 4147 Hengs—

504 4172 834 4236 tenbergium
849 4209 862 4233 ‚
912 4173 1003 4236 qui
1047 4172 1297 4237 Beitriige
1334 4170 1378 4232 1,
1416 4172 1500 4220 24.
1537 4187 1579 4221 s.
1625 4171 1729 4220 hoc
1776 4171 2204 4236 antiquissimum
2250 4170 2626 4220 documentum
2670 4169 2737 4218 de
2777 4167 3002 4219 Canone

506 4256 567 4306 V.
605 4257 667 4307 F.
704 4257 1055 4323 impugnavit,
1095 4257 1387 4322 disputavit
1420 4257 1484 4306 F.
1523 4255 1583 4306 C.
1620 4257 1850 4319 Movers‚
1890 4257 1955 4306 de
1991 4258 2268 4322 utriusque
2304 4273 2410 4306 rec.
2447 4257 2621 4306 Vatic.
2657 4256 2856 4305 Jerem.
2888 4254 3001 4304 ind.

491 4342 699 4394 ,Hamlin
728 4347 880 4396 1837.
904 4362 957 4409 p.
977 4345 1061 4394 49.
1089 4343 1210 4393 coll.
1235 4344 1451 4393 Bonner
1477 4344 1705 4394 zeitsch.
1734 4345 1885 4394 1834.
1922 4345 1987 4406 X,
2016 4346 2133 4393 141.
2159 4361 2201 4394 s.
2241 4342 2300 4392 C.
2325 4343 2664 4394 Bertheau
2688 4343 2771 4391 vir
2802 4341 3001 4402 acath.,

508 4431 574 4481 de
612 4432 848 4483 secundo
885 4431 1052 4481 Libro
1089 4430 1540 4480 Maccahaeorum
1577 4431 1705 4481 diss.
1744 4429 1887 4481 Gott.
1915 4432 2065 4482 1829.
2091 4447 2143 4495 p.
2170 4432 2252 4480 22.
2290 4431 2503 4480 scribit:
2545 4445 2686 4490 „non
2722 4428 3002 4490 habemus,

506 4519 649 4584 quod
683 4521 800 4569 iure
830 4519 956 4568 huic
991 4518 1286 4572 narrationi
1321 4521 1705 4582 opponamus.“
1757 4518 1821 4568 V.
1856 4533 1902 4567 e.
1939 4517 1998 4567 C.
2033 4517 2095 4567 L.
2123 4517 2207 4566 W.
2236 4515 2453 4581 Grimm,
2490 4516 2587 4569 das
2624 4516 2695 4568 11.
2720 4515 2872 4567 Buch
2906 4515 3005 4567 der

504 4607 677 4658 Mace.
711 4623 762 4674 p.
801 4609 850 4657 5.
887 4609 970 4657 58.
