3309 5300
1189 422 1327 475 Leges
1354 423 1509 475 explic.
1541 424 1584 464 S.
1614 423 1880 477 scripturae.
2656 414 2784 479 293

286 596 373 647 ed.
414 597 615 647 Oehler
650 599 796 664 Lips.
836 600 989 649 1846.
1026 615 1076 664 p.
1117 600 1232 649 143.
1278 597 1460 649 Sermo
1497 600 1856 665 propheticus,
1903 600 2280 666 qualicumque
2316 600 2533 651 tandem
2571 602 2784 653 dicendi

284 700 489 749 genere
526 686 719 747 editus,
756 701 967 749 semper
1001 687 1239 735 continet
1273 688 1568 737 orationem
1606 687 2022 752 intelligibilem3
2069 689 2159 752 qui
2197 690 2339 737 enim
2373 687 2525 737 illum
2559 689 2782 754 largitus

286 777 373 821 est
414 770 644 837 Spiritus
683 772 753 834 8.,
802 772 1134 837 propositum
1176 772 1280 821 sibi
1320 772 1537 823 habuit:
1587 778 1791 823 certum
1833 778 1887 824 et
1929 772 2206 823 definitum
2248 774 2400 838 quid,
2451 790 2562 823 non
2602 781 2783 826 autem

284 873 487 923 vagum
510 859 598 908 vel
622 860 885 909 incertum
920 861 1263 909 annunciare.
1310 859 1541 925 Aliquae
1576 860 1914 924 Prophetiae,
1955 874 2088 925 quas
2112 860 2262 910 Deus
2289 862 2358 910 ab
2385 863 2632 912 omnibus
2657 864 2783 911 sciri

285 946 462 995 voluit
487 974 554 983 --
581 963 627 997 e.
665 962 710 995 c.
749 946 815 996 de
851 946 1065 996 Messia.
1107 974 1165 985 -
1196 948 1354 996 etiam
1381 951 1503 997 ante
1538 947 1940 1012 implementum
1977 948 2258 1011 perspicue
2295 951 2348 996 et
2373 947 2516 997 clare
2554 948 2781 999 traditae

286 1039 443 1097 sunt3
482 1033 625 1083 aliae
662 1038 787 1083 ante
824 1039 1072 1083 eventum
1110 1034 1457 1096 obscuriores,
1496 1039 1619 1098 post
1656 1038 1904 1083 eventum
1945 1033 2269 1083 clarissimae
2308 1038 2605 1085 evaserunt.

500 1120 571 1169 At
607 1136 716 1171 non
752 1120 881 1183 solis
915 1120 1097 1169 verbis
1132 1120 1464 1170 voluntatem
1498 1120 1603 1171 Dei
1638 1121 1946 1185 patefacere
1991 1121 2122 1170 iussi
2159 1125 2284 1170 sunt
2317 1120 2635 1186 Prophetae,
2686 1121 2781 1171 sed

283 1210 341 1255 et
393 1207 612 1256 factis
666 1207 1081 1273 quibusdam
1137 1207 1571 1271 symbolicis3
1626 1212 1688 1257 ut
1732 1223 1818 1257 res
1867 1206 2169 1272 significata
2217 1205 2375 1256 altius
2424 1212 2782 1272 spectatorum

284 1294 499 1343 animos
548 1298 871 1358 penetraret.
930 1293 1156 1344 Multum
1202 1298 1380 1343 autem
1429 1294 1707 1359 disputant
1752 1295 2070 1358 interpretes
2087 1296 2110 1343 ⁶?
2162 1307 2232 1341 an
2275 1308 2463 1343 revera
2508 1308 2576 1342 ea
2616 1295 2781 1344 Vates

284 1380 655 1444 patraverint3
708 1380 949 1445 inprimis
986 1381 1033 1429 si
1070 1395 1208 1445 quae
1256 1380 1433 1430 facere
1480 1381 1612 1429 iussi
1648 1384 1788 1442 sunt,
1837 1394 1976 1445 quae
2014 1396 2133 1429 cum
2171 1382 2437 1430 communi
2483 1381 2779 1444 honestate,

282 1472 343 1515 et
381 1468 645 1532 gravitate
682 1468 917 1516 muneris
952 1466 1255 1533 prophetici
1288 1467 1535 1517 videntur
1570 1468 1838 1531 pugnare!
1894 1467 1966 1516 Et
2000 1467 2144 1516 istud
2180 1467 2390 1532 quidem
2431 1468 2776 1517 certissimum

285 1567 410 1602 esse
450 1558 721 1603 tenemus:
771 1552 952 1601 nihil
998 1553 1390 1603 mandatum
1425 1553 1828 1617 Prophetis,
1886 1557 1946 1602 ut
1984 1557 2230 1618 agerent3
2281 1553 2425 1618 quod
2473 1568 2584 1602 non
2630 1553 2782 1603 salva

282 1639 617 1688 verecundia
652 1654 909 1704 peragere
944 1640 1229 1704 potuerint.
1290 1638 1631 1689 Nonnulla
1677 1640 1860 1691 facta
1895 1639 2260 1703 symbolica
2296 1640 2544 1705 absque
2583 1640 2779 1691 dubio

282 1726 385 1775 sic
422 1726 783 1789 sistuntur3
827 1727 998 1775 utin
1032 1740 1207 1775 mera
1240 1728 1870 1791 repraesentatione
1906 1728 2155 1791 potius,
2207 1740 2394 1791 quam
2429 1727 2524 1775 rei
2559 1726 2778 1776 factae

282 1814 577 1862 veritate
628 1813 958 1863 consistat
1004 1816 1402 1877 argumentum:
1454 1817 1508 1862 et
1553 1813 1688 1863 adeo
1738 1813 1804 1861 de
1853 1811 2196 1877 parabola
2243 1814 2451 1877 potius3
2505 1828 2663 1879 quam
2713 1813 2780 1863 de

282 1899 367 1947 rei
412 1902 601 1963 gestae
636 1900 865 1948 veritate
910 1900 980 1947 sit
1015 1898 1371 1963 cogitandum.
1407 1899 1474 1949 E.
1512 1915 1561 1963 g.
1601 1898 1728 1950 Ose.
1769 1902 1815 1961 1,
1853 1902 1901 1949 2.
1938 1902 1988 1961 3,
2029 1901 2075 1948 1.
2124 1898 2321 1947 Ezech.
2359 1900 2407 1961 4,
2445 1902 2495 1949 4.
2549 1898 2670 1948 Alia
2705 1901 2780 1948 ita

282 1990 594 2047 narrantur,
633 1990 693 2034 ut
717 2000 906 2050 reapse
932 2000 967 2033 a
991 1985 1273 2050 Prophetis
1310 1986 1569 2050 praestita
1604 1986 1770 2037 fuere.
1817 1986 1882 2035 Ε.
1910 2001 1956 2035 c.
1977 1985 2104 2034 Isai.
2132 1988 2214 2047 20,
2242 1988 2290 2035 2.
2327 1986 2526 2035 Jerem.
2551 1987 2635 2048 27,
2663 1990 2710 2035 2.
2737 2003 2778 2036 s.

284 2071 489 2121 Ezech.
530 2074 581 2133 ὅ,
621 2073 703 2121 12.
747 2073 831 2121 24.
892 2071 950 2122 Si
994 2072 1073 2122 ita
1122 2070 1539 2133 distinxerimus,
1590 2073 1810 2137 suisque
1850 2073 1907 2121 in
1954 2071 2088 2122 locis
2136 2073 2559 2123 circumstantias
2605 2088 2780 2121 rerum

286 2158 799 2222 examinaverimus3
838 2157 1051 2208 sublata
1088 2159 1188 2207 erit
1236 2159 1405 2207 omnis
1442 2157 1772 2209 difficultatis
1822 2160 2058 2223 species,
2109 2156 2437 2223 satisfietque
2482 2160 2534 2207 vi
2567 2158 2782 2209 illorum

290 2244 594 2306 verborum,
633 2245 827 2309 quibus
863 2244 1164 2309 Prophetae
1200 2245 1258 2293 in
1293 2258 1393 2294 sua
1428 2246 1736 2293 narratione
1771 2250 2008 2294 utuntur.

500 2330 559 2379 Si
594 2332 861 2381 obiectum
911 2332 1021 2381 sive
1072 2335 1545 2395 argumentum
1582 2330 1987 2395 Prophetiarum
2037 2330 2416 2393 consideretur,
2467 2331 2778 2381 facillimum

294 2422 392 2479 est,
420 2432 606 2467 omnes
631 2417 949 2483 Prophetias
969 2416 1294 2482 distinguere
1318 2418 1374 2466 in
1400 2418 1561 2468 duas
1599 2417 1850 2468 classes
1888 2420 2184 2468 maiores.
2232 2416 2368 2466 Sunt
2392 2433 2532 2483 quae
2556 2418 2778 2468 Eccle-

288 2504 473 2568 si‘ae;
510 2508 637 2555 sunt
673 2519 812 2570 quae
846 2504 960 2553 fata
998 2508 1050 2553 et
1086 2509 1307 2555 eventus
1344 2503 1575 2553 mundi
1609 2506 2008 2570 praenuntiant.
2071 2505 2487 2566 Praedictiones,
2534 2519 2674 2569 quae
2710 2504 2780 2555 ad

286 2590 693 2641 Ecclesiam
728 2592 1037 2656 respiciunt,
1084 2592 1141 2639 in
1177 2591 1333 2641 binas
1368 2606 1554 2641 rursus
1589 2592 1800 2657 species
1837 2592 2024 2658 partiri
2060 2591 2212 2656 licet3
2261 2590 2400 2641 aliae
2445 2591 2516 2640 ad
2558 2591 2781 2658 Caput

284 2677 670 2742 Ecclesiae,
720 2678 862 2728 aliae
899 2679 966 2727 ad
1004 2693 1242 2743 corpus
1277 2679 1631 2730 Ecclesiae
1675 2681 1957 2744 pertinent.
2017 2679 2101 2729 Ad
2138 2679 2316 2745 Caput
2348 2678 2628 2728 Ecclesiae
2665 2681 2779 2730 sive

282 2763 643 2827 Messiam,
681 2781 839 2830 quem
876 2781 975 2816 nos
1009 2766 1244 2815 Jesum
1282 2765 1629 2816 Christum
1667 2767 1736 2816 D.
1775 2767 1840 2816 N.
1879 2781 1997 2816 esse
2035 2767 2312 2828 credimus,
2349 2766 2650 2815 referuntur
2685 2764 2780 2814 illa

284 2853 561 2914 vaticinia,
599 2853 657 2901 in
692 2854 886 2917 quibus
925 2852 1274 2915 characteres,
1323 2855 1695 2918 proprietates,
1748 2851 1942 2916 officia,
1991 2852 2256 2904 beneficia
2289 2853 2622 2904 Redemtoris
2659 2866 2777 2917 gra-

282 2937 450 3002 phiec
486 2939 871 2988 describuntur.
912 2938 1145 2999 „Omnes
1184 2941 1323 2988 enim
1357 2941 1740 3004 promissiones
1764 2941 1898 2989 Dei“
1940 2942 2114 3005 inquit
2147 2957 2188 2990 s.
2213 2940 2560 3004 Augustinus,
2600 2953 2774 2988 enarr.

280 3025 345 3072 in
385 3025 471 3074 ΡΒ.
512 3026 592 3088 71,
632 3027 714 3076 18.
751 3026 843 3075 IV.
880 3041 930 3076 a.
968 3027 1085 3076 911.
1140 3026 1227 3087 „in
1276 3025 1367 3077 illo
1416 3025 1654 3076 firmatae
1693 3031 1844 3076 sunt:
1901 3028 2029 3092 quia
2075 3028 2130 3074 in
2177 3026 2279 3075 illo·
2317 3025 2593 3091 impletum
2644 3028 2772 3088 est,“

286 3111 589 3176 „quidquid
625 3128 721 3177 pro
758 3113 930 3162 salute
966 3117 1150 3162 nostra
1183 3113 1559 3177 prophetatum
1594 3119 1691 3163 est.
1739 3115 1876 3164 Nam
1914 3128 2121 3163 summa
2141 3114 2402 3164 montium
2437 3111 2768 3177 Scriptura·“

288 3214 443 3258 „rum
469 3199 769 3250 divinarum
794 3204 1055 3262 auctores,
1094 3199 1149 3250 id
1183 3205 1279 3262 est,
1318 3215 1415 3265 per
1440 3215 1572 3265 quos
1596 3201 1924 3250 ministratae
1951 3204 2090 3261 sunt,
2127 3199 2427 3263 intelligere
2465 3200 2774 3248 convenit:“

289 3286 385 3345 „in
438 3287 630 3350 quibus
684 3288 869 3352 utique
922 3288 1039 3352 ipse
1094 3291 1177 3336 est
1228 3285 1643 3350 firmamentum3
1707 3287 1960 3351 quoniam
2015 3286 2084 3334 ad
2136 3285 2286 3335 illum
2340 3288 2540 3347 omnia,
2604 3289 2774 3350 quae“

290 3372 581 3432 „divinitus
620 3375 820 3437 scripta
856 3379 979 3424 sunt
1014 3373 1331 3424 referuntur.
1393 3374 1549 3424 Unde
1589 3379 1642 3423 et
1677 3374 1793 3438 ipse
1830 3374 1885 3422 in
1921 3377 2114 3422 terram
2151 3374 2317 3436 venit,
2351 3378 2411 3423 ut
2447 3387 2512 3422 ea
2548 3375 2772 3422 cuncta“

290 3457 575 3522 „limax-et,
624 3459 678 3510 id
724 3464 805 3508 est
840 3461 898 3508 in
934 3475 991 3510 se
1028 3464 1347 3511 monstraret
1393 3459 1648 3525 impleri.“
1714 3459 1837 3509 Uno
1889 3463 1943 3508 et
1990 3475 2226 3508 consono
2265 3473 2355 3510 ore
2397 3461 2454 3508 in
2491 3457 2808 3519 Christum,'

288 3547 448 3611 quasi
482 3547 541 3596 in
576 3562 799 3611 scopum
836 3546 1108 3596 collimant
1144 3561 1327 3596 omues
1363 3547 1428 3596 V.
1466 3548 1527 3595 F.
1565 3551 1734 3595 vates.
1775 3544 1909 3594 Coll.
1945 3545 1988 3594 I.
2021 3546 2162 3594 Petr.
2206 3549 2252 3608 1,
2282 3548 2364 3596 10.
2411 3546 2528 3595 Act.
2570 3547 2650 3606 10,
2689 3546 2775 3595 43.

286 3633 455 3698 Apoc.
496 3634 578 3694 19,
620 3634 701 3682 10.
772 3633 915 3682 Hinc
967 3633 1063 3682 ubi
1116 3632 1319 3697 aliquid
1370 3648 1427 3684 se
1482 3632 1651 3683 oculis
1703 3631 2088 3696 Prophetarum
2137 3632 2391 3694 ostendit,
2441 3631 2587 3696 quod
2641 3632 2777 3680 Eius

288 3721 599 3768 memoriam
637 3720 869 3770 excitare
906 3721 1090 3784 possit,
1142 3719 1334 3770 affectu
1380 3733 1573 3784 magno
1624 3719 1904 3784 rapiuntur
1939 3718 2008 3767 ad
2046 3717 2328 3780 Christum,
2368 3719 2521 3783 quasi
2558 3717 2776 3768 delicias

290 3821 443 3867 suas,
494 3806 743 3870 factaque
792 3806 1118 3870 digressione
1174 3806 1385 3854 demum
1440 3805 1666 3854 redeunt
1713 3805 1781 3854 ad
1830 3809 2040 3870 ceptam
2097 3806 2386 3854 materiam.
2449 3805 2600 3865 Quae
2649 3819 2776 3853 vero

290 3892 614 3957 Prophetiae
668 3897 914 3957 spectant
948 3892 1249 3942 Ecclesiam
1295 3892 1405 3940 sive
1451 3891 1695 3956 Regnum
1733 3890 1944 3952 Christi,
1994 3891 2209 3958 partim·
2232 3890 2496 3940 beneficia
2541 3895 2778 3954 tempore

291 3978 582 4043 Evangelii
616 3978 921 4028 hominibus
959 3977 1302 4028 concedenda
1340 3984 1566 4040 canunt3
1594 4005 1664 4012 —-
1699 3977 1834 4027 haec
1871 3979 2012 4026 enim
2047 3977 2370 4042 intelligunt,
2409 3993 2530 4026 cum
2567 3977 2776 4027 dicunt:

292 4067 355 4114 in
384 4071 681 4131 tempore
712 4064 858 4127 illo,
895 4066 961 4114 in
992 4065 1225 4114 diebus
1260 4063 1423 4114 illis.
1450 4091 1514 4100 -
1542 4078 1684 4128 quae
1709 4065 1908 4128 passim
1934 4066 2230 4129 comparari
2263 4063 2438 4114 solent
2473 4079 2592 4112 cum
2617 4063 2778 4112 rebus

297 4153 523 4216 „Legis“
564 4153 679 4202 sive
718 4149 1077 4201 Oeconomiae
1115 4151 1352 4214 Veteris3
1388 4149 1528 4201 Joel.
1554 4153 1603 4212 2,
1630 4151 1715 4200 23.
1750 4150 1877 4200 Isai.
1915 4151 2000 4212 35,
2040 4153 2086 4199 1.
2123 4151 2320 4200 Jerem.
2359 4152 2442 4212 31,
2468 4152 2546 4212 8.3
2583 4151 2774 4214 partim

292 4240 585 4305 loquuntur
621 4238 686 4287 de
725 4239 835 4288 acri
870 4239 1175 4300 certamine,
1212 4239 1439 4286 victoria
1464 4241 1517 4286 et
1539 4237 1806 4301 triumpho
1836 4236 2006 4300 Regni
2032 4235 2244 4286 Christi.
2285 4237 2358 4286 Et
2393 4236 2528 4285 haec
2566 4235 2778 4300 quidem
2837 4262 2846 4271 κ

292 4330 565 4390 postrema
597 4325 857 4374 vaticinia
903 4324 1140 4389 quotidie
1185 4329 1415 4389 pergunt
1460 4323 1698 4388 impleri3
1760 4322 1854 4372 sed
1902 4321 2136 4386 perfecte
2183 4321 2544 4388 implebuntur
2583 4323 2686 4370 nisi
2721 4322 2778 4370 in

291 4411 399 4461 fine
448 4410 669 4461 saeculi.
731 4409 813 4459 cf.
848 4411 999 4460 Rom.
1052 4413 1142 4471 11,
1189 4412 1274 4460 26.
1333 4410 1521 4475 Neque
1574 4410 2104 4474 praetermittendum
2153 4415 2258 4472 est,
2312 4401 2608 4473 Prophetas
2657 4423 2778 4457 cum

292 4499 731 4563 repromissiones
768 4497 975 4546 faciunt
1010 4495 1162 4548 Sioni
1198 4499 1310 4548 sive
1332 4495 1717 4560 Jerosolymae,
1757 4496 1822 4546 de
1849 4496 1994 4547 Urbe
2018 4496 2054 4545 J
2065 4495 2304 4545 udaica
2339 4495 2408 4544 ad
2443 4496 2780 4558 mysticam

289 4585 323 4634 i.
372 4601 418 4634 e.
465 4583 767 4634 Ecclesiam
817 4598 1125 4648 assurgere3
1176 4597 1315 4649 quae
1366 4584 1509 4649 cepit
1554 4584 1611 4632 in
1646 4582 1966 4644 Jerusalem,
2017 4587 2072 4631 et
2117 4583 2284 4632 veteri
2331 4581 2533 4631 labenti
2579 4580 2778 4630 ibidem
