3309 5300
1256 415 1319 456 De
1345 414 1628 457 Versionibus
1654 417 1846 458 Latinis.
2672 408 2800 473 215

298 587 457 671 Job‚
506 587 1011 671 octateuchum,
1051 591 1338 675 quinque
1370 590 1635 675 Moysis,
1671 591 1714 656 J
1718 613 1937 675 osuae,
1968 593 2300 678 Judicum,
2331 594 2526 678 Ruth,
2576 598 2686 681 qui
2729 598 2799 661 in

296 724 507 765 unum
542 724 891 765 numerum
928 702 1323 785 coalescunt,
1365 702 1734 768 Estheram.
1794 704 2100 793 Denique
2132 708 2210 771 L.
2242 708 2320 771 L.
2353 708 2796 795 Paralipome-

292 837 437 877 non
482 824 976 898 successerunt3
1028 814 1336 880 historiae
1379 839 1537 880 vero
1584 816 1836 881 Tobiae
1883 826 1950 881 et
1991 818 2220 883 Judith
2265 844 2302 884 e
2350 819 2681 887 Chaldaeo
2727 824 2798 886 in

294 926 613 991 Latinum
644 950 1003 992 conversae
1031 936 1197 993 sunt.
1236 926 1377 992 Nec
1400 930 1611 992 minus
1640 930 1734 992 sic
1758 929 1936 993 dicta
1958 930 2403 996 additamenta
2423 935 2492 996 in
2513 932 2793 999 Daniele

296 1050 365 1103 et
393 1038 685 1104 Esthera
714 1040 799 1105 ab
830 1040 1237 1125 Hieronymo
1271 1040 1357 1105 ad
1386 1040 1586 1105 fidem
1617 1042 1833 1105 LXX.
1866 1043 2181 1108 translata
2213 1045 2491 1110 fuerant.
2556 1046 2792 1111 Libros

286 1161 521 1216 autem
566 1152 917 1235 Baruch,
981 1152 1478 1238 Sapientiae,
1538 1153 2108 1219 Ec-clesiastici
2172 1166 2246 1219 et
2288 1157 2792 1224 Machabaeo-

285 1286 465 1327 rum
526 1288 682 1329 non
744 1265 1007 1331 vertit.
1086 1264 1399 1344 Quamvis
1446 1288 1547 1350 eo,
1595 1289 1725 1353 quo
1771 1268 1929 1333 Jobi
1972 1268 2374 1333 transtulisse
2419 1273 2792 1336 versionem
2843 1328 2852 1334 .

285 1378 501 1441 refert
542 1387 875 1464 tempore,
920 1380 1052 1441 iam
1099 1388 1193 1441 et:
1257 1388 1502 1461 ,cetera
1548 1379 1771 1443 clausa
1815 1383 2094 1445 armario
2142 1391 2367 1445 tenere
2413 1386 2504 1447 se‘
2551 1383 2727 1448 dicat
2749 1388 2788 1449 ¹.

500 1490 613 1553 De
644 1492 919 1573 ratione,
954 1513 1085 1577 qua
1106 1493 1174 1554 in
1200 1491 1645 1556 convertendo
1674 1492 1740 1556 S.
1762 1492 2008 1558 Codice
2033 1494 2114 1558 V.
2141 1494 2214 1559 F.
2240 1517 2396 1559 usus
2429 1505 2529 1559 est
2552 1496 2613 1560 d.
2635 1496 2789 1560 Hie-

282 1626 609 1689 ronymus
668 1603 859 1667 claris
920 1604 1141 1669 verbis
1198 1603 1420 1669 scribit
1440 1606 1497 1668 2:
1569 1605 1728 1687 ,Nos
1789 1608 2125 1692 antiquam
2185 1609 2788 1693 interpretationem

284 1726 668 1802 sequenteS,
716 1715 894 1803 quod
934 1740 1072 1781 non
1114 1716 1399 1781 nocebat
1440 1725 1695 1781 mutare
1740 1717 2108 1783 noluimus.‘
2174 1720 2280 1784 De
2328 1720 2518 1785 Novo
2565 1730 2785 1785 autem

280 1828 653 1913 respondet
694 1830 791 1912 iis,
840 1831 951 1915 qui
996 1828 1119 1893 sibi
1165 1828 1644 1912 obtrectabant,
1694 1830 1872 1916 quod
1918 1830 2245 1915 quaedam
2291 1855 2378 1895 ex
2422 1833 2502 1897 N.
2535 1832 2612 1896 T.
2655 1836 2786 1897 iam

280 1952 563 2028 recepta
604 1946 967 2006 mutasset3
1012 1966 1110 2009 se:
1187 1942 1594 2025 ,Latinorum
1641 1943 1944 2007 codicum
1987 1946 2427 2028 vitiositatem,
2484 1967 2653 2030 quae
2701 1969 2788 2009 ex

283 2054 672 2118 diversitate
731 2054 1044 2119 librorum
1104 2058 1394 2119 omnium
1440 2055 1909 2141 comprobatur
1953 2056 2038 2120 ad
2085 2056 2412 2122 Graecam
2460 2061 2777 2143 originem

276 2166 571 2230 voluisse
616 2170 975 2232 revocare!
1020 2167 1167 2231 Hac
1210 2167 1580 2233 ratione'S.
1615 2168 2058 2253 Hieronymus
2090 2170 2459 2234 efformavit
2485 2173 2780 2235 versio-

276 2302 463 2343 nem
533 2281 1021 2366 reliquarum
1098 2282 1466 2363 omnium,
1544 2303 1712 2366 quae
1788 2291 1943 2345 tunc
2008 2284 2322 2368 temporis
2387 2285 2777 2348 exstiterunt

278 2392 531 2457 facile
576 2395 897 2479 princip
920 2416 1054 2458 em.
1134 2392 1363 2458 Sermo
1409 2392 1597 2457 huius
1643 2395 2198 2479 interpretationis
2243 2393 2477 2480 planus
2525 2406 2652 2478 est,
2712 2407 2785 2461 ut

278 2506 531 2571 assolet
571 2508 640 2569 in
688 2505 987 2571 omnibus
1033 2506 1095 2571 d.
1140 2506 1527 2591 Hieronymi
1573 2506 1909 2593 operibus,
1974 2517 2039 2571 et
2097 2507 2306 2572 sicubi
2351 2507 2668 2573 obscurus
2713 2510 2783 2574 id

274 2618 391 2684 vel
430 2618 763 2685 subiectae
802 2622 1135 2703 materiae,
1180 2620 1287 2685 vel
1316 2622 1525 2686 veteri
1568 2621 1957 2704 translatori,
2006 2643 2200 2707 quem
2243 2622 2527 2686 retinere
2561 2623 2778 2708 cupie-

276 2732 421 2816 bat,
468 2733 795 2798 ordinarie
841 2732 1344 2798 adscribendum
1388 2743 1486 2798 est
1503 2737 1549 2800 4.

366 3033 429 3109 ξ.
476 3032 582 3096 92.
653 3027 883 3092 Varii
930 3050 1171 3092 casus
1216 3030 1950 3114 interpretationis
1996 3028 2702 3116 Hieronymianae.

494 3219 663 3284 Cum
707 3219 941 3284 Versio
987 3217 1153 3282 haec
1198 3219 1413 3283 multis
1455 3222 1525 3282 in
1569 3218 1730 3284 locis
1773 3222 1898 3293 τοὺς
1942 3223 1972 3281 ὁ
2017 3218 2382 3302 antecellat,
2434 3219 2772 3304 verbaque

274 3342 349 3396 et
396 3356 661 3398 sensum
703 3355 837 3397 non
880 3355 1028 3396 raro
1062 3335 1276 3419 aptius
1323 3334 1667 3418 exprimat,
1715 3332 1782 3398 S.
1815 3332 2218 3418 Hieronymo
2264 3331 2478 3396 adhuc
2507 3334 2772 3398 vivente

494 3563 531 3629 ¹)
571 3562 769 3627 Opinio
805 3561 941 3611 haec
978 3560 1045 3610 de
1082 3561 1267 3612 ordine
1302 3566 1358 3610 et
1391 3565 1633 3626 tempore
1683 3561 2014 3626 singulorum
2050 3561 2333 3612 Librorum
2370 3562 2542 3612 fusius
2581 3561 2770 3612 diluci-

270 3652 413 3700 data
448 3655 502 3699 et
538 3650 899 3699 demonstrata
932 3649 1161 3698 habetur
1201 3663 1236 3697 a
1272 3646 1568 3709 Sabatiero‚
1606 3647 1678 3710 11,
1717 3649 1836 3698 389.
1874 3649 1992 3697 734.
2032 3649 2182 3698 1013.
2233 3648 2570 3710 Blanchinio,
2605 3649 2768 3698 vind.

274 3738 414 3787 Can.
452 3735 535 3786 Sr.
571 3736 729 3801 Vulg.
778 3736 821 3797 Ι,
860 3736 979 3785 289.
1017 3752 1059 3786 s.
1122 3735 1207 3784 W.
1251 3734 1437 3797 Sinis-s,
1485 3735 1712 3785 Genesis
1759 3735 1918 3800 Vulg.
1956 3736 2106 3786 Vers.
2153 3734 2371 3786 dilucid.
2421 3734 2578 3784 Antv.
2617 3738 2770 3786 1753.

270 3826 323 3886 1,
362 3826 446 3874 95.
506 3823 733 3873 Psalter.
770 3823 813 3884 I,
852 3824 935 3873 88.
998 3822 1293 3872 Proverbia
1337 3821 1605 3872 elucidata
1647 3821 1788 3872 Prol.
1825 3837 1948 3887 pag.
1986 3823 2070 3872 38.
2129 3823 2165 3872 J
2169 3823 2238 3871 ob
2285 3822 2585 3872 elucidatas
2620 3823 2767 3876 Prol.

276 3927 335 3977 p.
374 3914 491 3961 165.
540 3911 956 3960 Ecclesiasticus
994 3910 1308 3960 elucidatae.
1343 3926 1395 3974 p.
1420 3911 1506 3958 45.
1532 3926 1574 3960 s.
1632 3910 1786 3959 Libri
1821 3910 2043 3970 Tobiae,
2081 3908 2271 3958 Judith
2308 3913 2362 3958 et
2395 3908 2592 3958 Esther
2629 3908 2766 3959 dilu-

277 3999 459 4048 cidati.
496 4016 552 4064 p.
591 3999 675 4047 26.
710 4013 754 4047 s.
800 4000 848 4046 2.
886 4014 938 4062 p.
978 3998 1059 4045 24.
1099 4011 1141 4046 s.
1188 3999 1237 4046 3.
1273 4013 1326 4060 p.
1363 3997 1447 4045 32.
1484 4012 1526 4046 s.
1600 3996 1879 4060 Sapientia
1915 3995 2185 4045 elucidata
2220 4013 2271 4060 p.
2309 3997 2393 4044 64.
2432 3996 2570 4044 Hist.
2607 3996 2669 4044 R.
2697 3997 2766 4046 D.

274 4087 343 4134 V.
367 4086 431 4134 T.
468 4101 523 4149 p.
561 4087 681 4134 329.
718 4086 837 4134 368.
873 4086 993 4133 434.
1030 4085 1150 4133 491.
1188 4085 1307 4134 508.
1344 4084 1463 4132 549.
1521 4083 1762 4132 Praeivit
1798 4082 1952 4132 nobis
1989 4083 2202 4131 interim
2237 4082 2343 4131 dux
2381 4082 2768 4134 eruditissimus

276 4173 449 4223 editor
474 4173 819 4234 Veronensis,
858 4171 909 4221 S.
936 4172 1249 4236 Hieronymi
1271 4172 1397 4221 Vita
1420 4187 1465 4220 c.
1493 4173 1576 4220 21.
1603 4188 1655 4235 p.
1684 4173 1800 4220 120.
1827 4187 1869 4220 s.
1931 4170 1972 4235 ²)
2011 4169 2097 4219 Ad
2122 4170 2376 4219 Sunniam
2413 4175 2469 4218 et
2497 4169 2766 4219 Fretelam

276 4277 359 4325 ep.
401 4263 522 4321 106,
558 4261 643 4308 66.
688 4276 741 4324 p.
780 4260 899 4308 670.
973 4258 1013 4324 ³)
1060 4259 1161 4324 Ep.
1206 4261 1289 4310 27.
1338 4258 1407 4308 ad
1457 4257 1792 4319 Marcellam,
1841 4273 1892 4307 n.
1944 4260 1989 4306 1.
2039 4274 2089 4322 Ρ.
2133 4258 2248 4306 133.
2321 4257 2362 4322 4)
2408 4256 2600 4306 Nullus
2653 4257 2766 4306 fere

276 4346 421 4410 apud
470 4362 513 4395 s.
548 4346 935 4409 Hieronymum
984 4344 1211 4395 habetur
1257 4345 1309 4394 S.
1348 4345 1402 4395 S.
1438 4345 1626 4406 Liber,
1679 4345 1838 4394 etiam
1883 4345 1938 4392 in
1989 4342 2312 4392 difficillimis
2361 4344 2490 4408 quin
2527 4343 2764 4392 eiusdem

274 4434 451 4482 versio
490 4434 677 4497 aequis
712 4431 900 4480 harum
935 4447 1111 4481 rerum
1145 4433 1357 4482 arbitris
1391 4448 1501 4482 non
1548 4433 1879 4496 probaretur.
1945 4431 2129 4480 Pauca
2165 4430 2447 4480 admodum
2484 4429 2606 4478 loca
2641 4435 2766 4479 sunt

276 4518 330 4572 S.
356 4519 411 4568 S.
443 4519 511 4568 V.
532 4518 614 4580 F„
656 4532 795 4583 quae
833 4517 1041 4568 felicius
1078 4519 1189 4567 sive
1221 4533 1255 4568 a
1276 4519 1465 4584 priscis
1502 4520 1614 4568 sive
1641 4533 1675 4568 a
1699 4519 2082 4567 recentioribus
2118 4517 2510 4582 interpretibus,
2547 4516 2762 4568 attentis

276 4606 727 4662 Hermeneuticae
763 4604 961 4675 regulis
1000 4605 1266 4676 explicata
1298 4607 1559 4658 novimus.
1597 4606 1662 4654 V.
1699 4621 1751 4676 p.
1792 4606 1907 4658 144.
1945 4606 1994 4659 5.
