3309 5300
1168 437 1307 492 Leges
1338 437 1493 492 explic.
1522 440 1567 482 S.
1596 439 1862 493 Scripturas.
2627 427 2756 495 285

638 687 699 764 ξ.
752 688 897 751 125.
953 684 1073 748 Ι)0
1118 686 1431 750 ratione
1478 684 1545 749 S.
1590 684 2002 749 Librorum
2048 689 2380 749 metrica.

475 876 599 924 Jam
650 876 774 925 inde
824 876 891 925 ab
941 876 1322 942 antiquissimis
1368 878 1699 942 temporibus
1736 878 1834 926 viri
1883 876 2026 926 docti
2073 877 2436 942 disputarunt:
2487 892 2752 944 quaenam

258 965 489 1010 externa
524 963 819 1011 carminum
841 963 1209 1012 Hebraeorum
1244 962 1417 1011 forma
1450 963 1649 1014 fuerit?
1683 964 1873 1013 Utrum
1908 964 2117 1028 legibus
2155 965 2475 1027 metricis,
2513 965 2752 1015 adinstar

261 1050 564 1097 carminum
620 1048 946 1099 Graecorum
1000 1053 1161 1114 atque
1216 1048 1589 1111 Romanorum,
1646 1051 1711 1100 V.
1765 1050 1828 1099 F.
1883 1056 2130 1115 poemata
2191 1050 2478 1113 adstricta3
2535 1050 2623 1099 vel
2682 1067 2752 1101 an

258 1132 507 1184 liberiori
554 1135 785 1199 quadam
834 1140 1128 1197 structura,
1184 1135 1253 1184 ad
1306 1135 1534 1185 solutam
1583 1138 1804 1201 propius
1858 1137 2148 1186 accedente
2184 1138 2505 1199 orationem,
2552 1138 2753 1187 fuerint

256 1223 603 1286 composita?
648 1222 713 1271 In
749 1222 1004 1284 diversas,
1041 1226 1102 1271 ut
1124 1220 1239 1270 fieri
1273 1222 1424 1285 solet,
1461 1228 1639 1287 partes
1667 1238 1828 1288 saepe
1854 1224 2149 1273 contrarias
2175 1228 2230 1273 et
2252 1225 2543 1273 sententias
2569 1226 2752 1275 abiere

254 1324 391 1357 vero
442 1324 603 1373 quam
649 1310 877 1359 maxime
925 1308 1222 1359 dissimiles.
1287 1308 1461 1359 Fuere
1497 1310 1612 1372 viri,
1663 1312 1755 1375 qui
1793 1327 1822 1359 e
1859 1310 2287 1361 Masoretharum
2335 1313 2747 1362 accentuatione

256 1400 313 1443 et
350 1396 827 1460 pronunciatione,
874 1395 1275 1445 accommodata
1311 1402 1541 1461 cognata
1585 1398 1828 1459 arabica,
1884 1399 2088 1463 poesim
2123 1397 2411 1447 hebraeam
2449 1413 2479 1446 e
2515 1400 2748 1449 metricis

254 1480 473 1546 legibus
522 1482 901 1532 dimetirentur.
964 1483 1110 1543 Quas
1160 1482 1254 1532 ubi
1302 1483 1372 1531 ad
1418 1483 1678 1548 liquidum
1724 1483 2018 1549 perducere
2066 1486 2246 1534 conati
2291 1489 2431 1548 sunt,
2483 1485 2657 1535 oleum
2696 1491 2749 1535 et

256 1583 480 1633 operam
517 1597 586 1605 —
621 1571 762 1619 sicut
794 1569 961 1619 habet
994 1569 1335 1633 proverbium
1372 1598 1437 1605 —
1476 1570 1839 1634 perdiderunt.
1898 1570 2029 1619 Ideo
2067 1570 2280 1635 quidem
2317 1573 2444 1636 quia
2477 1587 2746 1635 numerus,

256 1654 542 1705 harmonia
592 1661 645 1706 et
682 1658 955 1723 quantitas
1003 1656 1329 1721 syllabarum
1378 1657 1522 1721 apud
1568 1656 1848 1707 Hebraeos
1895 1657 2049 1706 nobis
2097 1673 2313 1723 prorsus
2361 1661 2556 1709 mansit
2602 1659 2747 1708 inco-

254 1745 425 1807 gnita.
486 1742 595 1792 Sed
630 1760 804 1809 neque
840 1744 1107 1793 feliciores
1145 1749 1297 1793 erant
1342 1742 1448 1805 alii,
1500 1744 1593 1808 qui
1629 1744 1932 1793 concedunt
1975 1744 2190 1793 omnino
2227 1760 2339 1793 rem
2374 1746 2745 1802 Hebraeorum

250 1832 550 1892 metricam,
601 1830 877 1895 deperdita
922 1830 1171 1879 videlicet
1216 1830 1432 1895 linguae
1480 1830 1747 1879 hebraeae
1784 1845 1913 1879 vera
1959 1832 2404 1896 pronunciatione
2455 1837 2508 1881 et
2554 1848 2743 1882 accen-

252 1919 522 1978 tuatione,
562 1917 799 1982 expediri
836 1918 1031 1967 nostris
1067 1916 1395 1982 temporibus
1432 1918 1521 1965 vix
1556 1933 1743 1982 posse3
1786 1917 2127 1966 nihilominus
2161 1922 2342 1967 tamen
2378 1919 2520 1968 haud
2556 1920 2746 1984 proba·

136 2030 147 2049 0
252 2002 539 2053 bilioribus
607 2004 904 2054 rationibus
965 2020 1030 2053 ex
1088 2005 1308 2053 metrica
1374 2005 1665 2053 carminum
1732 2004 2068 2053 arabicorum
2131 2009 2398 2055 structura
2461 2006 2744 2071 colligunt:

250 2090 633 2140 Hebraeorum
668 2092 863 2140 Poetas
899 2092 955 2139 in
992 2091 1315 2141 carminibus
1352 2092 1463 2140 suis
1484 2092 1660 2141 'certis
1702 2092 1884 2139 metris
1919 2106 2046 2141 usos
2083 2090 2266 2141 fuisse.
2327 2090 2383 2140 Si
2429 2092 2561 2158 quid
2595 2094 2652 2142 in
2687 2109 2744 2142 re

252 2177 549 2228 admodum
597 2178 827 2228 obscura
875 2177 1157 2227 dicendum
1206 2183 1315 2228 est:
1370 2176 1684 2227 confitemur
1731 2178 1888 2227 nobis
1940 2176 2086 2226 illam
2138 2178 2371 2227 arridere
2422 2180 2744 2243 opinionem,

252 2279 397 2330 quae
423 2266 585 2313 etiam
616 2265 946 2314 Judaeorum
980 2264 1302 2326 doctoribus,
1335 2269 1389 2313 et
1424 2267 1639 2313 nostrae
1677 2265 1867 2313 aetatis
1903 2265 2282 2329 interpretibus
2320 2280 2480 2330 quam
2516 2267 2744 2315 maxime

252 2351 537 2417 probatur.
596 2351 751 2401 Haec
798 2366 925 2401 vero
968 2351 1236 2401 sententia
1280 2351 1465 2401 sumit:
1518 2350 1781 2400 Sacram
1827 2350 2079 2399 Poesim
2123 2351 2570 2401 Hebraeorum
2618 2353 2746 2401 iusti

252 2438 477 2503 quidem
536 2439 724 2487 metri
776 2437 1069 2487 vinculis
1124 2437 1516 2488 destitutam
1574 2436 1767 2499 fuisse3
1829 2440 2063 2485 attamen
2119 2437 2446 2487 liberiori
2507 2438 2742 2504 aliquo

250 2525 522 2589 rythmo
572 2526 723 2574 sive
758 2540 1050 2586 numero,
1099 2525 1179 2573 uti
1224 2528 1437 2585 vocant,
1486 2524 1700 2588 poetico
1748 2522 1971 2572 eandem
2021 2525 2282 2573 contineri
2331 2526 2611 2575 existimat.
2671 2527 2744 2576 Et

250 2612 403 2664 istud
440 2612 656 2678 quidem
691 2627 801 2662 non
837 2613 951 2662 sine
989 2612 1139 2678 gravi
1173 2610 1517 2661 fundamento
1554 2612 1831 2661 statuitur:
1870 2625 2205 2676 quocumque
2245 2612 2384 2661 enim
2419 2613 2475 2662 in
2507 2610 2742 2662 Carmi-

250 2702 455 2750 nibus
504 2700 559 2750 S.
607 2699 821 2750 oculum
874 2700 1261 2763 convertimus,
1315 2699 1453 2749 ultro
1506 2697 1700 2764 aliquis
1753 2697 2043 2762 rythmus
2097 2713 2218 2748 sese
2273 2698 2450 2761 offert,
2492 2700 2549 2748 in
2595 2705 2744 2749 certa

253 2788 495 2852 quadam
530 2788 884 2836 membrorum
922 2787 1177 2837 orationis
1225 2787 1470 2851 poeticae
1505 2786 1850 2850 proportione
1887 2786 2232 2850 conspicuus3
2285 2787 2378 2851 qui
2416 2803 2481 2851 „p
2497 2786 2741 2836 aralle-

252 2874 446 2925 lismi
483 2875 784 2940 poetici“
823 2875 1037 2923 nomine
1072 2873 1367 2938 insignitur.

463 2961 620 3010 Multi
655 2965 781 3011 sunt
813 2961 957 3025 iique
995 2959 1258 3025 praeclari
1293 2959 1433 3022 libri,
1481 2960 1572 3024 qui
1608 2960 1870 3009 rationem
1904 2962 2178 3010 metricam
2217 2960 2269 3010 S.
2307 2962 2541 3012 Poeseos
2579 2960 2741 3011 eluci·

253 3050 402 3112 dant,
440 3065 667 3115 quorum
702 3049 978 3113 praecipui
1013 3048 1406 3096 existimantur:
1446 3046 1505 3095 C.
1529 3047 1594 3095 R.
1618 3046 2064 3109 Bellarmini,
2101 3048 2332 3097 Institut.
2371 3049 2537 3113 ling-u.
2572 3048 2740 3098 Hebr.

254 3136 373 3187 Col.
414 3137 567 3186 1580.
606 3152 658 3200 p.
698 3138 815 3186 127.
854 3151 895 3185 s.
955 3135 1045 3184 Fr.
1084 3133 1380 3194 Gomari‚
1419 3134 1645 3184 Davidis
1681 3133 1812 3198 lyra.
1852 3133 2014 3184 Gron.
2055 3136 2204 3184 1637.
2251 3135 2304 3183 ,1.
2341 3133 2404 3184 G.
2441 3134 2741 3195 Drechsler,

252 3223 469 3272 manud.
508 3223 579 3272 ad
612 3227 759 3288 poet.
793 3221 942 3271 hebr.
978 3223 1126 3287 Lips.
1167 3223 1319 3272 1672.
1356 3221 1575 3270 Cithara
1610 3221 1876 3270 Davidica
1920 3222 1992 3270 ib.
2032 3222 2182 3271 1675,
2244 3221 2306 3269 A.
2345 3221 2634 3283 Calmet,
2675 3221 2741 3270 de

254 3311 416 3360 Poesi
440 3311 563 3359 Vet.
589 3309 756 3360 Hebr.
781 3310 924 3359 Diss.
950 3309 1014 3358 V.
1042 3309 1104 3357 T.
1141 3308 1184 3371 I,
1210 3310 1331 3357 231.
1379 3307 1441 3356 A.
1479 3306 1749 3372 Fleury,
1787 3307 1917 3356 disc.
1944 3323 1985 3356 s.
2012 3306 2046 3356 l.
2072 3309 2262 3357 Poesie
2301 3312 2354 3356 et
2388 3313 2520 3372 part.
2549 3323 2590 3357 s.
2617 3323 2662 3356 c.
2689 3307 2740 3357 d.

258 3413 379 3447 anc.
414 3397 691 3459 Hebreux,
727 3398 785 3446 in
822 3396 904 3446 ed.
932 3395 1033 3462 Op.
1058 3397 1179 3444 Par.
1219 3397 1369 3446 1837.
1405 3411 1459 3460 p.
1484 3395 1568 3444 88.
1604 3394 1699 3443 lat.
1735 3396 1791 3442 in
1827 3395 1970 3444 Diss.
2009 3393 2234 3444 Calmeti
2268 3395 2332 3444 V.
2359 3395 2420 3443 T.
2456 3395 2527 3456 ΙΙ,
2560 3396 2672 3444 140.
2699 3409 2739 3443 s.

253 3486 313 3534 A.
338 3485 687 3545 Pfeifferi,
726 3497 865 3532 man.
892 3483 962 3531 ad
987 3488 1287 3532 accentuat.
1312 3483 1377 3530 V.
1402 3482 1464 3531 Τ.
1490 3497 1631 3546 pros.
1671 3487 1725 3530 et
1749 3487 1898 3531 metr.
1923 3481 2113 3530 Dresd.
2143 3483 2292 3531 1721.
2337 3481 2434 3530 Ch.
2459 3482 2738 3542 Weisse,

254 3577 382 3636 syst.
420 3571 623 3622 Psalm.
658 3575 808 3620 metr.
843 3571 993 3635 Lips.
1033 3572 1184 3619 1740.
1220 3585 1332 3634 rep.
1370 3584 1404 3618 a
1436 3568 1862 3630 Rosenmisslero,
1896 3568 1932 3618 1.
1971 3585 2016 3618 0.
2053 3585 2104 3633 p.
2143 3570 2259 3618 699.
2293 3585 2337 3620 s.
2387 3567 2451 3618 G.
2488 3568 2740 3617 Werns-

256 3659 425 3721 dorf,
460 3658 527 3707 de
554 3663 667 3708 arte
691 3662 835 3722 poet.
860 3657 1025 3706 Hebr.
1053 3656 1185 3706 Ged.
1214 3658 1363 3706 1744.
1392 3659 1440 3707 1.
1467 3658 1517 3706 2.
1542 3656 1593 3704 d.
1643 3655 1708 3705 G.
1731 3656 1768 3706 J
1779 3672 1962 3717 ones,
1999 3671 2226 3720 poeseos
2257 3656 2512 3706 asiaticae
2538 3654 2740 3704 Comm.

256 3745 289 3795 l.
315 3761 357 3798 s.
382 3761 492 3794 rec.
529 3745 584 3795 J.
611 3743 672 3794 G.
698 3743 987 3794 Eichhorn,
1024 3744 1172 3809 Lips.
1211 3745 1361 3793 1777.
1415 3742 1474 3792 C.
1501 3742 1563 3791 G.
1591 3743 1829 3805 Anton,
1869 3744 2007 3792 coni.
2045 3742 2111 3791 de
2147 3747 2331 3792 metro.
2368 3741 2535 3790 Hebr.
2573 3743 2738 3806 antiq.

258 3835 403 3898 Lips.
433 3834 586 3882 1770.
623 3831 781 3881 vind.
805 3832 879 3881 ib.
908 3833 1057 3881 1772.
1109 3829 1167 3879 C.
1204 3831 1273 3879 D.
1309 3829 1521 3896 Ilgen,
1559 3830 1690 3879 Jobi
1721 3835 1829 3879 ant.
1856 3828 2029 3879 Carm.
2055 3829 2201 3879 hebr.
2227 3834 2336 3878 nat.
2361 3833 2522 3894 atque
2557 3829 2738 3877 virtut.

256 3919 403 3984 Lips.
444 3919 596 3969 1799.
634 3935 685 3984 p.
722 3921 807 3967 40.
844 3935 887 3968 s.
954 3919 1018 3968 R.
1056 3917 1305 3980 Lowth,
1345 3918 1410 3967 de
1448 3915 1615 3966 Sacra
1649 3917 1810 3966 Poesi
1845 3917 2014 3966 Hebr.
2051 3933 2131 3982 pr.
2169 3931 2250 3966 ac.
2290 3915 2462 3965 Oxon.
2502 3917 2652 3964 1753.
2691 3932 2738 3964 0.

260 4013 364 4056 1101.
403 4006 458 4056 ,1.
494 4007 565 4054 D.
601 4004 882 4054 Michaelis
920 4003 1096 4054 Goett.
1136 4006 1287 4054 1770.
1324 4004 1589 4054 animadv.
1638 4003 1705 4052 Ε.
1742 4003 1830 4052 Fr.
1869 4002 1926 4053 C.
1965 4003 2352 4053 Rosenmiiller.
2398 4003 2548 4068 Lips.
2588 4003 2739 4051 1815.

258 4093 305 4143 J.
342 4093 407 4142 G.
444 4093 725 4155 Herder,
763 4109 813 4142 v·
852 4091 1033 4142 Geiste
1070 4092 1120 4140 d.
1146 4091 1295 4142 hebr.
1323 4092 1532 4142 Poesie.
1566 4091 1724 4140 Dess.
1764 4091 1916 4141 1782.
1944 4093 1994 4140 3.
2031 4095 2172 4140 auct.
2211 4090 2270 4139 C.
2295 4090 2380 4138 W.
2406 4089 2564 4138 Justi.
2590 4088 2738 4153 Lips.

262 4181 409 4231 1825.
464 4179 912 4241 Bellermann,
958 4179 1155 4228 Metrik
1204 4179 1297 4228 der
1338 4179 1596 4229 Hebraer.
1636 4178 1789 4227 1813.
1848 4177 1912 4226 A.
1951 4175 2220 4242 Giigler‚
2259 4176 2309 4225 d.
2346 4175 2398 4224 h.
2435 4176 2612 4224 Kunst
2647 4174 2741 4224 der

262 4265 517 4315 Hebraer.
570 4265 809 4315 Landsh.
860 4266 1011 4315 1814.
1058 4264 1101 4314 Ι.
1172 4265 1223 4314 J.
1273 4264 1336 4314 G.
1384 4263 1743 4325 Eichhorn,
1800 4263 1865 4312 de
1918 4263 2104 4328 proph.
2159 4263 2319 4313 Poesi
2372 4261 2740 4310 Hebraeorum

263 4353 487 4417 Paralip.
516 4351 659 4402 Gott.
687 4355 837 4402 1822.
886 4352 1152 4414 Kaiser,
1178 4351 1245 4402 de
1269 4351 1617 4416 paralellismi
1640 4352 1696 4400 in
1719 4351 1873 4415 poesi
1895 4350 2042 4400 hebr.
2068 4355 2274 4400 natura.
2303 4349 2452 4399 1839.
2489 4347 2736 4408 Wocher,

264 4441 317 4488 in
349 4455 471 4489 ann.
509 4439 647 4488 Tub.
695 4440 880 4500 Quart.
921 4439 1071 4487 1834.
1108 4455 1161 4503 p.
1198 4439 1318 4488 614.
1356 4454 1398 4488 s.
1458 4438 1511 4488 J.
1549 4438 1615 4487 L.
1654 4435 2071 4499 Saalschiitz,
2119 4453 2169 4485 ν.
2207 4436 2257 4484 d.
2299 4436 2460 4484 Form
2506 4434 2555 4482 d.
2592 4433 2738 4483 hebr.

266 4525 463 4576 Poesie.
499 4525 760 4591 Konigsb.
800 4527 949 4576 1825.
985 4525 1146 4574 Form
1182 4541 1235 4574 u.
1280 4524 1431 4574 Geist
1466 4525 1517 4574 d.
1553 4524 1700 4574 hebr.
1738 4524 1788 4573 b.
1825 4524 2018 4574 Poesie
2054 4523 2126 4572 ib.
2167 4524 2318 4573 1853.
2363 4520 2738 4583 Delitzsch,

267 4629 308 4662 z.
344 4612 532 4663 Gesch.
579 4613 673 4663 der
700 4611 816 4676 jud.
852 4613 1063 4662 Poesie.
1099 4613 1281 4677 Leipz.
1322 4613 1472 4662 1836.
1535 4611 1588 4661 ,1.
1630 4610 1695 4660 G.
1732 4610 2066 4672 Wenrich,
2104 4610 2171 4659 de
2207 4623 2354 4674 poes.
2390 4607 2540 4658 hebr.
2577 4613 2740 4676 atque
