3309 5300
580 389 665 454 84
1190 404 1425 445 Commeat.
1455 403 1508 446 de
1536 405 1579 446 S.
1601 403 1812 454 Scriptur.
1833 415 1924 454 cap.
1947 402 2071 453 prim.
2101 403 2209 442 sect.
2229 402 2265 441 Ι.
2295 401 2430 442 addit.

579 602 727 661 quae
762 579 833 658 ,II
850 600 877 638 ε
890 600 919 659 ρ
935 580 991 638 ιό
1004 579 1033 638 δ
1048 600 1092 638 ω
1105 599 1133 638 ν
1162 584 1212 640 P
1226 604 1261 641 a
1272 604 1312 641 u
1324 583 1380 640 li
1409 603 1439 640 e
1454 588 1480 641 t
1508 584 1555 640 Τ
1566 585 1607 641 h
1621 603 1651 640 e
1663 603 1694 641 c
1705 580 1833 640 lae‘
1865 581 2042 640 titulo
2066 581 2470 656 insignierunt
2495 577 2534 638 ¹.
2568 580 2759 638 Multo
2782 580 3076 638 recentior

578 691 665 744 est
696 687 1053 759 ,Historia
1100 688 1521 747 certaminis
1566 708 1645 763 ap
1660 708 1728 746 os
1742 665 1996 758 tolici‘‚
2047 687 2272 744 Abdiae
2314 689 2382 743 ut
2412 686 2620 744 dicunt
2647 687 2840 760 primo
2869 685 3073 760 Baby-

578 791 774 848 loniae
798 794 1062 868 episcopo
1086 793 1380 869 adscripta
1397 789 1438 850 2.
1473 794 1609 851 Huc
1638 795 1782 850 item
1806 793 2148 850 referuntur
2180 793 2247 862 ,P
2260 811 2290 848 e
2301 791 2411 849 rio
2422 792 2494 848 di
2525 811 2556 848 e
2568 795 2595 848 t
2623 793 2688 848 M
2698 810 2734 847 a
2746 811 2776 847 r
2787 795 2814 848 t
2827 810 2866 867 y
2880 790 3002 848 riu
3016 810 3076 846 m

578 896 636 952 S.
670 897 717 952 B
732 918 861 955 arn
874 900 959 955 ab
973 900 1070 955 ae‘
1092 894 1134 956 3.
1196 899 1274 956 In
1312 899 1541 956 decreto
1572 897 1890 958 Gelasiano,
1928 896 2286 955 reiiciuntur
2319 899 2392 968 ,A
2406 901 2520 953 cta
2550 895 2607 955 S.
2641 894 2896 970 Philip
2910 895 3004 970 pi‘
3026 891 3068 952 ⁴.

577 1001 725 1059 Prae
750 1001 883 1060 aliis
906 1023 1045 1062 vero
1069 1004 1474 1060 auctoritatem
1504 1003 1617 1061 sibi
1642 1002 2034 1061 conciliarunt
2070 1006 2146 1072 ,A
2160 1006 2227 1059 ct
2241 1021 2277 1058 a
2305 1001 2654 1058 Andr‘eae‘
2671 998 2720 1069 53
2755 1019 2906 1077 quae
2930 999 3074 1056 satis

580 1108 932 1165 concordant
985 1127 1117 1165 cum
1170 1109 1647 1184 presbyterorum
1701 1112 1761 1165 et
1812 1108 2190 1165 diaconorum
2239 1107 2498 1163 Achaiae
2550 1105 2620 1161 de
2672 1103 2965 1180 martyrio
3013 1102 3072 1160 S.

579 1211 851 1268 Andreae
886 1211 1132 1287 epistola
1162 1211 1459 1288 encyclica
1478 1210 1518 1283 θ,
1555 1217 1615 1270 et
1642 1213 1852 1271 aetatis
1882 1217 2200 1290 utcumque
2231 1211 2508 1288 antiquae
2537 1213 2678 1266 sunt
2697 1207 2738 1267 ⁷.
2780 1209 2879 1264 Ex
2905 1207 3074 1264 Acti-

579 1316 703 1384 bus,
740 1315 952 1393 quibus
1001 1316 1050 1373 L
1066 1335 1096 1373 e
1108 1336 1149 1372 u
1162 1315 1262 1374 tio
1303 1320 1513 1374 aucto
1527 1337 1558 1374 r
1570 1337 1601 1374 e
1646 1317 1738 1374 usi
1769 1321 1907 1375 sunt
1935 1315 2268 1374 Manichaei
2291 1311 2315 1352 8
2353 1314 2460 1372 illa
2487 1315 2704 1390 passim
2734 1313 3013 1372 derivant
3032 1309 3074 1368 9.

792 1610 829 1671 1)
870 1609 1167 1658 Meminere
1202 1609 1392 1660 horum
1426 1613 1533 1660 iam
1570 1611 1950 1674 Tertullianus,
1989 1611 2054 1660 de
2095 1613 2236 1676 bapt.
2273 1627 2325 1659 n.
2365 1613 2444 1660 17.
2484 1627 2535 1676 p.
2572 1612 2656 1660 45.
2695 1615 2749 1659 et
2785 1609 2835 1657 d.
2875 1609 3069 1658 Hiero-

584 1711 791 1760 nymus,
831 1697 896 1745 de
920 1697 1017 1745 vir.
1043 1697 1118 1745 ill.
1146 1713 1191 1746 c.
1220 1699 1265 1746 7.
1303 1714 1354 1763 p.
1381 1699 1482 1759 47.,
1523 1699 1613 1762 qui
1651 1698 1721 1746 ad
1751 1699 1916 1748 verba
1950 1697 2263 1746 Tertulliani
2301 1699 2532 1762 respicit,
2571 1696 2771 1762 aliique
2795 1695 3071 1757 Veterum,

589 1798 722 1847 quos
761 1782 1042 1847 diligenter
1076 1788 1319 1833 recenset
1346 1783 1541 1846 Grabe,
1566 1783 1599 1833 l.
1628 1799 1673 1833 c.
1699 1801 1750 1850 p.
1777 1787 1859 1834 88.
1887 1799 1927 1832 s.
1966 1784 2324 1845 Quamobrem
2361 1784 2588 1833 fatemur
2625 1799 2722 1832 nos
2759 1798 2871 1832 non
2907 1797 3069 1847 posse

586 1869 834 1919 assentiri
882 1868 1227 1920 celeberrimo
1276 1870 1657 1936 Hagiographo
1715 1871 1767 1919 J.
1808 1870 2048 1935 Stilting,
2100 1871 2190 1934 qui
2237 1872 2292 1919 in
2345 1886 2530 1920 comm.
2581 1869 2701 1919 hist.
2752 1871 2864 1918 crit.
2915 1869 2983 1918 de
3033 1884 3073 1918 s.

583 1955 786 2004 Thecla
819 1956 935 2005 Act.
965 1954 1016 2004 S.
1045 1954 1098 2005 S.
1126 1955 1270 2022 Sept.
1297 1957 1387 2019 VI,
1413 1974 1463 2023 p.
1491 1959 1609 2007 546.
1637 1973 1708 2007 s.:
1748 1962 1868 2006 acta
1905 1957 2061 2006 Pauli
2088 1962 2142 2006 et
2166 1956 2416 2018 Theclae,
2456 1972 2593 2022 quae
2620 1972 2764 2005 nunc
2794 1955 3072 2017 habemus,

580 2057 613 2091 a
652 2044 965 2108 presbytero
1002 2042 1096 2092 illo
1124 2043 1365 2106 asiaticO,
1403 2059 1559 2108 quem
1584 2043 1948 2094 Tertullianus
1987 2049 2040 2092 et
2063 2044 2112 2093 d.
2139 2044 2500 2108 Hieronymus
2535 2047 2802 2105 taxarunt,
2843 2041 3076 2092 conficta

582 2129 770 2178 haberi
817 2129 965 2178 nolit.
1041 2129 1519 2180 celeberrimorum
1568 2131 1859 2192 sociorum,
1917 2131 2110 2196 quibus
2160 2146 2193 2180 a
2238 2130 2504 2181 Bollando
2553 2146 2749 2180 nomen
2795 2135 2901 2192 est,
2960 2133 3076 2178 erat

581 2218 795 2281 primus,
835 2217 924 2281 qui
961 2217 1099 2266 Acta
1136 2216 1370 2266 Theclae
1408 2232 1597 2282 graece
1636 2217 1820 2266 addita
1849 2217 2018 2267 latina
2041 2219 2477 2282 interpretatione
2515 2217 2707 2266 edidit:
2749 2216 2851 2266 hae
2887 2217 3074 2266 inscri-

578 2305 763 2368 ptione
817 2305 1199 2368 Martyrium
1255 2308 1529 2354 sanctae
1591 2310 1653 2354 et
1713 2304 2046 2370 gloriosae
2100 2305 2620 2368 Protomartyris
2683 2309 2744 2353 et
2797 2303 3074 2368 Aposto-

579 2390 731 2439 latu
785 2390 1168 2440 defunctae
1222 2392 1524 2456 virginis
1581 2391 1885 2441 Theclae
1932 2391 1967 2440 1.
2007 2408 2050 2440 c.
2100 2409 2152 2457 p.
2190 2393 2273 2440 95.
2333 2392 2464 2441 Post
2509 2389 2607 2440 Th.
2650 2391 2867 2440 Hearne
2915 2405 3073 2439 curas

579 2477 844 2542 integrum
895 2477 1149 2538 Actorum
1198 2476 1353 2526 Pauli
1404 2483 1457 2527 et
1504 2477 1738 2528 Theclae
1793 2482 1995 2527 textum
2049 2479 2188 2544 typis
2239 2478 2470 2528 describi
2521 2478 2650 2527 fecit
2701 2476 3073 2537 Tischendorf,

579 2564 614 2613 l.
655 2580 699 2613 c.
748 2581 801 2630 p.
839 2566 923 2613 40.
962 2579 1002 2614 s.
1063 2564 1162 2613 Th.
1199 2564 1427 2630 Ittigius,
1479 2564 1545 2613 de
1590 2564 1942 2614 Bibliotheois
1989 2568 2042 2614 et
2079 2563 2295 2614 Catenis
2333 2565 2551 2615 Patrum
2598 2569 2876 2614 tractatus.
2923 2564 3073 2628 Lips.

583 2654 734 2702 1707.
789 2669 841 2718 p.
881 2655 997 2702 701.
1054 2657 1241 2702 contra
1296 2652 1579 2716 Grabium,
1635 2654 1728 2719 qui
1778 2668 1961 2703 veram
2016 2652 2290 2703 historiam
2344 2655 2479 2704 actis
2532 2654 2648 2703 istis
2703 2654 3075 2717 consignatam

581 2740 883 2801 arbitratur,
921 2739 1115 2789 multas
1154 2738 1462 2805 solidasque
1489 2741 1832 2805 exceptiones
1861 2741 2090 2806 oggerit3
2129 2741 2226 2791 sed
2255 2746 2436 2790 tamen
2459 2742 2679 2790 nimium
2715 2738 3075 2805 praefidenter

580 2827 653 2875 ib.
704 2842 755 2891 p.
797 2827 911 2875 705.
961 2829 1150 2890 negat:
1207 2825 1442 2875 Theclae
1496 2827 1660 2891 gestis
1717 2826 1918 2891 aliquid
1972 2827 2088 2877 veri
2135 2828 2328 2878 inesse.
2403 2826 2444 2891 2)
2493 2827 2672 2877 Libris
2719 2827 2786 2875 X.
2837 2841 3075 2890 compre-

582 2911 773 2974 hensa,
826 2912 969 2978 apud
1014 2912 1323 2961 Fabricium
1370 2913 1477 2975 III,
1517 2915 1633 2962 402.
1673 2930 1740 2977 s.;
1791 2919 1844 2963 et
1893 2930 1959 2963 ex
2006 2920 2158 2979 parte
2208 2915 2306 2964 sub
2355 2915 2568 2964 nomine
2616 2919 2797 2963 tamen
2845 2913 2972 2962 Lini
3019 2914 3076 2960 in

580 2999 727 3049 Actis
766 2998 818 3049 S.
846 2998 898 3048 S.
935 3000 1087 3049 Junii
1121 3000 1185 3062 V,
1212 3002 1330 3049 424.
1356 3017 1397 3050 s.
1437 3000 1581 3065 apud
1619 2999 1888 3065 Cuperum
1925 3000 1978 3049 S.
2007 3002 2059 3050 J.
2099 3002 2256 3051 edita.
2291 3002 2358 3049 'E
2396 3002 2682 3051 Veteribus
2719 3015 2875 3049 nemo
2915 2998 3075 3047 huius

582 3087 764 3151 scripti
799 3087 1053 3149 meminit,
1090 3101 1259 3151 genus
1295 3086 1512 3152 linguae
1546 3092 1599 3136 et
1632 3102 1762 3136 usus
1799 3086 2076 3138 familiaris
2101 3088 2367 3154 Vulgatae
2405 3093 2565 3153 atque
2601 3086 2781 3137 Rufini
2817 3087 3072 3135 seriorem

582 3176 813 3221 aetatem
864 3176 917 3221 et
964 3172 1309 3237 archetypum
1356 3173 1583 3223 latinum
1630 3174 1886 3227 indicant.
1963 3174 2002 3241 ³)
2044 3175 2208 3238 Quas,
2245 3174 2658 3240 Hagiographus
2695 3175 2763 3223 D.
2800 3172 3074 3237 Papebro-

583 3258 751 3321 chius,
788 3258 905 3309 Act.
944 3258 997 3309 S.
1036 3258 1089 3308 S.
1126 3260 1278 3309 Junii
1313 3260 1383 3322 II,
1421 3262 1539 3309 431.
1578 3278 1617 3311 s.
1665 3260 1962 3326 publicavit
2000 3267 2053 3311 et
2084 3262 2214 3312 Mss.
2251 3262 2514 3311 Va'ticano
2563 3278 2684 3311 cum
2731 3262 2872 3313 Guil.
2913 3261 3074 3311 Oard.

584 3344 762 3394 Sirleti
797 3348 1251 3413 interpretatione,
1291 3347 1341 3396 h.
1378 3351 1414 3395 t.
1450 3346 1587 3396 Acta
1625 3352 1680 3397 et
1713 3349 1902 3399 Passio
1938 3350 1996 3397 in
2025 3348 2201 3414 Cypro
2239 3350 2339 3399 sub
2379 3350 2592 3399 nomine
2615 3350 2652 3399 J
2655 3351 2844 3399 oannis
2881 3350 3070 3411 Marci,

583 3432 888 3496 Barnabae,
926 3435 1233 3484 consobrini
1272 3434 1428 3483 edita.
1474 3435 1710 3500 Repetiit
1747 3435 1936 3485 eadem
1971 3434 2341 3498 Tischendorf,
2380 3436 2414 3485 l.
2455 3452 2501 3485 c.
2539 3453 2591 3501 p.
2629 3437 2712 3486 64.
2785 3436 2827 3503 4)
2867 3436 3074 3485 Horum

584 3520 689 3569 duo
728 3519 1009 3586 descripsit
1043 3520 1403 3571 Tischendorf
1435 3521 1786 3588 exemplaria3
1836 3537 2000 3571 unum
2040 3538 2105 3571 ex
2139 3523 2660 3588 peregrinationibus
2698 3522 2936 3589 Philippi
2974 3522 3072 3588 Ap.

582 3608 619 3656 1.
658 3624 703 3656 c.
742 3624 793 3673 p.
832 3611 933 3671 57„
973 3613 1026 3657 et
1058 3608 1195 3658 Acta
1230 3608 1461 3674 Philippi
1509 3611 1567 3657 in
1615 3608 1846 3658 Hellade
1894 3626 1946 3674 p.
1985 3612 2067 3659 95.
2106 3626 2148 3660 s.
2205 3626 2324 3659 cum
2375 3610 2496 3660 add.
2535 3612 2592 3660 in
2626 3610 2850 3676 Apocal.
2889 3626 3072 3676 apocr.

586 3712 637 3760 p.
680 3697 796 3744 144.
836 3710 877 3743 s.
952 3696 990 3761 ⁵)
1028 3696 1113 3745 De
1150 3696 1341 3760 quibus
1378 3697 1483 3745 iam
1520 3696 1808 3759 Eusebius,
1846 3697 1916 3745 H.
1941 3697 2005 3745 E.
2031 3696 2130 3759 111,
2157 3699 2238 3746 25.
2264 3715 2316 3763 p.
2343 3700 2426 3747 97.
2465 3715 2508 3748 s.
2533 3697 2888 3763 Epiphanius,
2929 3698 3075 3747 haer.

586 3782 805 3843 XLVII,
836 3784 881 3830 1.
906 3798 957 3846 p.
985 3784 1101 3831 400.
1140 3796 1182 3830 s.
1208 3782 1553 3847 AugustinuS,
1592 3786 1780 3832 eontra
1813 3782 2037 3834 Advers.
2075 3784 2236 3849 Legis
2275 3788 2328 3833 et
2363 3785 2558 3850 Proph.
2585 3786 2626 3848 I,
2654 3788 2736 3835 20.
2763 3787 2846 3834 39.
2873 3802 2928 3850 p.
2957 3787 3073 3834 570.

585 3870 890 3934 loquuntur.
953 3869 1057 3919 Sed
1093 3870 1271 3935 placet
1308 3888 1337 3921 e
1375 3888 1416 3920 s.
1452 3869 1723 3921 Philastrii
1771 3872 1908 3921 libro
1946 3872 2012 3921 de
2048 3871 2257 3923 haeres.
2295 3889 2346 3922 n.
2385 3874 2467 3936 66,
2515 3888 2677 3938 saepe
2713 3873 2852 3922 male
2893 3874 3076 3934 citam,

584 3957 753 4005 verba
788 3955 891 4005 huc
939 3957 1191 4006 facientia
1238 3957 1462 4007 addere:
1518 3958 1852 4020 „Manichaei
1899 3959 2208 4025 apocrypha
2253 3960 2399 4009 beati
2439 3959 2686 4009 Andreae
2721 3959 2985 4025 Apostoli,
3024 3959 3077 4007 id

588 4048 671 4093 est
704 4043 886 4105 Actus,
939 4059 1072 4108 quos
1111 4045 1238 4094 feeit
1284 4047 1506 4094 veniens
1544 4045 1610 4095 de
1645 4047 1819 4096 Ponto
1856 4048 1913 4096 in
1951 4046 2248 4109 Graeciam,
2300 4062 2432 4112 quos
2478 4047 2914 4111 conscripserunt
2950 4050 3078 4095 tunc

586 4130 835 4194 discipuli
872 4136 1155 4194 sequentes
1190 4130 1614 4195 Apostolorum.“
1655 4149 1708 4197 p.
1745 4134 1862 4182 494.
1927 4133 1966 4199 ⁶)
2007 4134 2177 4195 Quam
2216 4132 2420 4182 Graece
2457 4149 2486 4183 e
2526 4133 2642 4183 cod.
2668 4134 2720 4183 b.
2745 4132 3077 4182 Bodleianae

587 4202 721 4266 curn⁴
757 4216 925 4266 latina
975 4233 1109 4267 vers.
1146 4222 1256 4267 not.
1295 4218 1421 4267 diss.
1471 4218 1637 4269 edidit
1682 4218 1740 4268 C.
1780 4217 1839 4269 C.
1877 4220 2068 4285 Woog,
2119 4219 2172 4268 S.
2208 4219 2386 4284 Antiq.
2436 4220 2492 4268 in
2529 4219 2694 4269 Acad.
2743 4219 2892 4284 Lips.
2933 4219 3075 4268 Prof.

584 4304 658 4354 ib.
699 4306 849 4354 1749.
924 4304 963 4369 ⁷)
1002 4304 1282 4353 Publicata
1330 4309 1455 4355 sunt
1497 4320 1678 4355 rursus
1715 4305 1849 4355 haec
1892 4311 2014 4355 acta
2051 4321 2084 4355 a
2123 4306 2181 4355 C.
2220 4306 2586 4368 Tischendorf,
2624 4307 2662 4355 1.
2700 4322 2745 4355 c.
2782 4323 2836 4371 p.
2877 4308 2995 4356 105.
3032 4323 3075 4355 s.

586 4390 626 4457 ⁸)
668 4390 749 4441 Cf.
776 4406 818 4441 s.
844 4391 1141 4456 Augustini,
1180 4391 1245 4441 de
1271 4392 1419 4442 Actis
1458 4408 1577 4441 cum
1612 4391 1796 4441 Felice
1833 4392 2151 4442 Manichaeo
2177 4392 2247 4455 II,
2276 4396 2324 4443 6.
2349 4410 2401 4459 p.
2427 4395 2546 4443 489.
2593 4393 2898 4444 Innocentii
2921 4394 2982 4455 L,
3009 4393 3077 4442 ad

584 4478 941 4543 Exsuperium
980 4494 1061 4541 ep.
1088 4495 1140 4527 n.
1170 4481 1250 4528 13.
1278 4478 1359 4528 ed.
1388 4478 1700 4529 Schoenem.
1726 4496 1778 4543 p.
1807 4480 1923 4528 545.
1987 4478 2027 4545 ⁹)
2069 4479 2175 4529 Cfr.
2207 4481 2309 4529 viri
2347 4480 2538 4529 eruditi
2577 4480 2750 4544 Thilo,
2787 4481 2930 4530 Acta
2963 4498 3004 4530 s.
3031 4496 3071 4530 s.

587 4564 685 4629 Ap.
721 4565 968 4614 Andreae
1006 4570 1059 4614 et
1092 4566 1351 4615 Matthiae
1390 4582 1455 4615 ex
1490 4565 1607 4615 cod.
1632 4567 1755 4615 Par.
1792 4565 1948 4615 Halis
1976 4567 2125 4616 1846.
2163 4583 2214 4631 p.
2239 4568 2358 4617 Vn.
2385 4584 2426 4617 s.
2465 4573 2522 4617 et
2557 4568 2930 4630 Tischendorf,
2969 4567 3002 4617 l.
3030 4583 3074 4616 o.
