3309 5300
1002 424 1065 463 De
1094 423 1219 464 libris
1246 423 1501 474 apocryphis
1528 423 1638 465 Novi
1667 423 1955 465 Testamenti.
2637 411 2721 475 85

258 609 328 664 In
354 609 649 675 Actorum,
691 623 841 682 quae
885 605 993 661 sub
1043 605 1278 662 nomine
1317 605 1772 680 ,Apostolorum‘
1810 606 2388 676 circumferebantur,
2437 625 2720 664 memora-

266 713 434 783 tione3
494 709 665 768 nulla
716 710 835 768 alia
886 709 1139 786 amplius
1191 712 1520 769 recitantur
1534 756 1547 783 ‚
1604 730 1780 789 quam
1832 713 2058 781 ,Actus‘
2113 713 2350 770 nomine
2402 711 2722 783 ,Thomae

258 813 597 892 Apostoli‘
622 811 663 872 ¹.
720 816 907 872 Actus
946 816 1307 891 apocryphos
1362 815 1417 886 ‚J
1427 815 1704 873 oannis‘
1763 817 2036 874 habuisse
2075 818 2294 892 priscos
2335 817 2653 874 haereticos
2675 812 2717 889 ²,

254 943 279 980 e
310 921 539 978 decretis
586 919 900 997 verbisque
940 919 1237 990 Veterum,
1287 921 1499 998 quibus
1544 919 1676 978 illos
1721 920 1909 979 veluti
1953 923 2276 996 suppositos
2318 922 2710 996 proscribunt,
2768 943 2782 951 ·

253 1031 454 1085 certum
485 1029 572 1081 est
588 1021 630 1082 3.
668 1025 763 1082 Ad
796 1027 1207 1083 eosdemActus
1238 1024 1575 1082 referuntur
1608 1025 2061 1102 ,Martyrium
2099 1025 2444 1084 Bartholo
2457 1026 2657 1083 maei‘
2675 1021 2718 1083 4.

252 1130 599 1190 Reiiciuntur
620 1133 803 1188 etiam
819 1129 885 1187 in
908 1131 1135 1188 decreto
1152 1129 1370 1186 Gelasii
1395 1133 1628 1204 praeter
1644 1130 2038 1204 Evangelium
2061 1129 2297 1187 nomine
2315 1130 2382 1201 ,Τ
2395 1131 2527 1187 had
2538 1131 2574 1187 d
2586 1150 2620 1186 a
2633 1150 2662 1186 e
2676 1132 2719 1186 i‘

252 1235 663 1311 apocryphum3
697 1234 877 1292 etiam
909 1238 1091 1292 Acta
1120 1253 1269 1312 quae
1301 1235 1558 1290 eiusdem
1590 1234 1886 1292 Thaddaei
1917 1233 2152 1292 nomine
2183 1236 2495 1292 exstabant
2513 1232 2556 1293 5.

432 1339 641 1415 Neque
673 1342 911 1396 tantum
932 1338 1261 1412 Evangelia
1290 1342 1349 1395 et
1372 1341 1540 1409 Acta,
1574 1358 1784 1396 verum
1817 1338 1994 1420 etiam
2024 1340 2198 1414 Epis
2213 1338 2364 1396 tola
2379 1359 2408 1396 e
2441 1338 2720 1396 Christi

252 1445 313 1501 ad
339 1445 645 1517 Abgarum
665 1440 690 1480 ⁶
734 1449 794 1500 et
835 1445 907 1500 ad
938 1463 983 1501 s.
1016 1444 1259 1500 Petrum
1280 1439 1319 1514 ⁷,
1370 1443 1514 1500 item
1557 1442 1764 1501 literae
1796 1443 2308 1519 Apostolorum
2356 1445 2721 1520 apocryphae

249 1553 399 1606 natae
443 1551 615 1617 sunt3
674 1548 762 1605 ita
810 1549 969 1604 enim
1020 1567 1066 1605 8.
1115 1547 1163 1603 P
1178 1546 1340 1605 aulo
1389 1541 1806 1606 adscribuntur
1851 1547 2128 1623 epistolae
2175 1551 2298 1604 tam
2344 1549 2417 1605 ad
2464 1547 2714 1605 Laodi-

248 1671 465 1710 censes
486 1648 537 1722 8,
598 1671 780 1730 quam
832 1651 1242 1710 Corinthios
1295 1651 1627 1727 suppositae
1648 1649 1690 1710 9.
1768 1653 1986 1710 Eodem
2037 1653 2102 1708 in
2158 1671 2334 1709 censu
2389 1653 2722 1710 habeantur

250 1921 364 1988 prol.
397 1938 448 1987 p.
487 1922 573 1970 47.
616 1937 658 1971 8.
719 1920 869 1970 Idem
915 1936 1073 1986 porro
1124 1919 1304 1970 Const.
1344 1919 1712 1982 Tischendorf,
1761 1919 1882 1970 add.
1921 1919 1990 1969 ad
2024 1919 2192 1985 Apoc.
2231 1935 2410 1986 apocr.
2460 1936 2489 1969 e
2528 1920 2716 1970 codice

248 2008 426 2058 unciali
459 2007 762 2073 publicavit
796 2008 933 2058 Acta
967 2007 1213 2058 Andreae
1252 2012 1305 2057 et
1338 2006 1599 2056 Matthiae
1635 2024 1688 2072 p.
1718 2009 1834 2056 139.
1873 2023 1915 2057 s.
1978 2007 2183 2068 Quibus
2222 2008 2513 2072 iunguntur
2547 2007 2715 2057 veluti

245 2096 550 2146 continuatio
604 2094 744 2144 Acta
793 2099 846 2144 et
880 2096 1195 2159 Martyrium
1245 2094 1297 2144 S.
1334 2093 1612 2156 Matthaei,
1663 2109 1698 2142 a
1743 2093 2142 2144 Tischendorfio
2190 2095 2417 2159 primum
2467 2095 2610 2144 edita
2655 2096 2713 2144 in

244 2183 341 2232 Act.
377 2197 557 2246 apocr.
599 2199 653 2248 p.
694 2183 811 2231 167.
849 2198 891 2231 8.

434 2269 471 2334 ¹)
510 2269 723 2318 Eadem
757 2270 864 2318 iam
902 2268 1025 2318 olim
1062 2272 1192 2318 nota
1228 2268 1443 2317 fuerunt
1480 2267 1529 2316 d.
1557 2266 1873 2332 AugustinO,
1913 2271 2101 2318 contra
2134 2268 2392 2318 Faustum
2427 2269 2599 2331 XXH,
2637 2271 2718 2318 79.

246 2376 287 2423 p.
320 2359 458 2420 409.;
504 2357 761 2406 Turribio
798 2357 1154 2414 Asturicensi‚
1207 2355 1435 2420 epistola
1471 2355 1537 2404 de
1572 2370 1683 2404 non
1718 2354 2036 2420 recipiendis
2077 2355 2134 2404 in
2185 2355 2558 2404 authoritatem
2595 2355 2718 2405 fidei

245 2443 541 2509 apocryphis
590 2444 865 2508 scripturis
912 2459 956 2493 c.
994 2444 1042 2493 5.
1091 2443 1231 2492 inter
1269 2459 1351 2508 ep.
1388 2444 1602 2492 Leonis.
1642 2442 1724 2492 ed.
1763 2443 1896 2491 Ven.
1945 2442 2013 2504 H,
2055 2443 2197 2506 130.;
2249 2442 2712 2503 Pseudo-Abdiae,

246 2532 274 2580 l.
307 2547 344 2579 s.
380 2546 423 2580 0.
460 2530 555 2592 XI,
602 2533 647 2579 1.
686 2547 739 2595 p.
778 2531 923 2594 689.;
968 2529 1175 2593 Photio,
1214 2529 1329 2579 cod.
1371 2531 1486 2579 114.
1523 2547 1575 2595 p.
1616 2531 1732 2579 390.
1793 2530 2022 2579 1810111111
2059 2529 2271 2594 quidem
2306 2531 2569 2594 insignem
2607 2530 2713 2580 edi-

242 2620 418 2667 tionem
452 2618 589 2667 fecit
628 2617 685 2667 C.
712 2616 884 2680 Thilo,
925 2616 1063 2667 Acta
1099 2615 1151 2667 S.
1178 2616 1414 2667 Thomas
1453 2632 1482 2667 0
1520 2617 1635 2667 cod.
1672 2617 1793 2667 Par.
1831 2617 1982 2683 prim.
2021 2616 2103 2666 ed.
2131 2621 2310 2666 annot.
2335 2615 2524 2667 illustr.
2562 2617 2712 2683 Lips.

244 2706 392 2767 1823.,
429 2706 647 2769 repetiit
682 2705 839 2754 novis
874 2704 1128 2755 subsidiis
1165 2708 1379 2753 auctam
1416 2704 1783 2765 Tisehendorf,
1822 2702 1855 2753 l.
1883 2718 1928 2753 c.
1953 2720 2007 2769 p.
2036 2704 2152 2753 190.
2193 2708 2245 2753 01
2281 2704 2402 2753 add.
2435 2704 2600 2769 Apoc.
2629 2720 2713 2770 ap.

240 2810 282 2857 p.
310 2794 417 2841 156.
448 2809 489 2841 s.
539 2792 629 2841 Ex
668 2792 855 2841 eodem
892 2808 1011 2841 cum
1047 2791 1191 2841 Actis
1229 2791 1375 2841 fonte
1412 2793 1649 2841 manavit
1689 2790 2086 2841 Consummatio
2124 2790 2377 2853 Thomae,
2417 2792 2484 2840 ab
2525 2792 2712 2841 eodem

240 2878 623 2929 Tischendorfio
646 2879 791 2929 edita
808 2878 924 2928 Act.
944 2894 1121 2944 apocr.
1137 2896 1187 2944 p.
1202 2880 1321 2929 235.
1337 2895 1377 2929 s.
1416 2878 1456 2944 ²)
1478 2879 1802 2940 Encratitas‚
1823 2877 2170 2927 Manichaeos
2190 2883 2244 2927 et
2260 2872 2710 2929 Priscillianistas.

241 2966 273 3029 ³)
317 2967 424 3015 Nec
472 2968 671 3031 exigua
720 2972 834 3015 erat
884 2982 1063 3015 eorum
1098 2966 1283 3028 moles,
1336 2981 1458 3014 cum
1494 2982 1601 3015 non
1637 2966 1980 3031 paucioribus
2019 2980 2180 3031 quam
2227 2970 2308 3014 ter
2343 2964 2483 3014 mille
2523 2962 2709 3035 στίχοις

240 3057 544 3102 constarent.
598 3052 680 3103 cf.
704 3053 1029 3115 Fabricium,
1055 3052 1090 3101 1.
1121 3068 1165 3102 c.
1192 3070 1243 3118 p.
1278 3052 1392 3101 765.
1442 3052 1748 3102 Editionem
1775 3068 1954 3101 eorum
1979 3054 2190 3117 paravit
2225 3054 2425 3117 primus
2457 3052 2712 3103 Tischen-

240 3140 355 3201 dorf,
393 3139 425 3189 l.
452 3156 496 3190 c.
524 3158 579 3205 p.
607 3142 725 3189 266.
787 3140 829 3205 4)
872 3138 1204 3203 Simillimum
1244 3139 1575 3189 adulterinae
1611 3140 1886 3190 Historiae
1923 3139 1974 3187 b.
2013 3138 2410 3189 Bartholomaei
2448 3140 2710 3189 conflatae

240 3242 268 3274 a
298 3226 710 3277 Pseudo-Abdia
758 3228 1058 3276 certaminis
1095 3227 1279 3291 Apost.
1316 3226 1351 3275 l.
1389 3226 1533 3275 VIII.
1586 3226 1730 3291 apud
1778 3225 2087 3275 Fabricium
2124 3243 2174 3291 p.
2217 3228 2334 3275 669.
2374 3243 2415 3275 8.
2475 3226 2711 3276 libellum

237 3314 329 3362 huc
374 3314 618 3379 adusque
668 3329 777 3363 non
827 3314 1048 3375 editum,
1100 3314 1238 3378 typis
1286 3329 1314 3362 e
1362 3313 1547 3363 codice
1582 3313 1790 3362 Veneto
1841 3312 2120 3377 descripsit
2160 3312 2536 3375 Tischendorf‚
2588 3313 2622 3361 l.
2663 3330 2708 3363 0.

237 3418 280 3465 p.
315 3402 427 3450 243.
466 3416 508 3449 s.
586 3402 627 3467 ⁵)
668 3400 747 3451 cf.
786 3402 845 3449 P.
882 3400 1185 3462 Lambecii‚
1237 3398 1577 3449 Commentar
1625 3400 1691 3449 de
1741 3414 1859 3465 aug.
1899 3399 2037 3449 Bibl.
2078 3400 2232 3449 Caes.
2270 3400 2334 3449 V.
2370 3399 2406 3448 l.
2444 3400 2590 3449 VIII.
2630 3400 2711 3449 ed.

236 3487 287 3535 A.
316 3488 375 3536 F.
399 3484 605 3550 Kollar,
646 3486 875 3537 Vindob.
904 3488 1055 3537 1782.
1091 3503 1144 3552 p.
1170 3488 1287 3536 482.
1348 3488 1500 3536 Haec
1539 3502 1753 3552 quoque
1788 3486 1909 3535 luce
1946 3486 2163 3551 publica
2199 3486 2420 3535 donavit
2455 3486 2708 3535 Tischen-

238 3574 353 3635 dors,
386 3574 421 3624 l.
446 3590 492 3623 c.
531 3591 583 3640 p.
612 3576 730 3623 261.
759 3589 800 3623 8.
849 3574 1057 3623 Inserta
1096 3578 1176 3623 est
1214 3574 1371 3623 etiam
1407 3574 1489 3622 his
1514 3574 1660 3623 Actis
1697 3573 1924 3638 epistola
1947 3573 2148 3638 Abgari
2185 3573 2252 3622 ad
2292 3572 2575 3636 Christum,
2615 3574 2712 3623 sed

236 3660 422 3726 absque
450 3661 651 3711 Christi
675 3661 1028 3726 responsoria.
1077 3660 1162 3709 De
1189 3674 1295 3725 qua
1321 3660 1548 3725 epistola
1574 3660 1800 3710 diximus
1827 3659 1898 3708 ad
1923 3659 2123 3709 calcem
2147 3660 2284 3710 Hist.
2307 3675 2494 3725 evang.
2519 3678 2568 3725 p.
2590 3662 2708 3709 306.

238 3748 566 3813 Usurpantur
615 3753 669 3797 01
714 3747 806 3797 alii
841 3747 1216 3813 Apostolorum
1252 3746 1419 3796 Actus
1468 3746 1779 3812 apocryphi,
1829 3762 2054 3811 quorum
2101 3747 2366 3812 prolixum
2403 3746 2708 3812 catalogum

237 3834 441 3885 adiectis
476 3836 707 3886 testibus
746 3840 799 3885 et
832 3836 1143 3901 fragmentis
1182 3834 1520 3899 alphabetico
1568 3834 1754 3884 ordine
1801 3834 2020 3899 digessit
2054 3833 2105 3883 J.
2143 3833 2204 3883 A.
2241 3833 2539 3895 Fabricius,
2588 3834 2622 3883 l.
2662 3850 2707 3883 0.

235 3940 277 3987 p.
304 3924 606 3985 754—832„
643 3924 769 3972 item
794 3921 891 3984 III,
919 3922 1242 3985 632-66Ο.;
1280 3937 1463 3971 verum
1490 3922 1768 3987 catalogus
1793 3922 1892 3971 iste
1915 3921 2200 3985 plurimum
2224 3922 2461 3969 imminui
2494 3928 2704 3986 posset3

235 4011 274 4058 si
316 4025 429 4072 eos,
488 4011 582 4075 qui
638 4010 738 4059 sub
784 4010 947 4059 variis
1002 4008 1166 4058 titulis
1217 4010 1463 4071 veniunt,
1520 4008 1589 4058 ad
1642 4024 1808 4057 unum
1863 4007 2208 4073 archetypum
2261 4010 2704 4058 revocaverimus.

235 4096 268 4160 θ)
302 4097 362 4144 V.
400 4098 470 4145 H.
507 4098 573 4145 N.
612 4096 673 4146 Τ.
717 4113 768 4162 Ρ.
806 4096 925 4145 306.
1000 4095 1039 4161 ⁷)
1089 4095 1171 4144 Ab
1222 4095 1522 4157 Amadutio,
1572 4094 1832 4145 Anecdot.
1881 4094 1959 4143 lit.
2009 4094 2162 4143 Rom.
2202 4096 2353 4143 1773.
2401 4095 2443 4144 I.
2482 4096 2530 4143 8.
2569 4111 2620 4143 n.
2660 4098 2708 4144 4.

232 4184 443 4246 primum
481 4184 639 4232 edita.
703 4182 742 4249 8)
781 4183 953 4244 Quam
989 4182 1158 4245 Pritii,
1196 4182 1395 4232 Introd.
1433 4184 1490 4232 in
1518 4182 1639 4232 lect.
1674 4182 1740 4233 N.
1766 4181 1828 4231 Τ.
1855 4182 2078 4232 1118011111
2113 4181 2402 4243 Hoffmann,
2444 4198 2495 4247 p.
2525 4183 2640 4231 143.
2667 4196 2708 4231 s.

234 4268 268 4333 ⁹)
319 4270 552 4320 Tertiam
607 4270 841 4335 aliquam
898 4268 1292 4319 Corinthiorum
1346 4269 1416 4319 ad
1470 4269 1723 4331 Paulum,
1781 4283 1914 4334 quas
1965 4283 2086 4317 cum
2143 4268 2380 4318 censuris
2435 4268 2710 4318 doctorum

232 4357 449 4406 virorum
500 4356 714 4407 exhibet
757 4356 1053 4419 Fabricius,
1102 4356 1201 4417 ΠΙ,
1240 4357 1357 4406 667.
1398 4372 1437 4407 s.
1498 4355 1770 4418 Ullmann,
1817 4360 1869 4405 ii.
1911 4355 1959 4404 d.
1995 4355 2092 4404 III.
2128 4355 2282 4405 Brief
2311 4354 2470 4403 Pauli
2507 4370 2578 4404 an
2617 4356 2702 4403 die

233 4441 339 4491 Cor.
378 4459 431 4492 u.
471 4443 521 4493 d.
560 4443 709 4493 Schr.
748 4443 843 4492 der
878 4440 1114 4493 Corinth.
1153 4443 1400 4493 Heidelb.
1441 4444 1591 4492 1823.
1623 4443 1688 4491 V.
1727 4442 1796 4491 H.
1836 4441 1898 4491 N.
1924 4442 1984 4491 Τ.
2022 4459 2075 4507 Ρ.
2101 4443 2220 4491 402.
2247 4457 2288 4491 8.
2327 4442 2445 4491 447.
2475 4458 2515 4491 8.
2566 4441 2705 4492 Istas

234 4529 435 4592 quidem
470 4529 737 4580 finxerunt
771 4531 1087 4596 impostores
1123 4530 1379 4593 nonnulli,
1417 4544 1696 4595 perperam
1732 4531 2142 4594 interpretantes
2181 4528 2250 4577 ad
2287 4526 2490 4578 Coloss.
2531 4530 2581 4591 4,
2623 4531 2705 4578 16.

234 4620 281 4664 01
311 4616 351 4665 I.
391 4616 515 4667 Cor.
552 4619 599 4680 5,
638 4620 685 4667 9.
746 4616 1021 4681 Epistolas
1069 4616 1166 4666 has
1211 4633 1312 4667 1100
1358 4619 1617 4683 genuinas
1665 4622 1717 4666 et
1764 4615 2104 4681 apostolicas,
2155 4619 2212 4665 at
2247 4631 2347 4665 nec
2385 4614 2706 4666 orthodoxas
