3309 5300
553 401 678 464 120
1268 413 1500 454 Comment.
1530 413 1583 453 de
1612 414 1654 453 S.
1679 413 1836 463 script.
1868 424 2078 464 capsec.
2109 415 2237 454 tract.
2269 414 2303 454 1.

551 589 717 649 dorf,
756 605 796 636 s.
836 593 870 636 t.
926 587 1138 648 „Codex
1186 588 1475 652 Ephraemi
1528 589 1645 652 Syri
1695 590 2003 654 Rescriptus
2053 591 2164 638 sive
2212 589 2536 654 Fragmenta
2581 592 2644 639 N.
2682 592 2744 639 T.
2784 606 2815 638 e
2856 588 3066 638 codice

552 674 758 724 Graeco
797 675 1085 723 Parisiensi
1123 674 1466 723 celeberrimo
1506 677 1677 739 quinti
1712 681 1772 724 ut
1807 677 1912 725 vid.
1951 695 2000 740 p.
2041 676 2099 725 O.
2139 692 2278 726 saec.
2317 677 2464 741 Lips.
2507 678 2688 726 1843.“

758 761 941 810 Codex
973 762 1039 810 D.
1069 761 1624 826 Cantabrigensis
1664 768 1864 812 textum
1889 764 2307 827 Evangeliorum
2343 779 2454 812 una
2491 780 2610 812 cum
2634 764 2782 813 Actis
2810 763 3064 827 Aposto-

550 848 721 896 lorum
760 851 813 895 et
849 848 997 896 brevi
1036 863 1117 911 ep.
1154 848 1250 895 III.
1287 849 1483 896 Joann.
1533 849 1720 912 fragm.
1769 849 2032 898 Graecum
2084 855 2136 898 et
2184 851 2432 899 Latinum
2484 851 2714 911 exhibet,
2767 865 2880 899 uon
2938 848 3066 896 sine

551 932 759 983 lacunis
797 935 1090 982 recentiore
1127 948 1286 982 manu
1310 949 1451 983 saec.
1476 936 1566 983 IX.
1606 940 1660 983 et
1697 937 1759 984 X.
1799 936 2073 1000 suppletis,
2127 937 2230 984 Hic
2269 951 2300 985 a
2332 937 2430 986 Th.
2469 938 2642 986 Beza
2677 935 3066 986 bibliothecae

548 1019 874 1068 Academiae
912 1019 1365 1084 Cantabrigensis,
1416 1037 1574 1084 quam
1625 1023 1911 1071 etiamnum
1961 1028 2128 1084 ornat,
2182 1023 2321 1072 dono
2374 1025 2551 1072 cessit.
2612 1024 2761 1072 Idem
2801 1039 2935 1071 eum
2978 1037 3065 1081 00,

555 1122 711 1170 11110111
751 1107 1013 1154 Robertus
1052 1106 1422 1170 Stephanus
1461 1109 1515 1156 in
1554 1108 1633 1157 ed.
1676 1124 1722 1156 a.
1764 1111 1913 1158 1550.
1951 1109 2025 1158 lit.
2066 1107 2109 1174 β.
2150 1111 2397 1174 signavit.
2459 1111 2588 1159 Post
2625 1127 2664 1159 s.
2705 1109 3066 1158 Matthaeum

554 1194 704 1258 ponit
741 1211 781 1242 s.
818 1194 1099 1256 Joannem,
1150 1199 1259 1243 tum
1298 1212 1337 1242 s.
1376 1196 1579 1244 Lucam
1617 1196 1848 1260 denique
1887 1212 1925 1244 s.
1965 1196 2219 1245 Marcum.
2281 1198 2483 1246 Textus
2519 1197 2746 1245 Latinus
2783 1195 3065 1244 Antehie-

554 1281 896 1343 ronymianus
924 1281 1217 1344 dexteram3
1260 1295 1481 1344 graecus
1521 1283 1788 1331 sinistram
1818 1289 2060 1347 occupat.
2113 1283 2466 1332 Nihilominus
2495 1284 2804 1332 aestimatur
2831 1286 3071 1346 propter

555 1367 816 1430 insignem
864 1383 981 1415 cum
1022 1368 1134 1416 cod.
1173 1368 1233 1415 B.
1274 1369 1697 1417 consensionem.
1759 1370 1879 1430 Qua
1917 1373 2093 1419 aetate
2131 1371 2356 1434 scriptus
2410 1371 2514 1418 sit?
2564 1369 2887 1433 disputatur.
2958 1367 3068 1416 Alii

556 1451 771 1501 saeculo
800 1454 1000 1517 quintO,
1041 1454 1132 1502 alii
1162 1453 1379 1502 saeculo
1419 1459 1603 1503 sexto
1641 1457 1894 1518 scriptum
1927 1455 2129 1504 volunt.
2180 1454 2322 1503 Illud
2347 1459 2548 1503 certum
2585 1459 2696 1506 est:
2736 1470 2860 1504 nec
2901 1458 3070 1502 ante

556 1539 800 1588 ultima
837 1540 1181 1588 decennia
1217 1540 1488 1588 saeculi
1532 1542 1792 1606 quinti,
1832 1557 1948 1590 nec
1985 1546 2144 1606 post
2182 1541 2454 1590 saeculi
2493 1543 2712 1589 octavi
2747 1547 3068 1604 tempora

558 1631 833 1675 exaratum
869 1627 1050 1675 fuisse.
1110 1627 1397 1677 Lectiones
1448 1629 1731 1690 variantes,
1784 1643 1921 1693 quae
1974 1628 2103 1677 Cod.
2153 1629 2219 1676 D.
2269 1628 2517 1692 propriae
2567 1632 2705 1688 sunt,
2763 1643 2833 1676 ex
2891 1629 3067 1675 inter-

558 1714 869 1778 pretationis
921 1713 1146 1762 alicuius
1196 1714 1468 1764 orientalis
1517 1731 1619 1764 usu
1671 1717 1862 1779 repetit
1897 1716 1964 1764 D.
2005 1715 2212 1776 Schulz,
2253 1714 2387 1779 disp.
2425 1713 2492 1762 de
2529 1714 2645 1762 cod.
2682 1714 2750 1762 D.
2791 1713 3066 1762 Canta-br.

557 1800 771 1849 Vratisl.
819 1801 967 1848 1827.
1028 1799 1353 1866 Auspicante
1404 1801 1590 1850 eadem
1637 1801 1930 1850 Academia
1971 1802 2207 1850 codicem
2250 1801 2392 1848 hunc
2439 1800 2603 1848 edidit
2644 1805 2752 1848 not.
2797 1799 2911 1847 adi.
2961 1798 3066 1847 Th.

558 1886 795 1951 Kipling.
835 1886 1086 1936 Cantabr.
1122 1890 1273 1936 1793.
1313 1891 1361 1936 2.
1399 1889 1505 1937 vol.
1542 1888 1632 1937 fol.
1673 1889 1806 1937 Acta
1842 1887 1940 1951 Ap.
1979 1889 2048 1936 ad
2085 1887 2200 1936 0011.
2239 1887 2547 1950 cantabrig.
2585 1886 2740 1934 fidem
2778 1885 3070 1936 recensuit

558 1971 747 2030 Fr.,A.
784 1974 1141 2022 Bornemann.
1182 1973 1610 2023 Grossenhainae
1650 1976 1799 2024 1848.

769 2061 914 2109 Inter
951 2060 1389 2122 Basilienses,
1436 2063 1527 2124 qni
1565 2062 1816 2110 dicuntur
1852 2062 2064 2110 codices
2101 2062 2207 2110 duo
2245 2066 2367 2110 sunt
2405 2060 2741 2121 celebriores,
2795 2061 2893 2124 qui
2935 2059 3068 2108 olim

562 2147 620 2196 C.
658 2147 693 2196 J
705 2163 734 2196 o
750 2162 949 2195 annes
989 2148 1061 2196 de
1100 2148 1383 2211 Ragusis
1421 2148 1651 2197 fuerunt.
1688 2150 1724 2210 †
1761 2150 1911 2196 1444.
1960 2149 2023 2196 111
2060 2148 2226 2197 altero
2251 2149 2317 2196 E.
2350 2147 2562 2211 quidem
2599 2147 2924 2211 Evangelia,
2967 2145 3068 2194 sed

560 2249 667 2283 non
707 2236 821 2283 sine
862 2235 1100 2298 plurimis
1138 2234 1307 2282 lituris
1345 2236 1696 2299 reperiuntur.
1745 2234 1850 2283 Alii
1876 2234 2093 2285 saeculo
2118 2235 2209 2283 lx.
2249 2235 2574 2295 adscribunt,
2614 2235 2703 2283 alii
2742 2234 2892 2298 quod
2933 2248 3068 2281 vero

559 2323 778 2386 propius
817 2327 912 2381 est,
953 2337 1073 2370 cum
1110 2321 1508 2370 Tischendorfio
1547 2337 1686 2370 saec.
1725 2323 1868 2370 VIII.
1915 2323 2088 2370 medio
2127 2323 2378 2386 scriptum
2417 2323 2752 2371 arbitrantur.
2817 2320 2982 2368 Alter
3021 2322 3065 2368 si

561 2407 937 2471 Apocalypsim
977 2409 1263 2472 exceperis,
1300 2409 1563 2472 integrum
1588 2410 1728 2458 sistit
1751 2410 1814 2458 N.
1841 2410 1901 2456 T.
1929 2427 1969 2458 s.
1997 2407 2066 2474 *ſs
2094 2408 2403 2457 minusculis
2441 2408 2606 2456 literis
2642 2409 2696 2456 in
2722 2409 3067 2456 membrana.

561 2495 761 2542 Textus
798 2492 1210 2558 Evangeliorum
1247 2495 1469 2558 insignis
1507 2495 1786 2544 iudicatur.
1847 2496 2162 2544 Vindicatur
2199 2509 2338 2544 saec.
2385 2496 2450 2544 X.
2489 2494 3068 2543 Reuchlinianus

563 2596 775 2645 quoque
811 2586 1047 2642 vocatur,
1088 2581 1229 2644 quod
1265 2580 1407 2630 illius
1444 2598 1599 2630 usum
1635 2583 1932 2646 permiserit
1967 2583 2190 2632 Erasmo
2229 2584 2285 2631 in
2323 2581 2601 2630 condendo
2639 2597 2734 2630 suo
2773 2581 2842 2630 N.
2870 2581 2939 2630 Τ.
2983 2579 3068 2629 Cf.
3127 2631 3140 2642 ¹

565 2668 883 2730 Schmelzer,
922 2668 987 2716 de
1026 2670 1187 2733 antiq.
1225 2668 1349 2717 Bas.
1375 2668 1513 2718 Bibl.
1554 2669 1686 2718 Ood.
1720 2686 1794 2733 gr.
1825 2669 1966 2733 Gott.
2008 2672 2156 2719 1750.
2199 2670 2256 2719 C.
2282 2670 2446 2732 Beck,
2485 2671 2626 2719 Diss.
2668 2669 2734 2719 de
2771 2669 2894 2718 cod.
2937 2683 3068 2717 mss.

564 2772 640 2820 gr.
678 2756 742 2803 N.
781 2756 841 2822 T.
879 2754 1002 2803 Bas,
1045 2756 1193 2803 1774.
1233 2755 1608 2818 Tischendorf,
1654 2758 1710 2805 in
1747 2771 1871 2805 ann.
1909 2754 2056 2805 stud.
2095 2772 2146 2805 u.
2185 2758 2317 2805 Krit.
2360 2758 2509 2805 1844.
2573 2755 2623 2805 S.
2660 2757 2721 2805 P.
2759 2754 3067 2819 Tregelles,

564 2858 697 2891 new.
738 2841 936 2891 studies
976 2857 1043 2890 on
1083 2842 1172 2891 the
1211 2825 1393 2891 Codex
1430 2842 1709 2905 Reuchlin,
1757 2845 1812 2891 in
1848 2844 2178 2907 Manuscript
2219 2843 2489 2893 discovers
2526 2844 2598 2908 by
2632 2844 2720 2892 Fr.
2757 2841 3068 2891 Delitzsch.

565 2929 735 2978 Lond.
777 2930 925 2977 1862.
964 2946 1013 2993 p.
1056 2931 1240 2978 1—16.

773 3015 939 3064 Suum
994 3031 1022 3063 0
1078 3014 1221 3064 claro
1278 3020 1473 3077 monte,
1525 3017 1890 3080 antiquissima
1945 3017 2090 3080 apud
2137 3016 2403 3067 Arvernos
2429 3046 2495 3052 —
2521 3017 2806 3081 Auvergne
2833 3044 2906 3051 —
2934 3016 3067 3065 sede

566 3101 859 3166 episcopali
897 3118 1091 3151 nomen
1128 3102 1274 3151 duxit
1310 3103 1381 3165 ††
1419 3103 1484 3150 D.
1526 3102 1696 3150 codex
1739 3102 2354 3164 claromontanus,
2405 3105 2582 3168 regius
2618 3104 2751 3167 Imp.
2789 3104 2973 3153 Paris.
3013 3119 3065 3151 n.

569 3192 682 3238 107.
724 3188 1181 3237 Graeco-Latinus
1220 3189 1457 3237 continet
1478 3188 1752 3252 Epistolas
1790 3206 1830 3237 s.
1857 3189 2012 3238 Pauli
2051 3205 2256 3252 omnes,
2299 3190 2532 3253 exceptis
2563 3190 2750 3253 paucis
2787 3190 3063 3249 versibus,

568 3276 616 3324 h.
657 3292 703 3324 o.
744 3277 843 3340 Ep.
884 3277 953 3325 ad
989 3277 1137 3324 Rom.
1180 3276 1249 3324 ad
1287 3275 1408 3324 Cor.
1444 3277 1486 3323 I.
1525 3276 1592 3323 ΙΙ.
1634 3274 1752 3324 Gal.
1790 3276 1986 3341 Ephes.
2027 3275 2231 3325 Coloss.
2269 3276 2502 3340 Philipp.
2540 3276 2699 3325 Thes.
2738 3277 2780 3324 Ι.
2809 3276 2882 3325 II.
2925 3277 3064 3324 Tim.

565 3365 607 3411 I.
646 3364 714 3411 11.
753 3363 854 3411 Tit.
894 3362 1111 3411 Philem.
1162 3364 1437 3411 interiecta
1485 3362 1847 3411 stichometria
1881 3363 1947 3411 U.
1986 3364 2078 3426 F.;
2129 3377 2323 3427 agmen
2373 3362 2587 3411 claudit.
2639 3363 2741 3426 Ep.
2781 3363 2854 3411 ad
2891 3362 3066 3411 Hebr.

566 3448 763 3497 Forma
800 3454 880 3497 est
917 3448 1176 3512 quadrata
1214 3464 1385 3512 eaque
1422 3438 1627 3509 minori,
1679 3450 1997 3497 membranis
2034 3464 2160 3498 vero
2201 3452 2412 3497 constat
2447 3448 2770 3497 tenuissimis
2808 3448 3068 3497 foliorum

568 3538 685 3585 533.
734 3536 838 3583 Per
872 3540 1039 3584 totum
1069 3535 1317 3584 codicem
1344 3539 1397 3583 et
1422 3537 1599 3599 graeci
1626 3540 1680 3583 et
1703 3536 1856 3584 latini
1882 3537 2078 3585 Textus
2115 3536 2330 3600 scriptio
2358 3536 2612 3584 continua
2637 3539 2732 3584 est.
2783 3534 3071 3599 Scriptura

570 3638 677 3687 qua
714 3623 1082 3686 antiquissima
1118 3637 1303 3671 manus
1340 3623 1591 3671 utebatur
1628 3637 1838 3686 graeca,
1878 3638 1940 3670 ex
1979 3638 2042 3672 eo
2080 3621 2370 3671 uncialium
2407 3621 2678 3671 literarum
2717 3637 2918 3687 genere
2961 3627 3067 3683 est,

570 3709 727 3775 quale
764 3710 1025 3773 reperitur
1060 3709 1114 3758 in
1153 3709 1267 3757 cod.
1293 3709 1353 3757 Β.
1391 3708 1455 3758 Α.
1492 3718 1536 3757 κ.
1576 3708 1635 3757 C.
1692 3709 1957 3763 Accentus
1999 3713 2050 3757 et
2085 3710 2301 3772 spiritus
2337 3709 2402 3757 ad
2439 3713 2648 3757 veteres
2685 3710 2815 3757 mssi
2853 3724 3067 3757 correc-

568 3802 707 3846 tores
746 3800 1006 3860 spectant.
1067 3796 1267 3844 Latina
1310 3796 1575 3844 simillima
1622 3801 1705 3844 est
1743 3795 1873 3845 Cod.
1913 3794 2166 3844 Cantabr.
2232 3796 2695 3859 Interpretationis
2745 3797 2906 3861 signa
2957 3810 3067 3843 non

567 3882 747 3945 habet,
786 3883 881 3932 sed
907 3887 1217 3947 compensat
1248 3899 1327 3945 00,
1356 3883 1497 3947 1111οᾶ
1536 3882 1929 3932 stichometrice
1966 3881 2124 3931 suerit
2161 3883 2406 3945 scriptus.
2458 3881 2592 3930 Cum
2630 3887 2812 3931 autem
2851 3887 3070 3931 constet

570 3970 1015 4020 stichometricam
1051 3970 1310 4017 rationem
1349 3968 1417 4017 ad
1453 3969 1608 4018 Pauli
1648 3968 1901 4033 epistolas
1939 3969 2007 4017 ab
2044 3967 2296 4017 Euthalio
2335 3968 2416 4017 Al.
2455 3985 2505 4032 p.
2535 3968 2594 4017 C.
2635 3985 2679 4017 0.
2707 3985 2756 4018 a.
2782 3971 2905 4018 462.
2949 3985 3068 4019 esse

570 4056 861 4107 adhibitam
886 4058 1111 4121 primum
1136 4057 1198 4104 V.
1218 4072 1269 4121 p.
1291 4057 1371 4105 62.
1394 4058 1502 4119 83.;
1540 4062 1728 4120 sponte
1755 4071 1853 4105 sua
1878 4058 2133 4121 sequitur,
2173 4055 2644 4106 Olaromontanum
2671 4056 2918 4107 codicem
2944 4061 3068 4120 post

569 4144 735 4193 hocce
773 4148 981 4207 tempus
1021 4144 1271 4207 scriptum
1303 4142 1483 4191 fuisse.
1541 4141 1838 4191 Saeculo
1877 4149 2072 4192 sexto
2110 4144 2473 4193 recentior
2508 4142 2753 4191 haberi
2790 4145 3065 4207 nequit,

570 4246 634 4280 ac
653 4232 821 4295 magis
850 4247 911 4279 eo
938 4231 1153 4278 ineunte
1182 4244 1339 4293 quam
1366 4229 1539 4277 medio
1566 4229 1654 4277 vel
1683 4234 1908 4277 exeunte
1929 4231 2157 4294 scriptus
2177 4229 2528 4294 probabiliter
2554 4229 2828 4291 statuitur,
2857 4229 3068 4278 faciunt

572 4316 641 4367 ad
677 4317 779 4365 hoc
812 4316 1151 4365 statuendum
1178 4331 1371 4365 causae
1410 4316 1920 4380 palaeographicae,
1959 4331 2182 4380 quarum
2218 4333 2326 4366 non
2362 4318 2580 4365 minima
2616 4317 2856 4365 cernitur
2889 4318 2948 4364 in
2986 4332 3067 4374 eo,

574 4404 716 4468 quod
754 4404 921 4453 codex
951 4404 1411 4465 ClaromontanuS,
1450 4405 1607 4451 sicuti
1634 4404 1954 4467 exquisitum
1988 4404 2338 4469 fragmentum
2367 4420 2449 4468 ep.
2477 4403 2630 4452 Pauli
2657 4401 3066 4463 Coislinianum,

574 4492 849 4556 signatura
884 4493 920 4553 †
956 4492 1025 4539 H.
1064 4508 1114 4539 n.
1154 4493 1271 4539 202.
1309 4490 1447 4539 Bibl.
1485 4492 1608 4554 imp.
1647 4490 1768 4538 Par.
1820 4494 2071 4540 constans
2122 4493 2202 4539 14.
2251 4490 2418 4551 foliis,
2474 4492 2612 4538 inter
2660 4490 3066 4554 antiquissimos

576 4579 784 4630 codices
810 4579 1062 4643 Europae
1087 4578 1471 4629 numerandum
1496 4606 1563 4613 —
1590 4578 1743 4627 cuius
1769 4578 2026 4644 originem
2053 4582 2106 4625 et
2131 4578 2371 4627 fortunas
2397 4581 2578 4625 narrat
2600 4576 2666 4625 Β.
2689 4576 3066 4638 Montfaucon,
