3309 5300
286 609 397 645 Auni
412 613 500 645 ante

322 669 385 705 Ae
421 672 465 706 V.

329 752 468 799 1265

324 838 469 901 1244

328 1010 466 1059 1227

328 1270 465 1317 1222

330 1356 467 1403 1216

330 1443 465 1491 1207

328 1530 466 1577 1200

330 1616 463 1663 1161

328 1703 464 1752 1142

327 1788 463 1836 1103

2657 426 2780 491 351

2683 646 2772 688 Pag.

594 752 876 801 Judicatus
912 751 1050 802 Jairi
1085 753 1273 817 viginti
1310 756 1363 801 et
1398 752 1623 802 duorum
1660 768 1920 802 annorum
1943 790 2580 803 ..........
2698 778 2766 788 —

596 836 855 887 Conversi
916 838 983 887 ad
1037 838 1183 889 idola
1243 838 1497 900 Hebraei,
1552 838 1866 888 Ammonitis
1920 854 2017 903 per
2079 838 2375 887 octodecim
2436 840 2591 887 annis

661 923 917 988 puniendi
952 924 1233 975 traduntur
1243 961 2582 976 ....................

592 1009 790 1075 Jephte
827 1012 981 1059 annis
1018 1015 1223 1076 septem
1257 1011 1417 1061 iudex
1452 1048 1882 1062 .......
1896 1046 1902 1051 -
1941 1049 2580 1061 ..........

660 1096 820 1145 Forte
877 1096 1062 1146 eodem
1123 1111 1263 1146 anno
1322 1112 1351 1146 e
1406 1104 1549 1147 terra
1612 1097 1773 1172 Moab
1841 1098 2124 1147 revertitur
2188 1096 2590 1147 Bethlehemum

659 1183 850 1233 Noemi
885 1197 1005 1233 'cum
1041 1182 1238 1245 Rutha,
1278 1198 1415 1248 quae
1453 1183 1645 1233 deinde
1683 1184 1837 1234 nubit
1871 1182 2052 1233 Boozo
2079 1221 2579 1234 ........
2681 1185 2780 1233 209

590 1268 807 1320 Abesan
843 1284 1012 1320 annos
1050 1275 1255 1335 septem
1289 1270 1491 1319 iudicat
1523 1306 2578 1321 ................

592 1354 823 1404 Ahialon
858 1354 1041 1405 decem
1079 1357 1235 1406 annis
1270 1371 1489 1405 munere
1525 1355 1720 1406 iudicis
1745 1356 1985 1421 fungitur
2008 1394 2576 1407 .........

590 1440 784 1491 Abdon
820 1446 941 1491 octo
979 1443 1133 1491 annis
1168 1443 1533 1507 magistratum
1570 1444 1707 1508 gerit
1727 1480 2578 1493 .............

592 1527 871 1577 Israelitae
908 1528 1008 1578 sub
1045 1529 1170 1593 iugo
1202 1528 1612 1578 Philistaeorum
1648 1534 1867 1593 gemunt
1900 1544 1998 1593 per
2033 1528 2388 1595 quadraginta
2423 1544 2590 1579 annos

597 1614 868 1664 Samsonis
904 1616 1097 1679 viginti
1132 1616 1258 1664 anni
1314 1651 2577 1666 ...................

594 1700 723 1749 Heli
746 1706 963 1765 praeest
986 1702 1141 1752 annis
1168 1701 1552 1766 quadraginta3
1580 1718 1706 1752 suus
1726 1704 1951 1768 quisque
1979 1702 2223 1752 dominus
2251 1706 2304 1751 et
2324 1703 2485 1751 iudex
2511 1707 2592 1753 est
2679 1704 2777 1752 211

595 1786 813 1837 Samuel
848 1786 918 1837 ad
955 1788 1361 1853 gubernandum
1394 1788 1652 1853 populum
1689 1790 1918 1839 accessit
1941 1826 2578 1838 ..........
2679 1790 2778 1840 212

2699 1038 2765 1047 1

1000 2089 1005 2093 .
1108 2044 1511 2097 ·ΡΕΒΙΟῠυ8
1553 2044 1928 2097 SECUNDA.

284 2170 334 2219 A
372 2168 685 2220 REGIBUS
724 2168 1228 2219 HEBRAEORUM
1265 2167 1505 2229 USQUE
1541 2168 1639 2217 AD
1677 2169 1990 2219 EXILIUM
2036 2169 2575 2234 BABYLONICUM,
2617 2169 2777 2221 SIVE

327 2433 460 2481 1084

328 2693 458 2742 1082

329 2865 459 2914 1075

327 3127 460 3175 1059

325 3473 459 3522 1045

327 3820 459 3868 1043

326 3993 459 4040 1038

327 4511 459 4558 1023

326 4596 458 4643 1019

1036 2256 1127 2304 ΑΒ
1165 2254 1361 2304 ANNO
1402 2256 1728 2305 1084-586.
1767 2255 1828 2304 A.
1867 2256 1932 2305 N.
1972 2255 2031 2305 O.

587 2428 717 2479 Saul
740 2428 880 2479 filius
912 2428 1002 2478 Cis
1040 2444 1073 2478 a
1110 2428 1357 2479 Samuele
1394 2433 1585 2478 unctus
1623 2435 1678 2479 et
1713 2444 1748 2479 a
1783 2430 1981 2495 populo
2020 2430 2223 2481 electus
2259 2448 2368 2495 reX,
2418 2448 2586 2481 annos

654 2516 1006 2581 quadraginta
1051 2520 1240 2579 reg-nat
1315 2552 2575 2568 ...................
2677 2524 2778 2571 230

650 2603 765 2654 Rex
804 2602 932 2654 Saul
968 2601 1161 2653 liberat
1196 2602 1264 2652 ab
1304 2602 1579 2653 obsidione
1615 2602 2041 2653 Ammonitarum
2075 2603 2244 2655 Jabes
2283 2602 2491 2654 Galaad
2563 2644 2572 2654 .
2676 2610 2776 2657 232

585 2689 715 2739 Saul
758 2689 1067 2756 adgreditur
1102 2689 1437 2740 Philistaeos.
1483 2688 1700 2739 Samuel
1734 2691 2071 2756 immorigero
2099 2690 2263 2740 Saulo
2303 2693 2585 2741 annuntiat

654 2763 889 2827 divinum
927 2777 1198 2827 decretum
1236 2776 1302 2825 de
1339 2776 1631 2826 auferendo
1669 2793 1835 2842 regno
1873 2791 1908 2826 a
1943 2779 2054 2827 suis
2089 2779 2316 2843 posteris
2353 2817 2362 2827 .
2423 2817 2434 2828 .
2492 2817 2502 2828 .
2561 2817 2572 2827 .
2675 2783 2776 2829 232

584 2863 763 2913 David
798 2865 1035 2913 nascitur
1069 2867 1220 2928 patre
1255 2863 1366 2912 Isai
1444 2901 2573 2914 .................
2675 2869 2776 2916 216

655 2949 785 2999 Saul
843 2949 1143 3014 perdomuit
1195 2948 1533 3010 Amalecitas‚
1588 2953 1826 2998 attamen
1877 2954 2098 3016 propter
2165 2950 2582 3001 inobedientiam

652 3051 833 3086 rursus
872 3051 906 3084 a
940 3037 1058 3086 Deo
1094 3037 1411 3101 reprobatur
1440 3072 2571 3086 .................
2675 3041 2775 3088 233

584 3123 822 3173 Davides
857 3123 916 3171 in
951 3139 1129 3188 regem
1166 3123 1401 3172 futurum
1438 3123 1655 3186 ungitur
1725 3159 2571 3173 .............
2675 3128 2776 3174 234

652 3209 865 3260 Auxilio
900 3211 1006 3260 Dei
1042 3210 1207 3259 fretus
1244 3208 1482 3258 Davides
1521 3207 1826 3258 Goliathum
1864 3211 2132 3281 truncavit
2211 3247 2570 3260 ......
2675 3214 2776 3261 236

653 3297 736 3346 Ab
785 3296 886 3346 hoc
932 3301 1169 3362 tempore
1220 3295 1349 3345 Saul
1401 3297 1738 3360 persequitur
1785 3295 2066 3358 Davidem,
2121 3295 2270 3345 illum
2323 3297 2582 3361 perimere

652 3383 857 3446 studet3
893 3383 1119 3432 Davidis
1157 3383 1315 3432 exilia
1352 3386 1405 3432 et
1440 3381 1601 3446 fugae
1648 3420 2570 3434 ..............
2674 3387 2772 3434 237

584 3469 795 3519 Proelio
832 3470 973 3519 inter
1009 3470 1297 3519 exercitum
1336 3467 1485 3519 Sauli
1523 3473 1577 3518 et
1610 3468 2018 3520 Philistaeorum
2056 3471 2206 3533 inito,
2245 3470 2374 3520 Saul
2410 3471 2582 3520 victus

651 3557 818 3606 vitam
852 3558 1043 3607 misere
1080 3556 1216 3605 finiit
1235 3593 2570 3606 ....................
2673 3560 2774 3608 245

651 3643 831 3693 Luctu
882 3641 949 3692 de
997 3642 1148 3692 Sauli
1196 3643 1345 3693 obitu
1392 3641 1541 3691 finito
1589 3643 1760 3692 tribus
1794 3643 1941 3693 Juda
1985 3643 2250 3693 Davidem
2296 3645 2353 3693 in
2401 3659 2579 3708 regem

653 3730 816 3794 eligit,
854 3731 947 3795 qui
982 3730 1289 3780 Habronem
1323 3729 1476 3778 iussu
1510 3727 1615 3777 Dei
1651 3745 1710 3779 se
1748 3729 1973 3779 contulit
2001 3767 2570 3780 .........
2672 3733 2772 3780 249

582 3815 844 3882 Reliquae
902 3818 1060 3866 etiam
1112 3816 1279 3866 tribus
1340 3814 1604 3864 Davidem
1669 3830 1846 3880 regem
1903 3821 2216 3881 agnoscunt,
2286 3831 2576 3882 rursusque

652 3909 858 3968 ungunt
882 3939 2569 3954 .........................
2673 3907 2772 3955 252

583 3990 820 4040 Davides
857 3990 1025 4055 pulsis
1050 3991 1335 4040 Jebusaeis
1373 3995 1645 4055 expugnat
1681 4005 1857 4039 arcem
1895 3988 2070 4038 Sionis
2107 3989 2393 4054 sedemque
2430 3991 2581 4054 regni

652 4077 1051 4141 Hierosolymas
1077 4077 1349 4127 transtulit
1372 4114 2568 4127 ..................
2689 4107 2754 4114 -

652 4163 861 4213 Abhinc
896 4163 1226 4226 Philisthaei,
1273 4163 1563 4226 Moabitae,
1614 4163 1748 4227 Syri,
1797 4163 2038 4212 Idumaei
2087 4168 2141 4212 et
2175 4163 2508 4212 Ammonitae
2547 4177 2580 4212 a

651 4251 860 4300 Davide
903 4250 1045 4300 bello
1082 4257 1402 4315 superantur
1447 4287 2568 4300 .................
2671 4253 2771 4300 253

650 4336 890 4386 Davides
936 4338 1185 4388 transfert
1219 4338 1414 4387 Arcam
1464 4353 1528 4388 ex
1574 4337 1710 4386 urbe
1748 4336 2124 4386 Cariathiarim
2158 4335 2578 4401 Hierosolymas‚

652 4439 845 4488 resque
882 4439 1061 4474 sacras
1100 4429 1153 4474 et
1187 4424 1432 4489 politicas
1470 4425 1747 4474 constituit
1790 4459 2567 4474 ............
2671 4425 2772 4473 256

584 4509 798 4575 Lapsus
837 4515 890 4560 et
926 4511 1257 4576 poenitentia
1290 4511 1516 4560 Davidis
1554 4512 1694 4576 regis
1725 4548 2568 4562 .............
2671 4513 2772 4560 260

583 4596 827 4646 Rebellio
863 4595 1165 4647 Absalomis
1230 4635 2565 4647 ....................
2671 4600 2770 4648 263
