3309 5300
533 408 661 472 236
1240 418 1475 461 eommont.
1506 418 1560 459 de
1587 418 1631 459 S.
1653 418 1812 469 script.
1841 430 1936 470 cap.
1967 428 2054 459 sec.
2083 419 2213 460 tract.
2242 418 2300 459 ΙΙ.

532 600 636 658 il‘lo
676 601 933 677 loquens,
975 618 1144 674 saepe
1182 618 1317 657 eum
1361 601 1567 671 ,nostri
1608 599 1886 675 temporis
1925 600 2146 657 Mosem
2187 599 2532 675 appellaret‘
2557 596 2596 672 ¹,
2631 634 2716 641 —
2747 604 2807 657 et
2853 618 3052 678 quem

531 704 702 763 valde
726 704 1135 781 sequebantur,
1163 702 1401 781 eiusque
1420 704 1602 762 verba
1625 703 1793 781 quasi
1813 703 1967 777 leges
1986 703 2317 761 immobiles
2341 705 2750 776 aestimabant,
2777 704 2974 763 Gothi
2993 699 3052 759 2:

532 808 784 867 Divinas
830 808 1163 883 Scripturas
1208 809 1273 865 in
1322 806 1707 867 vernaculum
1762 808 2023 883 ipsorum
2067 828 2392 866 sermonem
2438 809 2765 867 transtulit.
2837 808 3054 871 Quam

533 932 659 969 rem
690 912 949 969 maxime
986 912 1181 969 idonei
1213 912 1522 987 scriptores
1552 916 1846 969 testantur
1864 909 1912 982 33
1960 932 2148 989 neque
2197 912 2470 970 dubitare
2510 932 2614 970 nos
2657 913 2802 971 sinit
2848 930 3050 972 vene-

533 1018 719 1074 randa
778 1016 1054 1073 Codicis
1125 1015 1448 1091 argentei
1508 1016 1956 1091 Upsalensis,
2032 1014 2446 1095 aliorumque*
2496 1017 3051 1105 vetustissimorum

534 1124 691 1178 aetas
715 1118 757 1177 5.
834 1120 1015 1177 Porro
1062 1121 1207 1198 quin
1258 1138 1455 1178 omnes
1500 1120 1559 1179 S.
1608 1120 1667 1179 S.
1717 1121 1790 1179 V.
1839 1126 1898 1179 et
1943 1122 2018 1179 N.
2067 1120 2134 1179 Τ.
2184 1121 2252 1178 in
2304 1121 2597 1196 gothicam
2648 1122 3046 1191 converterit,

746 1307 785 1373 ¹)
823 1306 1228 1371 Philostorgius,
1264 1306 1335 1357 H.
1372 1307 1438 1357 E.
1474 1308 1545 1369 II,
1584 1309 1633 1356 5.
1673 1308 1754 1357 ed.
1791 1307 1995 1357 Valesii
2029 1308 2152 1357 Par.
2193 1309 2344 1358 1673.
2381 1324 2434 1373 p.
2472 1310 2590 1358 471.
2664 1307 2704 1374 ²)
2743 1308 3046 1359 Cassiodo-

535 1396 663 1457 rius,
700 1394 771 1443 H.
808 1394 875 1443 Ε.
912 1394 1143 1458 Tripart.
1181 1394 1329 1456 VIII,
1370 1396 1449 1443 13.
1487 1394 1529 1457 Ι,
1568 1396 1686 1443 306.
1760 1394 1801 1459 ³)
1842 1394 2107 1457 Socrates,
2146 1394 2215 1443 H.
2253 1395 2319 1444 E.
2355 1395 2446 1457 IV,
2485 1397 2567 1445 33.
2605 1412 2658 1461 p.
2685 1398 2802 1445 251.
2865 1394 3047 1446 Sozo-

534 1496 736 1543 menus,
773 1481 843 1529 H.
888 1480 951 1529 E.
992 1479 1082 1543 VI,
1122 1482 1239 1530 698.
1288 1479 1425 1529 Acta
1459 1485 1611 1530 mart.
1647 1482 1888 1544 Nicetae,
1929 1496 2012 1547 ap.
2050 1481 2188 1531 Boll.
2227 1481 2372 1547 Sept.
2409 1482 2472 1544 V,
2506 1484 2590 1531 41.
2639 1482 3048 1544 Cassiodorius,

533 1568 673 1618 Hist.
713 1569 919 1633 tripart.
955 1567 1101 1629 VIII,
1132 1570 1213 1617 13.
1245 1584 1296 1633 p.
1324 1569 1441 1617 306.
1490 1567 1784 1618 Auxentius
1824 1584 1906 1633 ep.
1946 1567 2134 1618 Silistr.
2175 1585 2275 1633 ep.,
2309 1569 2494 1633 fragm.
2533 1569 2677 1633 quod
2715 1569 2796 1618 ed.
2832 1570 3046 1630 Waitz,

532 1655 568 1704 1.
606 1668 649 1703 s.
686 1668 731 1703 c.
768 1671 821 1719 p.
863 1655 943 1703 14.
992 1654 1048 1701 in
1096 1654 1404 1704 universum
1452 1659 1661 1703 narrat:
1715 1654 1916 1715 „tribus
1963 1654 2160 1719 linguis
2208 1654 2387 1720 plures
2431 1659 2690 1704 tractatus
2740 1660 2793 1705 et
2833 1655 3046 1705 multa-s

535 1742 1145 1807 interpretationes
1181 1740 1483 1790 volentibus
1510 1741 1579 1790 ad
1604 1740 1886 1790 utilitatem
1911 1746 1966 1790 et
1990 1740 2410 1791 aedificationem
2434 1778 2586 1791 .....
2624 1747 2748 1808 post
2782 1758 2841 1793 se
2878 1743 3044 1791 dere-

534 1829 742 1894 liquit.“
820 1828 871 1879 S.
924 1827 1159 1877 Isidorus
1213 1826 1449 1891 Hispal„
1504 1827 1752 1876 Chronic.
1807 1844 1859 1877 n.
1917 1828 2031 1877 103.
2091 1828 2244 1890 VIII,
2297 1830 2378 1878 99.
2452 1828 2694 1878 Historia
2747 1828 2813 1879 de
2867 1830 3042 1879 rebus

538 1916 833 1967 Gothorum
864 1932 916 1965 n.
944 1918 991 1965 8.
1016 1916 1087 1964 ib.
1114 1932 1166 1979 p.
1191 1914 1289 1963 ΙΙΙ.
1324 1914 1645 1976 Jornandes,
1689 1913 1754 1963 de
1793 1914 1910 1964 Get.
1937 1931 1988 1979 p.
2017 1916 2163 1978 106.;
2190 1919 2256 1964 ·et
2291 1914 2382 1963 alii
2417 1914 2615 1979 plures.
2663 1916 2832 1965 Porro
2867 1915 3044 1965 iidem

540 2005 825 2069 scriptores
871 2018 1063 2067 magno
1112 2012 1375 2050 consensu
1410 2000 1653 2049 tradunt:
1693 2000 1964 2065 Ulphilam
2002 2000 2188 2051 Gothis
2226 2003 2470 2067 proprias
2507 2001 2790 2051 tradidisse
2829 2001 3040 2051 literas.

536 2089 601 2139 Id
636 2088 992 2140 verisimiliter
1026 2087 1147 2137 ideo
1184 2088 1385 2137 factum
1422 2088 1729 2137 existimant
1764 2089 1864 2137 viri
1901 2088 2061 2150 docti,
2101 2104 2210 2138 non
2248 2088 2394 2154 quod
2428 2090 2494 2137 iis
2534 2090 2746 2153 penitus
2789 2093 3044 2138 carerent

537 2175 727 2239 Gothi3
778 2175 871 2226 sed
921 2174 1065 2241 quod
1100 2174 1287 2224 literae
1336 2176 1555 2224 tunicae
1592 2176 1875 2240 pauciores
1925 2180 2127 2237 essent,
2181 2190 2340 2240 quam
2373 2180 2436 2225 ut
2470 2176 2764 2241 peregrinis
2806 2176 3041 2225 vocibus

533 2262 889 2327 exprimendis
926 2261 1247 2311 sufficerent.
1308 2261 1350 2326 ⁴)
1392 2261 1678 2311 Librorum
1709 2263 2187 2327 manuscriptorum
2213 2262 2576 2311 translationis
2603 2260 2657 2311 S.
2683 2261 2737 2311 S.
2763 2262 3039 2327 gothicae.

532 2350 602 2399 D.
641 2366 690 2414 q.
728 2366 779 2399 v.
815 2348 877 2398 A.
915 2350 1231 2413 Uppstrom,
1283 2347 1468 2397 decem
1504 2347 1718 2397 Codicis
1755 2349 1994 2413 argentei
2035 2348 2260 2398 redivivi
2301 2348 2446 2397 folia.
2483 2348 2616 2413 Ups.
2658 2350 2810 2398 1857.
2857 2350 3034 2415 praef.

533 2453 585 2502 p.
622 2436 719 2485 III.
796 2436 835 2500 ⁵)
871 2436 937 2485 In
972 2434 1077 2484 illis
1112 2450 1239 2484 vero
1279 2435 1538 2496 omnibus,
1588 2448 1727 2499 quae
1772 2433 1930 2483 hodie
1969 2439 2193 2497 exstant,
2231 2434 2412 2499 palma
2448 2435 2564 2484 sine
2603 2434 3034 2485 dubio'debetur

535 2524 567 2556 ἕ·
605 2523 839 2573 Codici
873 2522 1205 2587 Argenteo
1253 2522 1365 2571 sive
1402 2526 1637 2571 aetatem
1676 2522 1807 2583 eius,
1845 2522 1959 2569 sive
1997 2520 2308 2585 dignitatem
2343 2526 2660 2585 spectemus,
2699 2522 2813 2570 sive
2852 2522 3036 2587 splen-

536 2612 731 2662 dorem.
800 2610 1069 2660 Exaratus
1108 2612 1188 2661 est
1222 2610 1280 2658 in
1326 2609 1658 2670 membrana,
1709 2608 1936 2671 formae,
1975 2612 2037 2657 ut
2072 2607 2278 2670 dieunt,
2325 2608 2382 2656 in
2421 2613 2640 2673 quarto;
2687 2610 2938 2674 pertenui
2985 2614 3041 2658 et

536 2698 764 2748 sollicite
814 2697 1100 2761 laevigata.
1164 2695 1325 2745 Color
1376 2697 1489 2746 eius
1537 2700 1616 2745 est
1661 2711 2059 2760 purpureus3
2107 2695 2202 2744 sed
2247 2696 2321 2743 ita
2367 2700 2426 2745 ut
2473 2695 2736 2759 quaedam
2783 2695 2916 2745 folia
2965 2695 3038 2744 ad

534 2785 833 2835 violaceum
860 2784 1135 2834 accedant.
1161 2783 1317 2832 Folia
1344 2787 1589 2832 numerat
1616 2784 1732 2832 187.
1770 2782 2058 2831 Enimvero
2087 2781 2270 2831 decem
2297 2797 2434 2846 quae
2460 2781 2583 2831 inde
2611 2782 2678 2831 ab
2706 2797 2849 2831 anno
2879 2783 3036 2832 1834.

538 2871 976 2921 desiderabantur
1014 2870 1227 2920 Codicis
1274 2871 1511 2938 argentei
1553 2868 1684 2918 folia
1719 2883 1754 2918 a
1787 2868 1924 2918 libro
1963 2885 2086 2918 mss.
2125 2867 2338 2931 avulsa,
2386 2883 2550 2934 opera
2595 2868 2658 2918 A.
2694 2869 3034 2934 Uppstromii

536 2973 717 3008 rursus
756 2959 1001 3007 restituta
1036 2962 1173 3006 sunt.
1210 2957 1274 3006 V.
1312 2955 1346 3005 l.
1380 2973 1421 3006 s.
1450 2972 1493 3005 c.
1520 2973 1572 3020 p.
1598 2956 1662 3005 V.
1689 2971 1730 3005 s.
1781 2954 1915 3004 Cum
1950 2956 2158 3019 integer
2194 2960 2335 3004 esset
2371 2955 2540 3004 codex
2577 2955 2707 3005 folia
2743 2955 3033 3021 amplecte-

536 3045 697 3094 batur
744 3046 862 3093 330.
921 3043 1006 3092 Ad
1054 3047 1264 3092 nostros
1311 3057 1483 3107 usque
1534 3041 1647 3091 dies
1699 3043 1816 3090 153.
1866 3040 1996 3090 folia
2035 3041 2242 3106 direpta
2290 3041 2571 3092 habentur.
2642 3042 2858 3091 Literae
2909 3048 3040 3091 sunt

537 3135 843 3195 argenteae,
869 3131 1021 3178 initia
1040 3129 1471 3194 Evangeliorum,
1498 3128 1717 3178 nomina
1735 3127 2215 3192 Evangelistarnm‚
2245 3128 2524 3193 quodlibet
2549 3145 2746 3178 novum
2771 3125 3036 3195 κεφάλαιον

536 3233 743 3268 aureo
782 3216 1006 3266 colore
1050 3216 1459 3280 distinguuntur.
1514 3215 1643 3276 Quis
1684 3220 1737 3264 et
1773 3215 1924 3264 cuius
1958 3217 2214 3280 impensis
2248 3215 2392 3264 hunc
2429 3216 2665 3265 codicem
2704 3218 3036 3281 scripserint,

544 3305 758 3370 penitus
794 3305 1118 3368 ignoramus.
1178 3301 1400 3351 Videtur
1438 3307 1615 3350 tamen
1653 3301 1724 3350 ad
1769 3302 2010 3350 exitum
2056 3301 2312 3351 saeculi
2365 3304 2605 3368 quinti,
2654 3303 2743 3352 vel
2778 3305 2878 3352 sub
2918 3304 3036 3352 ini-

539 3392 695 3440 tium
743 3389 1001 3439 saeculi
1037 3389 1211 3438 sexti
1248 3393 1514 3439 exaratus.
1575 3389 1916 3438 Pertinuerat
1963 3389 2087 3438 olim
2127 3388 2196 3438 ad
2241 3388 2608 3439 Abbatiam
2642 3390 3034 3439 Verdenen-

537 3493 693 3539 sem,
731 3476 856 3525 inde
893 3477 1128 3526 nescitur
1164 3491 1268 3541 quo
1304 3476 1415 3525 fato
1452 3477 1683 3540 Pragam
1721 3475 2029 3540 deportatus
2063 3480 2168 3539 est,
2205 3476 2331 3526 hinc
2368 3492 2492 3525 vero
2517 3481 2684 3526 marte
2722 3479 3034 3542 germanico

539 3580 573 3613 a
596 3564 888 3613 victoribus
926 3562 1111 3612 Svecis
1144 3564 1294 3612 1648.
1330 3563 1388 3611 in
1424 3562 1607 3627 spoliis
1644 3561 1915 3611 Holmiam
1953 3562 2334 3613 celeberrimae
2371 3563 2610 3628 Reginae
2649 3563 3034 3613 Christinae

536 3652 729 3700 missus
768 3654 863 3699 est.
921 3650 1072 3711 Quae
1108 3649 1258 3699 illum
1293 3650 1345 3699 J.
1382 3649 1617 3698 Vossio
1658 3665 1758 3698 suo
1795 3648 2199 3699 bibliothecario
2238 3651 2568 3700 concessisse
2607 3650 2816 3712 dieitur,
2855 3666 2890 3700 a
2927 3667 3034 3715 quo

538 3753 658 3786 cum
684 3735 928 3801 Belgium
965 3741 1245 3801 repeteret,
1283 3734 1549 3785 ablatus
1585 3735 1702 3785 fuit.
1752 3736 1996 3784 Redemit
2029 3736 2181 3785 illum
2209 3735 2280 3785 M.
2309 3736 2368 3786 C.
2395 3736 2613 3786 Gabriel
2649 3736 2716 3785 de
2753 3735 2808 3786 la
2835 3735 3035 3786 Gardie

540 3828 701 3888 atque
740 3825 892 3873 1669.
941 3822 1335 3872 Academiae
1371 3822 1733 3887 Upsalensi
1769 3822 2004 3884 donavit,
2042 3823 2098 3870 in
2136 3837 2244 3887 qua
2279 3822 2508 3872 maxima
2544 3837 2674 3873 cura
2709 3827 3034 3874 asservatur.

539 3911 620 3959 cf.
670 3909 818 3972 Ihre,
875 3909 1136 3960 Analecta
1190 3908 1484 3974 Ulphilana
1529 3910 1573 3959 Ι.
1630 3910 1696 3958 de
1753 3908 1952 3958 Codice
1989 3914 2243 3974 argenteo
2300 3914 2354 3958 et
2405 3909 2710 3959 Literatura
2755 3910 2899 3975 goth.
2949 3909 3033 3959 ed.

537 3996 811 4062 Bfisching
846 4014 898 4062 p.
933 3999 1047 4046 186.
1104 3996 1166 4046 G.
1206 3997 1275 4046 H.
1314 3996 1557 4058 Grauert,
1598 3995 1868 4045 Christina
1903 3997 2137 4060 Kenigin
2174 4013 2280 4046 von
2317 3995 2626 4046 Schweden.
2663 3997 2836 4048 Bonn.
2881 3998 3033 4046 1837.

537 4084 580 4145 I,
622 4085 738 4133 167.
791 4084 1119 4145 Massmann,
1158 4083 1301 4132 Einl.
1338 4099 1390 4148 p.
1428 4086 1513 4134 52.
1552 4099 1591 4132 s.
1654 4082 1866 4132 Gothici
1904 4081 2118 4133 Codicis
2167 4083 2488 4148 Upsalensis
2537 4083 2720 4148 plures
2768 4083 3034 4133 editiones

542 4169 823 4220 habentur.
872 4170 1100 4219 Primam
1130 4169 1410 4219 adornavit
1444 4171 1531 4219 Fr.
1557 4170 1754 4218 Junius
1791 4169 2109 4218 Dordrechti
2137 4171 2287 4219 1665.
2327 4186 2429 4220 rec.
2455 4169 2624 4220 Amst.
2653 4171 2804 4219 1684.
2843 4170 3032 4220 Stokh.

544 4258 696 4305 1671.
746 4273 790 4306 c.
852 4255 1249 4320 Stiernlijelmii.
1300 4257 1391 4306 Er.
1428 4255 1669 4305 Benzelii
1712 4260 1766 4304 et
1809 4256 1874 4304 E.
1912 4257 2028 4319 Lye
2066 4256 2165 4305 Ox.
2206 4259 2355 4306 1750.
2417 4257 2468 4306 J.
2509 4255 2630 4305 Chr.
2677 4257 2867 4306 Zahnii
2905 4273 2948 4306 s.
2987 4273 3034 4306 c.

540 4344 945 4394 Accuratissime
982 4343 1044 4393 A.
1084 4344 1385 4408 Uppstrom,
1425 4343 1554 4392 Cod.
1586 4359 1626 4392 s.
1653 4344 1861 4408 Evang.
1899 4344 2050 4393 Vers.
2089 4343 2232 4409 goth.
2259 4344 2445 4408 fragm.
2477 4359 2692 4408 recogn.
2732 4343 2816 4392 ed.
2843 4342 3033 4392 Stokh.

543 4433 724 4494 1835.;
772 4436 827 4480 et
872 4430 1056 4480 Codex
1101 4435 1409 4495 argenteus,
1456 4431 1569 4479 sive
1606 4428 1662 4478 S.
1699 4431 1906 4495 Evang.
1955 4431 2104 4480 Vers.
2142 4429 2284 4494 goth.
2325 4445 2549 4494 quorum
2586 4429 2764 4479 denuo
2803 4431 3034 4501 revisam

542 4516 828 4566 editionem
866 4531 989 4566 ann.
1026 4519 1149 4567 inst.
1187 4516 1333 4582 publ.
1372 4531 1481 4566 cur.
1518 4516 1580 4566 A.
1620 4517 1924 4581 Uppstrom.
1964 4518 2096 4582 Ups.
2127 4519 2277 4566 1857.
2314 4516 2364 4566 h.
2393 4533 2441 4581 q.
2469 4517 2634 4581 epigr.
2682 4516 2890 4566 Decem
2915 4517 3033 4566 cod.

542 4618 651 4668 arg.
690 4603 931 4652 rediviva
966 4603 1111 4652 folia.
