3309 5300
1006 397 1067 438 De
1094 396 1223 438 libris
1248 395 1505 446 apocryphis
1534 396 1766 446 utriusque
1791 395 2074 436 Testamenti.
2695 383 2778 446 73

272 574 544 647 νὸνισταίς
574 595 693 654 quo
714 576 1014 651 singulare
1043 579 1153 634 hoc
1181 576 1533 651 scriptorum
1554 594 1738 648 genus
1761 593 1792 631 e
1813 575 1873 632 S.
1894 574 2309 633 Voluminibus
2337 573 2412 632 U.
2435 575 2504 633 F.
2533 573 2781 651 receptis

274 700 355 737 ex
386 681 762 739 auctoritatis
791 681 1011 740 iudicio
1042 679 1443 739 excluduntur
1468 677 1505 739 ¹.
1566 680 1766 754 Longe
1810 679 2072 738 maximo
2115 679 2358 738 testium
2396 699 2640 738 numero
2667 679 2776 738 illa

273 783 441 842 vocis
473 781 824 862 ,ἀπόκρυφονί
864 785 1139 861 accepti0,
1174 804 1209 842 a
1239 785 1447 860 primis
1477 785 1614 842 inde
1644 783 1948 859 religionis
1983 785 2337 843 christianae
2367 783 2580 854 initiis,
2619 785 2773 842 obti-

276 889 452 960 nuit;
508 909 627 968 qua
676 889 940 967 proprie:
1000 891 1427 966 scripturae
1487 891 1998 964 designantur,
2063 877 2266 967 quae
2303 907 2338 946 a
2356 889 2776 947 dulterinae

274 993 666 1064 haeretica
704 992 1026 1069 fuligine
1072 995 1377 1069 tinctae3
1432 998 1493 1051 et
1534 994 1664 1052 ideo
1703 993 2146 1051 reiieiendae
2189 997 2363 1051 sunt
2384 989 2427 1052 2.
2489 993 2585 1058 Ex
2625 1009 2779 1050 com-

277 1198 701 1262 Alexandrinus,
740 1200 799 1248 in
820 1199 959 1249 Aeta
981 1198 1081 1264 Ap.
1107 1200 1157 1261 8,
1183 1201 1265 1249 39.
1294 1199 1377 1262 ed.
1402 1199 1454 1249 «Ἰ.
1483 1199 1606 1251 Chr.
1632 1199 1832 1262 Wolfii,
1870 1199 2150 1250 Anecdota
2171 1213 2372 1265 graeca
2395 1213 2550 1248 sacra
2581 1202 2634 1247 et
2661 1213 2782 1264 pro-

281 1286 440 1337 fana.
477 1287 672 1337 Hamb.
713 1288 863 1337 1723.
900 1287 993 1350 IV,
1024 1287 1137 1336 39.:
1176 1283 1649 1356 ,,δεδημοσιευμένας
1688 1283 1940 1353 βίβλους“,
1976 1287 2128 1337 libris
2163 1281 2548 1354 ,,ἀποκρὺφο.ις.“
2607 1285 2781 1334 Rufi-

281 1390 441 1438 nus,
481 1389 661 1439 expos.
698 1374 755 1422 in
792 1371 972 1438 Symb.
1008 1372 1195 1438 Apost.
1226 1389 1277 1423 n.
1316 1375 1399 1423 38.
1436 1377 1612 1422 notat:
1654 1372 1906 1435 „Ceteras
1941 1389 2070 1424 vero
2109 1373 2411 1438 Scripturas
2447 1371 2782 1439 apocryphas

280 1462 646 1522 nominarunt,
686 1475 821 1526 quas
857 1461 915 1508 in
950 1459 1209 1510 Ecclesiis
1245 1459 1355 1525 legi
1384 1460 1719 1510 noluerunt.“
1759 1477 1812 1525 p.
1838 1461 1956 1510 206.
2009 1459 2097 1510 Sic
2123 1459 2281 1510 docet
2306 1461 2464 1509 etiam
2489 1459 2539 1509 d.
2565 1459 2782 1524 Augu·

280 1548 535 1610 stinus‚
566 1550 755 1596 contra
777 1546 1038 1596 Faustum
1062 1546 1156 1609 XI,
1184 1548 1233 1596 2.
1258 1563 1311 1611 p.
1337 1547 1456 1596 219.
1502 1545 1888 1612 „Adpellantur
1911 1547 2224 1612 apocryphi,
2249 1562 2358 1596 non
2383 1545 2526 1612 quod
2551 1545 2785 1595 habendi

280 1635 399 1683 sint
432 1635 491 1683 in
526 1633 710 1699 aliqua
746 1634 1063 1682 auctoritate
1110 1638 1333 1695 secreta,
1382 1633 1476 1682 sed
1526 1633 1655 1698 quia
1703 1632 1854 1682 nulla
1900 1632 2290 1683 testificationis
2337 1632 2457 1682 luce
2507 1631 2783 1694 declarati,

282 1719 358 1770 de
395 1721 579 1770 nescio
618 1736 721 1785 quo
760 1723 981 1782 secreto,
1032 1721 1239 1768 nescio·
1264 1734 1488 1785 quorum
1536 1720 1934 1786 praesumtione
1975 1719 2171 1785 prolati
2219 1723 2389 1771 sunt.“
2452 1719 2517 1770 In
2555 1719 2781 1769 eundem

278 1822 511 1857 sensum
546 1808 623 1856 ait
658 1823 701 1857 s.
736 1806 1087 1868 Isidorus,
1126 1806 1338 1870 etymol.
1375 1807 1468 1868 VI,
1506 1809 1555 1856 2.
1593 1823 1645 1872 p.
1685 1807 1802 1856 255.
1879 1806 2231 1872 „Apocrypha
2273 1811 2450 1858 autem
2488 1806 2632 1856 dicta
2665 1807 2699 1856 i.
2738 1822 2784 1856 e.

280 1899 518 1956 secreta,
570 1895 700 1959 quia
734 1895 790 1942 in
829 1893 1047 1943 dubium
1084 1894 1321 1944 veniunt.
1395 1894 1497 1942 Est
1532 1895 1673 1943 enim
1711 1909 1892 1943 eorum
1931 1893 2200 1944 occulta
2242 1895 2451 1959 origo,
2502 1909 2604 1943 nec
2635 1898 2788 1960 patet

280 1982 565 2044 Patribus,
606 1997 671 2030 ex
710 1981 905 2046 quibus
942 1995 1113 2046 usque
1150 1980 1221 2030 ad
1255 1995 1353 2030 nos
1392 1983 1682 2030 auctoritas
1722 1982 2074 2030 veracium
2117 1981 2636 2046 Scripturarum
2673 1995 2784 2032 cer-

278 2068 500 2119 tissima
536 2073 589 2118 et
624 2069 967 2118 notissima
1014 2067 1355 2118 successione
1404 2067 1666 2118 devenit.“
1729 2069 1916 2132 Neque
1960 2067 2118 2117 aliter
2151 2068 2314 2118 habet
2351 2068 2572 2133 antiqua
2607 2067 2786 2133 glossa

282 2155 439 2221 apud
475 2155 778 2218 Arevalum‚
815 2156 872 2204 in
910 2155 991 2204 ed.
1031 2171 1117 2219 op.
1157 2153 1215 2205 G.
1255 2155 1475 2218 Sedulii,
1512 2156 1664 2206 Rom.
1699 2157 1849 2206 1794.
1886 2172 1938 2221 p.
1976 2157 2125 2206 420.:
2179 2155 2558 2221 „Apocryphu‘s
2595 2140 2788 2206 dicitur

280 2242 597 2305 secretalis,
636 2257 742 2308 quo
792 2243 1007 2292 nomine
1058 2245 1304 2290 censetur
1349 2241 1485 2292 liber
1534 2243 1725 2291 secreti
1763 2242 1965 2308 aliquid
2005 2242 2064 2291 in
2111 2257 2170 2292 se
2219 2243 2520 2304 continens,
2569 2247 2790 2308 propter

286 2329 441 2395 quod
478 2345 588 2379 non
625 2333 707 2378 est
743 2328 1049 2378 recitandus
1085 2329 1141 2377 in
1176 2328 1446 2393 publicO.“

507 2416 545 2481 ¹)
596 2416 850 2477 Quamvis
898 2416 1046 2466 vocis
1096 2409 1442 2483 ,,οἰπόκρυφος“
1494 2415 1638 2481 apud
1684 2415 1906 2465 Veteres
1957 2431 2065 2466 non
2111 2430 2252 2465 unus
2301 2417 2371 2465 sit
2405 2431 2554 2484 usus,
2605 2422 2658 2466 et
2691 2416 2784 2466 ille

286 2503 509 2569 quidem
557 2503 703 2552 haud
751 2519 817 2552 ex
853 2501 971 2553 sola
1008 2502 1343 2568 etymologia,
1394 2503 1490 2552 sed
1540 2503 1699 2552 etiam
1738 2519 1767 2552 e
1815 2503 2206 2553 traditione
2257 2502 2544 2554 discendus
2587 2505 2786 2554 veniat.

282 2589 438 2640 Hinc
461 2595 523 2640 ut
546 2589 741 2640 clarius
768 2589 1053 2653 elucescat,
1093 2604 1288 2655 operae
1323 2590 1552 2655 pretium
1586 2589 1781 2639 facturi
1804 2591 1962 2640 nobis
1985 2589 2244 2652 videmur,
2271 2590 2316 2638 si
2341 2588 2555 2641 collatis
2581 2590 2787 2656 aliquot

287 2677 624 2729 Graecorum
658 2682 711 2728 et
734 2678 1049 2728 Latinorum
1084 2678 1416 2739 testimoniis,
1453 2693 1609 2727 usum
1646 2677 1957 2742 polysemae
1991 2677 2144 2727 vocis
2181 2678 2248 2727 ob
2287 2676 2474 2748 oculos
2509 2693 2788 2743 ponamus.

286 2761 667 2833 ,,Ἀπόκρυφος“
716 2780 841 2830 ergo
891 2764 1156 2814 interdum
1203 2763 1345 2813 idem
1393 2769 1474 2815 est
1510 2779 1575 2813 ac
1611 2763 1822 2814 Latinis
1872 2778 2199 2826 arcanus,
2249 2779 2477 2829 eumque
2520 2765 2587 2814 de
2621 2765 2787 2816 Libro

288 2852 657 2902 Canonico
694 2851 992 2913 adhibetur,
1029 2856 1253 2900 vocatur
1286 2852 1361 2901 is:
1401 2852 1552 2900 cuius
1588 2849 2010 2901 intellectus
2057 2850 2400 2901 difficilis
2439 2856 2492 2901 et
2527 2852 2788 2902 obscurus

286 2944 389 2989 est.
441 2939 529 2989 Ita
562 2938 917 3004 Apocalypsis
953 2938 1005 2987 b.
1032 2937 1261 2988 Joannis
1297 2937 1397 3003 Ap.
1426 2952 1461 2987 a
1484 2952 1525 2987 s.
1550 2937 1956 3004 Epiphanio,
1994 2937 2141 2988 haer.
2167 2938 2260 3000 LI,
2285 2940 2334 2988 3.
2360 2955 2412 3003 p.
2438 2940 2558 2988 423.
2597 2938 2790 2987 dicitur

286 3021 611 3094 »ἀπόκρυφον
635 3018 717 3074 διὰ
738 3018 801 3074 τὰ
823 3021 871 3074 ἐν
899 3025 957 3093 τῇ
986 3021 1305 3091 Ἀποκαλὺψει
1329 3021 1515 3090 βαθέως
1540 3021 1623 3074 καὶ
1646 3024 1904 3083 σκοτεινῶς
1931 3022 2220 3093 εἰρημένα“;
2250 3025 2474 3075 Petavio
2499 3026 2788 3091 interprete

290 3118 495 3179 „atque
532 3114 579 3162 si
602 3141 671 3149 —
695 3112 853 3177 Alogi
885 3140 952 3149 —
985 3112 1309 3177 Apocalypsi
1346 3111 1623 3161 dumtaxat
1657 3112 1858 3161 reiecta
1893 3111 2249 3177 Evangelium
2287 3112 2642 3176 admitterent,
2681 3114 2788 3163 dici

286 3200 345 3249 id
384 3205 569 3265 posset
604 3199 789 3251 subtili
824 3199 1055 3264 quodam
1092 3204 1146 3249 et
1182 3203 1433 3249 accurato
1470 3198 1672 3248 iudicio
1717 3198 1935 3262 fecisse,
1983 3204 2045 3249 ut
2094 3199 2404 3265 apocrypha
2449 3205 2787 3265 respuerent3

288 3286 445 3353 quod
478 3286 736 3352 pleraque
760 3286 814 3335 in
840 3286 1167 3352 Apocalypsi
1203 3286 1491 3336 altissimos
1530 3290 1583 3335 et
1608 3287 1864 3336 obscuros
1902 3302 2091 3337 sensus
2127 3286 2437 3337 haberent.“
2493 3285 2545 3335 S.
2575 3285 2789 3351 Gyril-

284 3374 399 3423 lus
434 3373 786 3435 Hierosol.,
822 3377 926 3423 cat.
952 3373 1045 3436 IV,
1074 3374 1157 3423 33.
1182 3389 1235 3438 p.
1262 3373 1345 3422 68.
1383 3372 1748 3438 apocryphum
1777 3373 2002 3423 Librum
2035 3373 2248 3423 videtur
2282 3387 2507 3423 vocare:
2545 3374 2612 3423 de
2638 3374 2789 3423 cuius

289 3462 616 3511 auctoritate
650 3475 781 3510 num
816 3460 998 3509 divina
1021 3475 1147 3510 num
1173 3458 1407 3509 humana
1430 3460 1535 3510 sit?
1570 3475 1680 3509 non
1701 3460 1832 3510 satis
1859 3464 2081 3510 constet.
2136 3458 2332 3510 Scribit
2357 3461 2526 3509 enim:
2568 3462 2789 3526 „Neque

286 3548 424 3598 mihi
472 3548 767 3613 quidquam
814 3547 1265 3613 apocryphorum,
1319 3546 1419 3596 τῶν
1468 3540 1788 3615 ἀποκρΰφων,
1835 3547 2004 3613 legas.
2077 3547 2181 3608 Qui
2229 3547 2370 3596 enim
2419 3562 2485 3597 ea
2531 3562 2671 3613 quae
2721 3549 2788 3598 ab

291 3636 547 3687 omnibus
584 3636 769 3701 agnita
806 3638 860 3684 et
894 3649 1155 3685 concessa
1188 3639 1313 3685 sunt
1346 3636 1539 3697 nescis,
1589 3634 1718 3699 quid
1756 3635 1899 3683 circa
1935 3634 2100 3684 dubia
2135 3638 2190 3684 et
2223 3638 2570 3684 controversa
2603 3634 2816 3701 infelix·

292 3737 516 3788 operam
538 3722 772 3787 perdis.“
821 3722 971 3771 Idem
994 3726 1174 3771 tamen
1199 3736 1241 3771 s.
1262 3720 1494 3786 Cyrillus
1517 3736 1640 3771 mox
1665 3720 1699 3771 l.
1727 3737 1772 3770 c.
1797 3738 1939 3771 num.
1961 3724 2044 3771 36.
2065 3738 2116 3787 p.
2139 3724 2222 3771 69.
2249 3721 2467 3772 damnat
2488 3721 2790 3787 Evangelia

292 3804 704 3877 ,,ψευδεπίγραφα
738 3806 818 3857 καὶ
853 3804 1120 3876 βλαβερά“,
1166 3808 1326 3874 quale
1365 3812 1479 3858 erat
1513 3807 1950 3858 Manichaeorum
1985 3808 2280 3859 secundum
2315 3808 2576 3858 Thomam
2610 3808 2791 3867 Evan-

292 3896 571 3962 gelistam,
634 3896 777 3961 quod
838 3895 1184 3961 evangelicae
1240 3895 1617 3960 adpellationis
1678 3895 1973 3961 fragrantia
2026 3895 2346 3957 coloratum,
2409 3895 2792 3960 simpliciorum

294 3984 506 4032 animas
564 3984 904 4049 corrumpit.“
978 3983 1269 4033 Praeterea
1320 3982 1461 4033 idem
1516 3998 1558 4033 s.
1595 3983 1900 4049 Episcopus
1954 3982 2267 4047 Solymaeus
2321 3981 2430 4031 alia
2483 3982 2794 4047 apocrypha

294 4070 469 4132 novit,
506 4084 647 4135 quae
682 4074 847 4120 taxat.
876 4069 1092 4120 Catech.
1117 4070 1232 4132 XV,
1264 4071 1344 4120 16.
1370 4087 1422 4135 p.
1450 4071 1567 4119 232.
1630 4068 1671 4137 ²)
1709 4070 1794 4119 De
1830 4069 1912 4120 his
1947 4068 2186 4135 loquitur
2217 4070 2326 4119 iam
2363 4066 2416 4119 S.
2441 4069 2790 4132 Irenaeus,

296 4156 423 4206 adv.
449 4156 599 4207 haer.
624 4157 671 4206 Ι.
696 4158 779 4219 20,
808 4158 853 4207 1.
880 4174 933 4222 p.
960 4159 1079 4207 219.
1115 4156 1210 4206 ubi
1248 4156 1622 4207 Gnosticorum
1663 4156 2103 4218 „inenarrabilem
2138 4155 2532 4206 multitudinem
2569 4170 2791 4222 apocry-

294 4243 527 4309 phorum
566 4248 621 4293 et
655 4257 935 4309 perperam
972 4245 1365 4309 scripturarum,
1403 4258 1536 4309 quas
1574 4244 1680 4309 ipsi
1710 4242 2026 4305 finxerunt“,
2065 4248 2455 4293 commemorat.
2507 4243 2795 4293 Concinnit

298 4329 829 4393 Tertullianus,
868 4330 935 4381 de
972 4332 1151 4381 anima
1188 4347 1233 4381 c.
1272 4333 1321 4381 2.
1359 4348 1411 4397 p.
1452 4332 1567 4382 171.
1631 4330 1805 4393 „Quid
1841 4335 2034 4393 autem,
2082 4332 2128 4381 si
2162 4330 2467 4396 philosophi
2504 4332 2663 4380 etiam
2699 4330 2795 4380 illa

297 4420 727 4481 incursaverunt,
767 4433 907 4483 quae
941 4433 1107 4485 penes
1133 4433 1232 4469 nos
1256 4418 1684 4484 apocryphorum
1719 4418 2054 4468 confessio-ne
2087 4417 2420 4480 damnantur,
2461 4422 2635 4468 certos
2659 4417 2795 4467 nihil

296 4504 687 4571 recipiendum,
724 4505 870 4570 quod
904 4522 1015 4555 non
1051 4506 1321 4571 conspiret
1355 4520 1645 4571 germanae
1682 4509 1736 4555 et
1769 4507 1887 4571 ipso
1926 4520 2060 4556 aevo
2093 4506 2204 4555 iam
2248 4508 2410 4555 natae
2453 4508 2790 4570 paraturae.‘⁴

298 4592 511 4642 Eodem
534 4592 695 4643 modo
721 4592 775 4643 S.
798 4592 1235 4655 Athanasius,
1272 4608 1357 4658 ep.
1382 4592 1502 4643 fest.
1528 4610 1579 4658 p.
1606 4594 1724 4643 961.
1749 4596 1956 4643 monet:
1994 4608 2163 4655 „neve
2187 4592 2442 4658 deinceps
2465 4592 2630 4643 libros
2657 4592 2794 4643 alios
