3309 5300
1256 434 1409 481 Vei-sio
1439 430 1538 484 τῶν
1564 436 1688 481 LXX.
2608 418 2732 486 175

455 605 725 671 Quantae
771 610 955 669 fuerit
994 631 1201 686 operae
1244 596 1478 686 integra
1508 614 1809 687 Octapla
1837 611 2178 683 describere,
2224 618 2284 670 et
2327 632 2418 670 res
2456 612 2582 689 ipsa
2627 634 2732 689 per

268 737 321 775 se
361 715 505 773 clare
547 713 833 792 loquitur,
880 719 941 772 et
984 716 1042 773 d.
1082 716 1485 793 Hieronymus
1530 735 1799 791 expresse
1852 715 2059 785 tradit;
2114 714 2289 773 cum¹
2338 717 2456 774 ait:
2504 738 2584 787 ,se
2627 738 2732 793 pro

272 820 418 880 virili
460 824 627 894 parte
672 820 883 877 offerre
928 820 1169 894 linguae
1216 840 1377 879 meae
1421 820 1779 892 hominibus,
1829 824 1898 878 ut
1925 839 2033 895 pro
2063 820 2418 879 Graecorum
2449 814 2728 893 ἑξαπλοῖς,

270 942 402 1002 quae
442 927 502 979 et
540 927 742 980 sumtu
785 926 846 981 et
881 922 1077 981 labore
1125 924 1386 982 maximo
1432 924 1722 998 indigent,
1771 924 2086 981 editionem
2131 929 2389 983 nostram
2434 926 2729 984 habeant‘.

271 1029 489 1085 Certum
531 1031 620 1084 est
660 1031 791 1102 post
820 1026 1131 1101 Origenem
1180 1048 1494 1103 perpaucos
1529 1028 1728 1098 fuisse,
1783 1028 1886 1105 qui
1932 1028 2266 1085 huiusmodi
2297 1033 2572 1103 patronos
2601 1048 2734 1087 cum

272 1130 633 1190 scientiarum
666 1132 948 1189 desiderio
972 1136 1032 1189 et
1054 1134 1317 1207 pecuniis
1340 1152 1448 1207 pro
1470 1136 1607 1191 voto
1636 1150 1740 1189 suo
1767 1130 2088 1189 habuerint
2115 1118 2288 1190 sicuti
2312 1131 2430 1210 ille.
2474 1132 2734 1211 Cumque

270 1235 445 1311 prima
489 1233 898 1310 Hexaplorum
943 1236 1302 1311 exemplaria
1346 1257 1457 1293 usu
1500 1237 1710 1292 attrita
1753 1236 2027 1306 fuissent,
2083 1255 2157 1292 ex
2203 1236 2495 1294 scribendi
2543 1236 2732 1311 negli-

270 1338 451 1413 gentia
493 1342 683 1395 totum
731 1358 873 1414 opus
903 1340 968 1396 in
1000 1341 1323 1414 perniciem
1368 1341 1509 1396 ruit.
1573 1340 1794 1412 Magna
1838 1338 1942 1396 illa
1973 1339 2240 1412 Origenis
2282 1340 2441 1399 fama
2469 1340 2626 1412 fecit,
2667 1345 2735 1398 ut

271 1462 447 1501 omnes
476 1442 689 1519 quibus
720 1442 918 1501 Biblia
946 1442 1168 1501 Graeca
1196 1448 1383 1515 erant,
1416 1463 1524 1500 sua
1554 1444 1627 1500 ad
1658 1442 2058 1519 Hexaplarem
2097 1443 2413 1501 editionem
2451 1444 2731 1502 reforma-

271 1551 415 1616 rent3
466 1547 563 1603 sed
615 1546 761 1603 haec
807 1548 1063 1604 recensio
1110 1547 1361 1604 aliorum
1406 1547 1696 1604 malorum
1742 1546 1905 1621 origo
1943 1547 2079 1605 fuit.
2143 1548 2206 1604 Si
2250 1548 2420 1622 signa
2465 1549 2734 1623 Origenis

271 1650 503 1707 studiose
554 1668 785 1724 semper
832 1669 867 1706 a
910 1650 1173 1708 librariis
1216 1655 1450 1709 servata
1496 1651 1769 1722 fuissent,
1829 1671 1947 1709 non
1999 1651 2282 1725 exiguum
2330 1653 2466 1710 inde
2516 1652 2735 1711 Critica

272 1775 309 1812 s,
332 1758 551 1829 caperet
579 1754 972 1823 commodum3
1006 1755 1105 1812 sed
1136 1774 1275 1811 mox
1299 1754 1680 1812 librariorum
1705 1754 2016 1813 oscitantia
2046 1755 2407 1831 exemplaria
2436 1756 2735 1815 Versionis

272 1856 448 1915 LXX.
481 1858 652 1916 novis
696 1860 761 1915 in
804 1858 926 1915 dies
962 1858 1444 1916 deformabantur
1485 1858 1949 1936 inquinamentis
1969 1856 2012 1917 ².
2076 1858 2237 1917 Illud
2278 1880 2417 1919 vero
2453 1866 2735 1919 annotare

273 1967 495 2038 oportet,
530 1962 685 2039 quod
716 1964 791 2020 ab
820 1962 931 2020 hoc
960 1962 1099 2019 inde
1138 1967 1399 2038 tempore
1427 1982 1567 2020 non
1600 1964 1846 2019 emend
1865 1968 1984 2021 ata
2013 1962 2208 2022 LXX.
2241 1966 2468 2023 editio
2498 1967 2736 2023 nomine

274 2064 509 2142 ,κοινῆςίς
541 2066 585 2123 i.
618 2086 669 2124 e.
704 2068 1043 2137 communis,
1078 2067 1383 2140 vulgata
1412 2067 1718 2124 dicebatur
1739 2064 1781 2123 3.

456 2169 863 2244 Degenerante
918 2170 1106 2244 magis
1158 2172 1456 2248 magisque
1510 2169 1765 2229 editione
1818 2170 2173 2246 Hexaplari,
2248 2172 2555 2230 restituere
2608 2193 2735 2230 eam

273 2275 446 2331 conati
472 2279 613 2331 sunt
640 2274 998 2331 Eusebius
1037 2279 1096 2331 et
1136 2274 1576 2349 Pamphilus,
1633 2295 1708 2331 ex
1755 2274 1880 2349 ipso
1928 2270 2277 2351 αὺτογράφῳ;
2331 2278 2485 2353 quod
2515 2278 2735 2335 eratin

272 2378 614 2435 caesareensi
641 2377 1023 2449 Bibliotheca,
1059 2380 1393 2436 restitutam
1416 2398 1555 2436 vero
1578 2383 1638 2435 et
1658 2398 1917 2436 seorsum
1947 2398 2160 2452 magna
2183 2379 2494 2453 diligentia
2520 2382 2734 2439 descri-

272 2488 418 2557 ptam
458 2480 942 2556 publicaverunt:
994 2487 1169 2559 atque
1218 2502 1285 2539 ea
1329 2482 1509 2539 editio
1554 2482 1970 2540 Palaestina
2015 2485 2172 2541 dicta
2217 2482 2374 2554 est43
2436 2485 2534 2544 vel
2581 2487 2733 2563 quod

272 2585 595 2662 Pamphilus
625 2606 701 2643 ex
734 2586 1021 2663 Hexaplis
1066 2588 1131 2643 in
1163 2586 1526 2644 caesareensi
1572 2588 2035 2645 Palaestinae
2069 2588 2434 2647 Bibliotheca
2466 2592 2736 2666 repositis

271 2691 391 2748 illos
418 2693 703 2749 desumtos
735 2711 855 2748 una
884 2711 1016 2749 cum
1046 2691 1295 2750 Eusebio
1326 2691 1648 2768 evulgavit,
1705 2693 1800 2752 vel
1844 2694 1995 2770 quod
2041 2694 2362 2751 Palaestini
2393 2715 2486 2752 eos
2517 2696 2736 2753 codices

272 2794 575 2853 Christiani
607 2797 673 2853 in
705 2796 1007 2871 publicum
1037 2816 1208 2854 usum
1241 2830 1324 2837 —
1355 2798 1549 2854 demto
1581 2801 1779 2854 tamen
1809 2797 2113 2856 PsalteriO.
2147 2831 2230 2838 —-
2261 2798 2440 2874 primi
2472 2801 2736 2856 omnium

272 2901 577 2975 receperint
596 2898 639 2958 ⁵.
702 2899 850 2958 Cum
896 2901 1281 2976 repurgandis
1312 2900 1601 2990 Hexaplis
1631 2903 1786 2958 hanc
1833 2903 2135 2960 navabant
2177 2923 2411 2978 operam
2455 2904 2736 2961 Eusebius

275 3123 447 3170 exemit
464 3127 516 3170 et
534 3137 771 3172 seorsum
799 3122 1001 3187 publici
1025 3124 1153 3171 iuris
1179 3123 1328 3186 fecit3
1356 3124 1449 3173 sed
1475 3140 1571 3188 pro
1592 3123 1695 3173 hac
1721 3125 1985 3173 sententia
2009 3124 2189 3174 nullae
2215 3125 2506 3175 afferuntur
2524 3126 2736 3177 validae

272 3210 502 3258 rationes.
540 3209 905 3273 Hexaplorum
944 3225 1213 3274 perpauca
1248 3209 1393 3259 facta
1428 3226 1545 3260 esse
1582 3210 1894 3275 apographa
1929 3227 2112 3260 omnes
2149 3211 2461 3277 largiuntur.

466 3295 503 3359 ¹)
539 3295 717 3344 Praef.
753 3296 811 3344 in
846 3295 1034 3349 Josue.
1106 3297 1147 3360 2)
1187 3295 1321 3346 Cum
1368 3296 1572 3346 librarii
1618 3295 1934 3361 praesertim
1983 3298 2264 3346 asteriscos
2301 3313 2483 3347 eorum
2522 3303 2575 3348 et
2610 3301 2734 3350 obe-

272 3382 425 3432 lorum
449 3384 845 3432 annotationem
873 3383 959 3432 vel
982 3385 1201 3448 insuper
1236 3383 1509 3446 haberent,
1546 3382 1635 3432 vel
1665 3399 1772 3432 non
1807 3385 1938 3433 satis
1963 3383 2243 3448 diligenter
2279 3383 2734 3452 administrarent3

274 3470 441 3533 ingens
476 3470 761 3519 incedebat
796 3485 967 3520 rerum
1006 3471 1351 3535 perturbatio.
1413 3471 1497 3519 De
1534 3471 1770 3520 confusis
1808 3476 1862 3520 et
1896 3471 2166 3536 permixtis
2205 3487 2324 3521 cum
2360 3472 2524 3522 LXX.
2564 3473 2736 3524 Theo-

275 3555 483 3604 dotionis
538 3556 912 3606 additamentis
967 3559 1203 3621 queritur
1258 3556 1309 3605 S.
1360 3558 1744 3622 Hieronymus,
1769 3589 1772 3592 -
1793 3557 1924 3622 prol.
1975 3557 2179 3606 Galeat.
2229 3559 2401 3622 ipsum
2452 3558 2738 3625 Origenem

276 3641 415 3692 huius
448 3644 563 3692 vitii
600 3659 750 3692 reum
798 3643 1026 3693 faciens:
1086 3644 1210 3704 „sed
1248 3644 1391 3709 quod
1438 3646 1654 3694 maioris
1705 3645 1964 3694 audaciae
2003 3650 2100 3706 est,
2150 3645 2205 3693 in
2243 3645 2474 3694 editione
2513 3646 2735 3711 Septua-

274 3730 410 3793 ginta-
450 3730 831 3780 Theodotionis
887 3731 1170 3780 editionem
1226 3732 1483 3781 miscuit.“
1560 3732 1601 3795 ³)
1640 3731 1722 3781 cf.
1761 3731 1813 3780 S.
1853 3731 2189 3796 Hieronymi,
2241 3747 2322 3796 ep.
2365 3732 2431 3780 ad
2471 3731 2635 3782 Sunn.
2687 3738 2740 3782 et

272 3815 451 3866 Fretel.
480 3819 597 3878 106,
625 3819 675 3866 2.
710 3833 761 3882 p.
788 3818 905 3866 643.
956 3813 1167 3880 „Koma-l]
1206 3822 1421 3867 autem
1458 3819 1611 3882 ista,
1648 3818 1770 3868 hoc
1807 3823 1906 3867 est
1943 3818 2310 3867 Communis
2347 3819 2551 3868 editio
2588 3821 2740 3884 ipsa

274 3907 364 3952 est
408 3919 572 3968 quae
622 3909 683 3952 et
735 3904 1189 3969 Septuaginta.
1254 3904 1378 3954 Sed
1424 3904 1545 3954 hoc
1592 3906 1878 3956 interest
1925 3907 2099 3954 inter
2145 3909 2514 3970 utramque,
2569 3907 2740 3972 quod

274 3985 429 4052 κοινὴ
476 4006 592 4055 pro
643 3989 810 4040 locis
860 3995 923 4039 et
969 3992 1377 4056 temporibus
1428 3996 1491 4040 et
1537 4009 1651 4057 pro
1701 3992 2047 4042 voluntate
2102 3994 2496 4057 scriptorum
2547 3997 2738 4042 vetus

274 4082 573 4140 corrupta
612 4076 818 4126 editio
858 4081 1002 4126 est.“
1079 4077 1119 4140 ⁴)
1160 4078 1240 4126 Cf.
1278 4079 1479 4141 Huetii,
1520 4079 1828 4145 Origenian.
1864 4079 1962 4128 111.
1996 4081 2046 4141 4,
2073 4082 2120 4129 8.
2158 4096 2210 4144 p.
2244 4081 2363 4129 405.
2414 4080 2633 4142 Usserii‚
2673 4079 2740 4129 de

275 4161 385 4210 edit.
420 4163 583 4212 LXX.
622 4164 838 4228 interpr.
876 4178 921 4212 c.
962 4165 1007 4212 7.
1045 4181 1096 4229 p.
1127 4165 1207 4212 73.
1234 4179 1275 4217 s,
1328 4163 1367 4229 ⁵)
1404 4165 1491 4214 En
1527 4166 1719 4230 triplex
1755 4167 1914 4216 editio
1950 4166 2124 4215 LXX:
2165 4165 2570 4231 Origeniana
2605 4167 2740 4216 haec

277 4263 401 4312 quae
435 4250 491 4298 in
526 4249 886 4315 Hexaplis3
924 4249 1093 4299 altera
1116 4251 1305 4315 prioris
1330 4267 1473 4301 mere
1498 4267 1754 4316 germana
1789 4253 2067 4302 Eusebii
2105 4258 2158 4303 et
2191 4252 2546 4319 Pamphili3
2583 4254 2743 4302 tertia

275 4340 411 4384 vetus
445 4335 539 4385 illa
576 4351 718 4401 quae
750 4335 999 4402 Origenis
1024 4337 1445 4388 emendationem
1481 4340 1790 4404 praecessit,
1829 4344 1882 4388 et
1917 4336 2062 4402 Κοινὴ
2099 4355 2196 4389 seu
2232 4339 2516 4404 Vulgata
2561 4338 2741 4404 adpel-

277 4420 401 4486 lata3
436 4438 542 4487 qua
576 4425 868 4474 utebantur
893 4424 1097 4474 Sunnia
1122 4428 1175 4473 et
1198 4424 1449 4487 Fratella,
1486 4427 1609 4490 piae
1634 4430 1691 4474 et
1714 4425 1952 4475 eruditae
1986 4425 2234 4488 feminae,
2271 4426 2341 4475 ad
2363 4441 2498 4491 quas
2531 4427 2743 4491 scripsit

284 4507 329 4556 S.
372 4509 729 4574 Hieronymus
785 4525 948 4576 saepe
1001 4509 1273 4560 laudatam
1328 4511 1625 4576 epistolam.
1697 4513 1782 4560 Ex
1835 4527 1944 4578 qua
1995 4512 2139 4562 clare
2191 4512 2560 4578 intelligimus:
2615 4513 2744 4577 quid

282 4593 528 4660 vulgatam
554 4597 693 4645 inter
712 4601 766 4646 et
783 4596 947 4658 illam,
975 4611 1114 4661 quae
1138 4597 1351 4647 iacebat
1373 4598 1429 4646 iu
1454 4598 1731 4663 Hexaplis,
1757 4598 2042 4648 editionem
2069 4599 2384 4650 discriminis
2409 4600 2743 4650 interfuerit?
