3309 5300
529 434 614 499 58
1206 444 1442 486 comment.
1473 443 1527 483 de
1555 443 1600 483 S.
1622 442 1833 493 scriptur.
1863 454 1955 493 cap.
1986 442 2111 493 prim.
2142 442 2250 483 sect.
2283 441 2341 481 ΙΙ.

533 644 695 708 quas
753 620 1054 685 Ecclesia
1113 621 1253 684 iure
1317 617 1554 682 Sacras
1623 616 1938 703 adpellat,
2006 614 2351 681 habendae
2422 623 2571 679 sunt
2628 613 2832 678 veluti
2900 636 3021 699 pro

532 733 961 799 Tabulario
1009 732 1332 817 publico
1383 752 1673 795 summe
1722 730 2213 812 authentice,
2263 751 2391 815 quo
2431 728 2617 792 Deus
2663 728 3025 811 genuinum

533 847 615 911 de
660 846 857 911 rebus
905 868 1115 932 aeque
1163 846 1430 910 summis
1477 866 1556 908 ac
1605 846 1798 909 certis
1843 849 2135 929 praestat
2179 842 2639 923 testimonium,
2688 849 2886 925 atque
2938 839 3025 903 ad

532 983 651 1025 sua
679 960 879 1046 ipsius
909 982 1029 1023 nos
1060 960 1431 1043 cognitione
1465 958 1908 1022 saluberrimis
1939 958 2112 1019 vitae
2148 954 2444 1039 agendae
2475 955 2847 1039 praeceptis
2880 976 3021 1017 san-

533 1074 949 1159 ctissimaque
994 1071 1310 1157 religione
1334 1068 1749 1136 ‘imbuendos
1793 1070 2011 1133 utitur.
2060 1067 2225 1132 Sunt
2270 1076 2335 1131 et
2381 1066 2509 1131 alia
2541 1066 2605 1131 S.
2642 1064 3022 1151 Scripturae

529 1188 796 1253 nomina
819 1188 858 1269 ¹,
927 1187 1257 1272 frequenti
1306 1186 1819 1251 Christianorum
1879 1193 2077 1269 atque
2124 1180 2527 1246 Judaeorum
2572 1202 2715 1261 usn,
2778 1179 3021 1243 sensim

533 1303 795 1366 civitate
844 1300 1119 1382 donata;
1189 1298 1308 1364 sed
1362 1298 1526 1363 haec
1587 1297 1847 1361 diversa
1906 1295 2248 1359 dumtaxat
2305 1295 2572 1359 nomina
2632 1301 2784 1357 sunt
2844 1290 3020 1355 idem

494 1416 849 1497 sonantia,
895 1436 1020 1477 nec
1067 1412 1132 1477 S.
1180 1412 1530 1476 Librorum
1579 1410 1948 1475 uberiorem
1996 1408 2303 1492 adferunt
2346 1410 2681 1472 notionem
2704 1408 2748 1469 Ἰ.

827 1646 1038 1776 §.·18.
1085 1692 1202 1757 De
1252 1690 1317 1757 S.
1363 1689 1803 1755 Bibliorum
1849 1690 2282 1775 partitione
2330 1688 2723 1751 universa.

741 1892 996 1950 Partitio
1026 1891 1084 1949 S.
1117 1890 1176 1948 S.
1209 1890 1308 1949 vel
1351 1888 1809 1947 universalis
1856 1891 1943 1944 est
1973 1886 2153 1944 totius
2193 1886 2419 1943 Codicis
2452 1884 2511 1942 S.
2544 1886 2610 1941 in
2640 1904 2772 1941 suas
2804 1888 3017 1959 partes,

531 1998 628 2057 vel
667 1996 1146 2073 particularis
1193 1994 1561 2069 singulorum
1601 1993 1918 2051 Librorum
1963 1993 2029 2048 in
2073 1992 2381 2062 sectiones,
2428 2008 2562 2047 cum
2600 1989 2847 2047 maiores
2889 1992 3021 2045 tum

533 2105 808 2173 minores3
841 2106 901 2160 et
931 2101 1202 2179 quidem:

740 2208 792 2264 I.
869 2207 1152 2265 Veteris
1228 2203 1725 2263 Instrumenti
1798 2202 2209 2280 antiquissima
2282 2219 2464 2279 eaque
2526 2199 3023 2260 Hebraeorum

532 2318 672 2371 nota
721 2312 931 2371 divisio
976 2312 1097 2368 fuit
1139 2306 1490 2387 τριχοτομικὴ
1515 2306 1558 2367 3.
1626 2308 1871 2365 Prima
1914 2328 2049 2383 pars
2102 2312 2189 2365 est
2226 2314 2365 2382 ΠᾏἯ,
2416 2304 2445 2362 ὃ
2490 2304 2731 2379 νόμος4;
2786 2307 3023 2363 altera

533 2430 704 2491 ῦηςυςιρ,
757 2414 805 2472 οἱ
849 2417 1132 2492 προφῆται,
1179 2416 1215 2472 J
1219 2434 1369 2485 osue,
1412 2414 1705 2484 Judicum,
1756 2412 2005 2484 Samuel,
2056 2412 2301 2486 Regum,
2348 2430 2491 2489 quos
2537 2416 2728 2475 onim]
2776 2412 3019 2485 priores,

533 2522 740 2580 deinde
785 2529 970 2593 n'ffit'flzs
991 2518 1015 2556 5
1053 2522 1177 2579 sive
1219 2520 1561 2595 posteriores
1592 2537 1734 2595 quos
1769 2522 1981 2576 vocant
2005 2550 2088 2557 —-
2112 2519 2271 2574 inter
2300 2517 2405 2575 hos
2436 2515 2673 2585 Isaiam,
2707 2516 2743 2572 J
2745 2516 3023 2572 eremiam

531 2631 592 2685 et
619 2625 986 2685 Ezechielem
1030 2621 1182 2700 1:³⁴?in
1231 2626 1476 2682 maiores
1509 2624 1744 2693 dicunt3
1792 2627 1991 2698 postea
2023 2618 2535 2700 δωδεκαπρὸφητον,
2568 2623 2609 2680 i.
2636 2641 2686 2680 e.
2721 2622 3023 2680 duodecim

531 2734 786 2790 minores
831 2743 990 2806 Ε’ξῐὲξ,
1033 2734 1106 2790 ab
1139 2731 1284 2788 Osea
1313 2731 1386 2788 ad
1416 2729 1773 2787 Malachiam
1792 2725 1835 2786 ⁶.
1869 2762 1953 2769 —
1985 2729 2236 2805 denique
2276 2727 2506 2785 tertia
2546 2739 2721 2800 ῦᾚῆηξ,
2772 2729 2842 2784 ad
2874 2745 3022 2804 quae

528 2839 760 2910 Jobum,
807 2837 1084 2908 Psalmos,
1130 2836 1469 2906 Proverbia‚
1519 2835 1829 2892 Canticum
1860 2834 2253 2904 Canticorum,
2302 2832 2709 2908 Ecclesiasten,
2753 2833 3018 2902 Esdram,

529 2944 860 3014 Danielem,
906 2942 1393 3018 Paralipomenon
1434 2958 1501 2997 ac
1541 2941 1849 2996 Estherem
1886 2939 2219 2997 remittunt.
2276 2938 2438 2996 Haec
2484 2937 2699 2995 ultima
2735 2937 2915 2994 etiam
2955 2933 3023 2992 τὰ

529 3047 764 3125 γραφεῖα
815 3051 874 3105 et
929 3045 1238 3123 ἁγιόγραφα
1257 3043 1280 3082 ⁷
1331 3047 1735 3103 nominantur.
1799 3045 1971 3102 Hanc
2018 3044 2312 3120 triplicem
2360 3043 2709 3102 divisionem
2757 3063 2861 3100 suo
2912 3064 3023 3100 usu

529 3152 922 3211 sanctificavit
950 3151 1373 3210 Divinissimus
1411 3150 1697 3223 Salvator,
1742 3152 1975 3228 quando
2004 3149 2128 3206 illis
2148 3146 2171 3186 8
2212 3149 2559 3206 emaunticis
2598 3148 2927 3208 viatoribus
2958 3149 3022 3205 in

531 3258 872 3315 memoriam
924 3260 1161 3314 revocat
1205 3258 1429 3328 omnia,
1480 3275 1629 3334 quae
1680 3257 1749 3312 de
1794 3275 1852 3313 se
1896 3255 2119 3330 scripta
2161 3254 2638 3330 reperiebantur:
2693 3254 2760 3311 in
2806 3254 3017 3327 Lege,

531 3361 926 3438 Prophetis
957 3366 1017 3419 et
1045 3361 1356 3419 Psalmis
1379 3359 1420 3419 9.
1469 3361 1580 3418 Sed
1609 3362 1767 3418 idem
1789 3360 2077 3418 Dominus
2102 3360 2333 3431 Noster,
2368 3358 2767 3434 simplicitatis
2798 3377 3018 3428 amanS,

533 3470 770 3546 eiusque
818 3466 1104 3542 Apostoli,
1153 3468 1358 3524 habito
1402 3470 1671 3542 respectu
1720 3468 2070 3540 argumenti,
2120 3465 2185 3522 in
2243 3467 2385 3523 duas
2438 3483 2665 3542 quoque
2722 3463 2781 3521 S.
2814 3464 3022 3521 Libros

537 3573 872 3648 dispescunt
901 3573 1135 3629 classes:
1169 3569 1198 3627 ὁ
1230 3569 1397 3644 νόμος
1425 3567 1518 3628 καὶ
1548 3573 1813 3648 προφῆται
1832 3568 1899 3629 ¹⁰.
1948 3569 2223 3648 Quinque
2247 3570 2443 3628 Libris
2472 3569 2645 3642 Legis
2676 3569 3022 3644 respondere

533 3781 626 3845 qui
673 3779 806 3829 velit
842 3778 907 3827 de
943 3779 1062 3827 Deo
1100 3778 1386 3842 inquirere,
1436 3781 1490 3825 et
1523 3777 1776 3840 inquisito
1824 3777 2081 3839 invenire,
2134 3783 2187 3826 et
2222 3779 2438 3826 invento
2478 3776 2694 3827 credere
2732 3781 2785 3826 et
2822 3777 3022 3827 credito

535 3867 852 3916 deservire.“

747 3953 783 4019 1)
836 3953 921 4002 De
972 3953 1166 4018 quibus
1223 3950 1457 4001 adeundi
1511 3955 1636 4001 sunt
1690 3951 1741 4001 J.
1790 3952 1860 4001 H.
1911 3951 2219 4017 Hottinger,
2274 3951 2537 4000 Thesauri
2582 3951 2710 4016 phil.
2760 3970 2803 4002 s.
2841 3952 3023 4002 Clavis

535 4040 842 4106 Scripturae
880 4044 1012 4089 sect.
1048 4040 1144 4088 III.
1184 4039 1265 4089 ed.
1304 4039 1487 4104 Tigur.
1528 4041 1679 4089 1649.
1717 4057 1768 4105 p.
1807 4041 1888 4089 95.
1950 4039 2020 4088 H.
2059 4037 2399 4104 Goldhagen,
2441 4039 2643 4089 Introd.
2680 4041 2737 4089 in
2774 4040 2827 4090 S.
2868 4038 2921 4090 S.
2960 4041 3023 4090 V.

533 4144 598 4178 ac
633 4128 697 4177 N.
736 4128 796 4177 T.
833 4127 876 4190 Ι,
915 4129 964 4176 2.
1003 4128 1051 4176 5.
1125 4125 1164 4193 2)
1217 4127 1421 4187 Quibus
1459 4127 1707 4176 omnibus
1759 4126 2129 4176 enumerandis
2178 4126 2266 4176 hic
2298 4127 2546 4177 insistere
2593 4127 2812 4192 longum
2864 4131 3022 4178 esset.

535 4215 576 4281 ³)
622 4214 869 4265 Habetur
915 4216 1022 4263 iam
1067 4215 1124 4263 in
1171 4213 1394 4280 prologo
1441 4213 1733 4264 Siracidae.
1805 4214 1848 4279 ⁴)
1886 4214 2026 4264 Hist.
2063 4214 2127 4264 V.
2164 4214 2227 4264 Τ.
2262 4232 2316 4280 p.
2358 4215 2473 4264 175.
2548 4215 2589 4279 ⁵)
2627 4215 2691 4264 L.
2730 4230 2775 4264 c.
2813 4231 2865 4279 p.
2907 4216 3023 4265 199.

534 4302 576 4368 ⁶)
615 4301 750 4352 Con.
789 4300 891 4351 Sir.
928 4303 1012 4364 49,
1042 4304 1122 4352 12.
1186 4300 1225 4368 ⁷)
1262 4303 1309 4351 A
1347 4301 1400 4352 S.
1425 4302 1749 4368 Epiphanio,
1786 4301 1934 4352 haer.
1958 4301 2157 4364 XXIX,
2185 4303 2231 4351 7.
2266 4302 2310 4364 Ι,
2342 4303 2457 4351 122.
2503 4303 2630 4352 item
2668 4301 2733 4352 de
2770 4302 2934 4368 pond.
2972 4305 3025 4352 et

532 4406 699 4440 mens.
737 4405 782 4439 c.
811 4391 862 4439 4.
888 4389 958 4450 ΙΙ,
988 4391 1103 4439 162.
1165 4389 1207 4453 8>
1245 4391 1378 4439 Luc.
1405 4391 1489 4452 24,
1515 4392 1599 4439 44.
1662 4389 1704 4454 9)
1742 4388 1986 4438 Psalmos
2022 4390 2267 4438 nimirum
2303 4405 2399 4455 pro
2435 4389 2685 4438 universo
2722 4389 3023 4455 Hagiogra-

533 4477 757 4542 phorum
794 4476 978 4526 ordine
1016 4477 1212 4541 posuit.
1289 4476 1350 4542 1⁰)
1387 4477 1576 4526 Matth.
1616 4479 1663 4540 7,
1704 4479 1785 4526 12.
1846 4476 1981 4526 Luc.
2022 4478 2103 4538 16,
2146 4478 2226 4525 16.
2280 4476 2397 4527 Act.
2437 4478 2518 4538 13,
2555 4478 2634 4526 15.
2682 4478 2836 4527 Rom.
2864 4479 2912 4540 3,
2940 4479 3023 4527 21.

532 4564 730 4629 Legis
768 4564 1024 4614 terminus
1054 4580 1150 4630 per
1174 4563 1548 4628 synecdochen
1573 4579 1667 4629 pro
1694 4564 2089 4628 Pentateuch03
2129 4562 2630 4628 Prophetarum,
2668 4579 2764 4629 pro
2803 4563 3023 4629 reliquis

539 4651 784 4701 omnibus
820 4651 1184 4702 voluminibus
1221 4652 1460 4713 sumitur,
1508 4667 1731 4716 quorum
1770 4649 2067 4716 Scriptores
2106 4667 2267 4702 sensu
2305 4651 2482 4701 latiori
2516 4649 2820 4716 Prophetae
2856 4651 3025 4713 fuere,
