3309 5300
266 612 373 649 Anni
384 618 476 650 ante

300 676 373 711 Ae.
398 676 443 711 v.

343 758 441 805 819

340 931 441 978 804

343 1018 404 1065 77
408 1017 439 1064 9

340 1190 438 1239 767

338 1474 437 1523 766

337 1560 435 1608 756

337 1646 435 1694 755

335 1732 364 1778 7
370 1732 434 1780 53

335 1906 433 1953 738

333 2078 432 2125 726

333 2250 431 2297 723

332 2430 429 2478 718

330 2863 425 2910 711

326 3122 427 3170 '¹110

322 3295 425 3342 694

323 3381 423 3429 676

321 3553 421 3600 640

320 3639 421 3686 638

318 3811 419 3860 608

318 3984 417 4032 607

315 4242 418 4289 604

566 758 921 811 Jeroboamus
974 760 1045 811 ΙΙ.
1102 761 1241 813 filius
1289 763 1444 815 Joasi
1498 766 1555 815 in
1606 782 1770 831 regno
1815 768 1984 817 Israel
2037 775 2227 835 regnat
2273 774 2358 822 41.
2414 774 2569 822 annis

636 846 863 896 feliciter
939 887 2556 909 ........................

564 932 787 983 Amazia
825 936 1017 999 occiso,
1054 937 1214 989 Ozias
1253 954 1475 1003 regnum
1500 939 1828 990 Judaeorum
1867 942 2095 991 obtinuit
2130 981 2556 995 .......

565 1020 775 1070 Mortuo
811 1021 1137 1074 Jeroboamo
1174 1026 1245 1074 ΙΙ.
1286 1030 1456 1075 ortum
1494 1032 1576 1076 est
1622 1028 2000 1093 interregnum,
2050 1029 2322 1079 foedatum
2370 1034 2567 1082 mutuis

635 1112 890 1161 caedibus
926 1110 1152 1174 illorum,
1192 1114 1282 1178 qui
1320 1112 1636 1163 affectarunt
1673 1129 1930 1163 summam
1967 1118 2175 1180 imperii
2268 1155 2556 1167 .....

564 1198 851 1247 Zacharias
886 1198 1197 1248 Jeroboami
1230 1200 1299 1248 11.
1351 1199 1489 1249 filius
1526 1206 1649 1265 post
1689 1204 1770 1250 11.
1809 1217 1978 1251 annos
2018 1203 2330 1253 conscendit
2373 1204 2565 1254 solium

630 1289 926 1349 paternum,
958 1285 1051 1335 sed
1078 1292 1200 1351 post
1224 1289 1271 1335 6.
1298 1302 1508 1336 menses
1534 1286 1846 1337 interficitur
1868 1268 1906 1337 a
1932 1288 2181 1351 Sellnmo,
2211 1291 2303 1354 qui
2326 1292 2565 1355 regimen

630 1376 753 1435 post
786 1388 955 1421 unum
990 1388 1226 1423 mensem
1262 1389 1381 1421 cum
1416 1375 1530 1423 vita
1563 1374 1794 1438 perdidit
1839 1413 1850 1425 .
1909 1412 1920 1423 .
1981 1414 1992 1426 .
2051 1414 2546 1426 ........

560 1466 913 1516 Manahemus
952 1466 1171 1517 Sellumi
1207 1468 1517 1518 interfector
1543 1469 1730 1518 decem
1753 1470 1905 1518 annis
1931 1471 1986 1517 in
2011 1470 2252 1520 subditos
2279 1475 2563 1535 grassatur.

560 1552 797 1617 Phaceja
833 1554 1051 1603 biennio
1088 1570 1312 1618 regnum
1346 1555 1516 1604 Israel
1552 1560 1783 1619 occupat
1841 1594 2548 1607 ...........

558 1639 771 1689 Phacee
810 1645 1001 1690 enecat
1031 1640 1322 1704 Phacejam
1358 1657 1631 1706 regnoque
1667 1642 1870 1706 potitur
1917 1680 2553 1694 ..........

563 1726 725 1776 Ozias
778 1742 870 1777 rex
922 1727 1169 1777 Judaeae
1222 1727 1373 1792 lepra
1428 1743 1728 1792 percussae,
1788 1728 2034 1777 thronum
2105 1727 2213 1778 filio
2273 1730 2559 1780 Joathamo

630 1814 791 1862 cessit
802 1850 2550 1866 ..........................

559 1899 767 1949 Mortuo
792 1900 830 1949 J
832 1900 1095 1962 cathamo
1120 1900 1405 1950 Achazus
1390 1902 1583 1965 1mpius
1618 1900 1954 1950 idololatr-lae
1985 1902 2310 1953 instaurator
2335 1920 2557 1969 regnum

629 1987 851 2051 suscipit
862 2024 2544 2041 .........................

560 2070 705 2121 Osea
756 2042 1035 2123 interfecto
1084 2073 1296 2124 Phacee
1344 2090 1565 2139 regnum
1620 2073 1968 2123 israeliticum
2021 2074 2252 2137 invadit,
2303 2076 2560 2126 anarchia

628 2160 944 2223 persistente
996 2198 2545 2213 .......................

556 2246 837 2307 Ezechias,
882 2245 1023 2296 filius
1059 2243 1259 2311 probus
1296 2248 1461 2312 patris
1498 2248 1743 2312 improbi,
1781 2262 2000 2312 regnum
2034 2247 2325 2298 Judaicum
2361 2252 2557 2315 accipit

628 2337 681 2381 et
714 2348 898 2381 verum
932 2334 1038 2383 Dei
1075 2334 1275 2383 cultum
1310 2339 1577 2383 restaurat
1622 2371 2544 2385 ..............

558 2426 901 2478 Salmanasar
928 2444 1020 2477 rex
1047 2428 1381 2493 Assyriorum
1409 2433 1567 2493 capta
1592 2426 1835 2477 Samaria
1871 2432 2091 2494 totaque
2115 2428 2417 2479 Israelitide
2454 2431 2556 2480 sibi

625 2516 881 2575 subiecta,
920 2530 1100 2579 regem
1138 2514 1335 2565 Ossam
1373 2530 1493 2563 cum
1537 2515 1769 2564 maxima
1813 2518 1965 2579 parte
2003 2514 2186 2563 decem
2230 2516 2463 2565 tribuum
2500 2518 2554 2565 in

624 2602 991 2666 captivitatem
1015 2601 1235 2652 abducit
1258 2606 1418 2667 atque
1444 2602 1716 2653 civitatem
1739 2600 2191 2666 Ephraimitarum
2216 2603 2502 2668 exstinguit
2531 2641 2542 2653 .

624 2687 820 2738 Tobias
849 2688 1081 2738 Niniven
1106 2690 1163 2737 in
1190 2689 1403 2738 exilium
1440 2688 1752 2753 deportatus
1791 2689 1933 2736 vitae
1969 2689 2340 2753 integerrimae
2379 2705 2552 2738 exem-

622 2772 711 2838 plo
748 2775 1017 2840 praeluxit
1062 2812 2542 2825 ......................

554 2858 981 2912 Sennacheribus
1010 2878 1104 2912 rex
1126 2862 1375 2926 Assyrius
1413 2863 1597 2925 copias
1635 2862 1704 2910 ad
1743 2860 2124 2926 expugnandas
2149 2861 2550 2926 Hierosolymas

620 2947 894 3013 admovet3
932 2949 1029 2998 sed.
1065 2949 1310 2999 confecto
1347 2964 1443 3013 per
1477 2948 1745 3012 Angelum
1772 2947 1989 2996 Domini
2027 2949 2280 3010 exercitu,
2319 2949 2551 2998 Niniven

620 3035 815 3085 reverti
863 3038 1069 3101 cogitur
1132 3072 2539 3086 .....................

550 3120 813 3172 Ezechias
859 3121 1010 3172 letali
1055 3138 1085 3172 e
1120 3122 1342 3171 vulnere
1388 3120 1643 3182 infirmus,
1681 3121 1965 3170 sanitatem
2016 3125 2070 3170 et
2116 3123 2549 3186 prorogationem

616 3208 761 3258 vitae
796 3209 853 3258 in
892 3210 971 3258 15.
1012 3223 1179 3258 annos
1216 3196 1423 3257 obtinet
1482 3243 2187 3257 ...........
2221 3239 2227 3246 -
2245 3245 2535 3258 .....

547 3295 823 3344 Manasses
860 3295 1042 3360 primis
1080 3296 1233 3344 annis
1270 3310 1361 3344 rex
1398 3296 1662 3358 pessimus
1689 3332 2534 3344 .............

546 3380 822 3430 Manasses
870 3383 1111 3447 captivus
1166 3380 1443 3445 Babylone
1498 3382 1778 3446 poenitens
1833 3381 2114 3429 miserente
2161 3381 2296 3442 Dec,
2354 3380 2545 3430 throno

616 3469 938 3532 restituitur3
978 3469 1296 3532 resipiscens
1334 3468 1404 3517 ad
1439 3466 1598 3516 finem
1633 3469 1777 3516 vitae
1816 3469 2020 3517 sincere
2058 3468 2176 3538 pius
2243 3504 2533 3516 .....

544 3553 716 3604 Amon
752 3554 892 3604 filius
929 3555 1195 3604 Manassis
1233 3559 1424 3620 regnat
1458 3554 1675 3603 biennio
1712 3553 1978 3602 idolorum
2014 3553 2186 3602 cultor
2244 3590 2532 3604 .....

543 3638 580 3687 J
584 3641 724 3690 osias
749 3640 968 3690 Amonis
992 3639 1133 3690 filius
1159 3645 1375 3690 sanctus
1401 3655 1494 3689 rex
1529 3640 1645 3702 fuit,
1673 3639 2030 3689 idololatriam
2056 3638 2266 3701 delevit,
2287 3639 2542 3704 templum

649 3743 712 3776 ur
748 3728 860 3776 avit
914 3761 2529 3777 .........................

543 3811 580 3860 J
583 3743 907 3862 οξιαεὲατωιε
933 3815 1001 3863 ab
1026 3811 1305 3878 Aegyptiis
1329 3813 1614 3877 petitus‚a
1650 3812 1940 3877 sagittariis
1975 3812 2207 3876 graviter
2229 3810 2540 3862 vulneratus

612 3900 843 3948 animam
892 3916 921 3949 e
960 3900 1001 3949 t
1056 3934 2529 3948 ......................

542 3983 848 4035 Joachazus
894 3916 1125 4050 dilgener
1170 3984 1311 4034 filius
1346 3984 1547 4045 Josiae‚
1590 3983 1743 4048 lapso
1791 3985 2041 4033 trimestri
2077 3999 2111 4033 a
2145 3983 2363 4033 Nechao
2401 3983 2540 4033 Pha-

610 4085 775 4120 raone
812 4071 1044 4137 Aegypti
1078 4087 1243 4135 regno
1280 4072 1546 4135 privatur3
1586 4074 1639 4120 et
1662 4072 1719 4119 in
1742 4069 1884 4119 illius
1911 4069 2089 4118 locum
2111 4070 2328 4119 Joakim
2355 4096 2420 4104 —
2448 4071 2540 4134 qui

612 4162 665 4206 et
699 4157 925 4208 Eliacim
966 4158 1014 4207 d.
1051 4185 1118 4193 —
1154 4158 1318 4207 frater
1354 4161 1485 4205 natu
1520 4157 1690 4205 maior
1726 4157 2063 4205 constituitur
2099 4193 2527 4205 .......

539 4242 1033 4292 Nabuchodonosor
1071 4242 1374 4292 Chaldaeus
1424 4243 1593 4307 prima
1637 4243 1756 4291 vice
1797 4240 2197 4306 Hierosolymas
2246 4246 2534 4306 expugnat,

609 4327 789 4392 diripit
805 4328 1100 4392 Templum,
1122 4334 1175 4378 et
1191 4328 1228 4377 J
1231 4329 1498 4378 oakimum
1519 4343 1637 4377 cum
1655 4326 1926 4376 nonnullis
1947 4326 2286 4376 nobilissimis
2309 4327 2535 4376 Judaeis

608 4441 675 4450 —
707 4414 845 4464 inter
882 4402 1016 4479 quos
1051 4414 1249 4464 Daniel
1284 4442 1351 4450 —
1383 4430 1564 4465 secum
1599 4412 1933 4478 Babylonem
1969 4412 2205 4463 abducit.
2254 4413 2430 4476 Atque
2465 4412 2533 4462 ab

609 4500 795 4549 eodem
829 4514 969 4549 anno
996 4501 1115 4549 604.
1147 4501 1411 4565 incipiunt
1446 4501 1883 4565 septuaginta
1918 4500 2070 4548 anni
2108 4499 2534 4563 captivitatis

606 4599 641 4634 a
674 4585 912 4646 Jeremia
946 4586 1210 4651 praedicti
1250 4584 1351 4653 [25,
1391 4583 1491 4652 11.]
1539 4621 2107 4635 .........
2127 4647 2134 4654 ⁶
2165 4621 2524 4634 ......

346 4675 557 4725 Βαιιὶο,
587 4675 703 4717 Eist.
732 4676 1033 4718 Revelationis
1061 4675 1250 4718 divinae.
1279 4677 1358 4718 111.
2348 4670 2415 4718 23

2629 447 2759 515 353

2655 668 2752 711 1³⁸3.

2657 859 2758 907 348

2656 945 2758 993 380

2655 1116 2757 1165 362

2654 1828 2753 1876 381

2650 2170 2752 2219 362

2648 2342 2751 2390 383

2646 2607 2748 2656 362

2640 3036 2742 3085 385

2637 3294 2742 3342 415

2636 3465 2739 3513 416

2633 3731 2736 3779 417

2630 3901 2735 3950 418

2629 4158 2732 4206 426

2627 4584 2729 4633 427
