3309 5300
1137 413 1203 454 De
1229 413 1400 455 Canone
1428 416 1471 455 S.
1493 412 1662 454 Libror.
1692 412 1792 455 Vct.
1820 412 1941 453 Test.
2748 396 2789 463 9

287 610 400 644 non
451 610 572 644 esse
612 610 658 643 α.
721 592 995 643 Canonem
1044 590 1488 653 constituendum,
1539 590 1733 655 quibus
1777 589 1855 639 illi
1904 591 1995 654 qui
2042 590 2111 639 ab
2156 588 2406 639 Ecclesia
2453 595 2791 640 recesserunt

289 682 522 745 vellent,
560 683 660 732 sed
687 681 756 731 ab
783 682 942 731 unica
969 678 1246 729 Catholica
1277 679 1586 729 Traditione
1611 677 1762 727 illum
1787 694 1905 727 csse
1932 676 2291 727 ediscendum.
2336 676 2544 727 Deinde
2572 674 2616 743 β.
2644 678 2788 726 evin-

289 770 521 820 cendum
562 771 690 819 erit:
741 767 1071 818 Canonem
1117 782 1301 833 quem
1347 782 1516 816 nunc
1562 771 1746 815 tenet
1790 764 1843 814 S.
1880 765 2192 815 Ecclesia
2241 763 2613 827 Catholica,
2662 780 2787 814 non

290 874 438 908 csse
476 858 611 906 nisi
649 856 946 919 eundem,
996 871 1178 921 quem
1225 854 1662 905 remotissime
1700 859 1761 903 et
1798 857 2186 903 constanter
2228 853 2442 903 tenuit
2477 850 2788 903 Ecclesia

289 944 784 1011 Antiquissima
817 944 1104 1009 primorum
1140 942 1493 993 saeculorum.

499 1032 620 1082 VII.
669 1030 940 1081 Volumini
978 1029 1031 1079 S.
1067 1028 1458 1095 Scripturarum
1493 1030 1703 1079 Veteris
1739 1027 1996 1078 Foederis
2045 1031 2242 1079 sensim
2294 1027 2539 1078 adiectae
2575 1028 2789 1077 fuerant

289 1119 602 1185 Scripturae
638 1118 996 1184 Apostolicae.
1034 1118 1108 1167 Ut
1145 1118 1284 1167 enim
1322 1117 1596 1181 quaelibet
1630 1117 1881 1167 Ecclesia
1918 1117 2124 1181 accepit
2158 1115 2534 1181 Apostolorum
2560 1113 2785 1181 Scripta,

288 1224 359 1259 ea
401 1208 582 1258 Libris
634 1206 687 1256 S.
725 1206 942 1271 Antiqui
989 1205 1244 1255 Foederis
1292 1204 1546 1254 adtexuit.
1604 1202 1747 1253 Sane
1782 1203 2153 1269 intelligebant
2198 1204 2457 1269 Episcopi
2505 1207 2559 1252 et
2603 1201 2788 1252 fideles

287 1296 496 1361 primae
534 1295 847 1345 Ecclesiae:
904 1294 1089 1342 eodem
1139 1292 1376 1342 dictante
1413 1290 1612 1357 Spiritu
1646 1293 1767 1354 Dei,
1807 1293 1944 1341 sicut
1981 1291 2047 1341 de
2082 1296 2305 1340 venturo
2341 1290 2545 1341 Messia
2579 1288 2787 1355 praedi·

289 1384 438 1433 xissc
475 1382 789 1447 Prophetas,
837 1382 916 1431 ita
962 1381 1028 1429 de
1066 1380 1303 1430 eiusdem
1349 1379 1580 1429 adventu
1624 1378 1901 1429 testificari
1937 1378 2252 1445 Apostolos:
2291 1377 2527 1427 eiusdem
2564 1376 2787 1441 proinde

289 1470 507 1519 divinae
556 1469 888 1520 auctoritatis
938 1484 1058 1518 esse
1102 1472 1447 1532 utrorumque
1497 1466 1822 1533 Scripturas,
1873 1467 2206 1531 eundemque
2250 1464 2321 1516 ad
2359 1465 2641 1526 Christum,
2682 1464 2788 1513 Dei

289 1558 642 1622 Unigenitum
687 1555 899 1618 Filium,
954 1557 1044 1621 qui
1093 1556 1222 1605 fecit
1255 1560 1483 1620 utraque
1518 1571 1700 1617 unum,
1741 1555 1943 1604 referri.
2004 1556 2183 1616 Quare
2219 1554 2429 1603 tametsi
2467 1554 2624 1601 certis
2664 1551 2780 1617 qui-

289 1643 523 1694 busdam
553 1644 833 1706 Ecclesiis,
872 1642 959 1692 vel
996 1642 1301 1709 particulari
1340 1644 1570 1708 cuipiam
1607 1657 1888 1707 personae,
1924 1641 2302 1708 Apostolorum
2336 1641 2525 1691 literae
2559 1640 2664 1690 hac
2698 1638 2787 1689 vel

288 1730 418 1781 illae
458 1730 848 1796 dirigebantur3
897 1732 1023 1795 quia
1068 1735 1247 1780 tamen
1283 1731 1340 1779 in
1375 1730 1478 1780 illis
1530 1734 1684 1780 erant
1733 1730 1985 1794 dogmata
2030 1730 2335 1779 neccssaria
2372 1729 2617 1777 omnibus
2657 1742 2784 1791 „pro

290 1820 763 1883 consanguinitate
799 1818 1103 1868 doctrinae“
1133 1846 1194 1855 —
1223 1823 1282 1867 ut
1317 1817 1550 1883 eleganti
1583 1817 1895 1883 metaphora
1930 1818 2063 1866 dixit
2096 1816 2457 1866 Tertullianus
2476 1853 2489 1877 ,
2522 1814 2589 1864 de
2625 1828 2784 1879 prae-

289 1907 473 1971 script.
499 1906 701 1956 haeret.
727 1923 778 1956 n.
805 1908 888 1955 32.
914 1923 965 1971 p.
991 1908 1075 1955 22.
1104 1934 1166 1942 -—
1195 1906 1442 1955 omnibus
1478 1906 1739 1955 Ecclesiis
1778 1905 2321 1954 communicabantur.
2360 1901 2546 1952 Codici
2584 1900 2784 1951 Sacro

295 1994 506 2042 Veteris
529 1993 575 2041 F
580 1993 790 2043 oederis
818 1993 1117 2056 adiunctae,
1137 1993 1270 2042 illud
1295 1993 1641 2042 confecerunt
1666 1992 2007 2055 Volumen,
2036 1991 2179 2057 quod
2204 1994 2271 2041 ab
2300 1991 2533 2055 antiquis
2559 2003 2601 2037 s.
2614 1988 2786 2038 Patri-

289 2079 392 2128 bus
435 2081 809 2141 „Divinum“
851 2080 1107 2145 adpellari
1145 2082 1503 2143 consuevisse,
1546 2080 1889 2145 intelligimus
1928 2095 1957 2129 e
1988 2096 2029 2129 s.
2060 2080 2275 2129 Joanne
2300 2077 2694 2143 Chrysost0m0,
2730 2077 2786 2124 in

287 2182 409 2232 cap.
466 2170 514 2217 1.
555 2166 690 2217 Gen.
740 2168 879 2217 hom.
915 2168 982 2230 X,
1020 2169 1069 2217 8.
1105 2168 1196 2230 IV,
1249 2170 1357 2232 81.;
1414 2169 1505 2231 qui
1550 2161 1646 2227 ,,τὰ
1690 2166 1793 2217 θεῖα
1829 2163 2029 2233 βιβλία“
2074 2168 2313 2229 vocavit3
2358 2165 2486 2214 item
2523 2166 2684 2213 etiam
2721 2178 2786 2213 cx

293 2254 548 2320 Origene,
596 2256 754 2305 Hom.
800 2254 1020 2304 XXVII.
1067 2257 1123 2304 in
1169 2256 1322 2307 Num.
1376 2257 1420 2304 l.
1461 2254 1542 2304 ed.
1581 2255 1784 2304 Lomm.
1822 2255 1887 2317 X,
1926 2256 2062 2316 333.,
2113 2258 2173 2303 ut
2218 2252 2351 2303 alios
2390 2256 2784 2319 praetereamus

287 2348 454 2391 testes
492 2342 722 2392 subinde
761 2341 1122 2392 advocandos.

394 2602 606 2678 CAN
612 2600 758 2678 ΟΝ
813 2602 883 2678 S.
923 2601 1463 2678 LIBRORUM
1515 2602 1950 2680 VETERIS
2004 2600 2679 2679 TESTAMENTI.

277 2780 340 2858 ξ.
395 2780 454 2842 3.
515 2775 715 2840 Fata
771 2775 836 2841 S.
878 2775 1301 2842 Librorum
1357 2777 1437 2843 V.
1484 2779 1560 2842 T.
1619 2800 1658 2840 a
1702 2777 1974 2862 Moyse
2029 2798 2281 2862 usque
2340 2775 2436 2841 ad
2479 2785 2784 2862 tempus

1192 2882 1882 2948 Machabaeorum.

494 3038 700 3103 Juvat
743 3041 812 3103 in
845 3062 1098 3104 summa
1140 3039 1440 3104 historias
1475 3039 1762 3105 Canonis
1799 3038 2151 3104 Librorum
2192 3038 2544 3104 Sacrorum
2581 3037 2663 3103 V.
2704 3038 2781 3102 T.

278 3174 480 3216 nosse
505 3155 544 3214 ¹.
610 3150 778 3216 Cum
825 3175 865 3217 a
900 3151 1172 3218 Judaeis
1216 3155 1284 3216 in
1327 3155 1471 3241 ipsa
1516 3153 1896 3239 captivitate
1942 3151 2353 3239 Babylonica
2400 3152 2784 3235 constitutiS,

279 3263 666 3328 Literarum
731 3264 1082 3329 Sacrarum
1147 3264 1362 3329 studia
1426 3289 1561 3331 non
1615 3265 1813 3353 plane
1880 3267 2249 3329 intermissa
2304 3267 2431 3329 sint
2456 3267 2509 3349 2;
2576 3264 2779 3332 multo

277 3378 494 3462 magis
544 3377 949 3442 credendum
997 3386 1112 3461 est,
1158 3387 1307 3463 post
1350 3378 1631 3442 reditum
1664 3401 1749 3443 ex
1781 3377 1974 3444 exilio
2024 3401 2104 3442 ea
2138 3379 2204 3441 in
2247 3387 2444 3464 gente
2493 3379 2782 3444 excitata

281 3498 613 3576 auctaque
659 3489 877 3554 fuisse.
952 3489 1138 3572 Quae
1183 3513 1341 3555 vero
1401 3490 1726 3556 traditio
1774 3491 2093 3557 iudaica
2153 3491 2245 3557 de
2296 3501 2783 3577 congregata

279 3601 558 3688 aliqua
627 3602 1050 3688 Synagoga
1113 3604 1424 3688 Magna,
1499 3606 1685 3670 cuius
1754 3601 1949 3690 caput
2022 3606 2461 3691 princepsque
2522 3605 2770 3672 Esdras

281 3715 503 3798 fuerit,
566 3725 830 3798 narrat3
907 3716 1140 3780 horum
1210 3739 1360 3809 cum
1420 3719 1488 3781 in
1555 3715 1736 3781 libris
1806 3717 2109 3782 Esdrae
2183 3728 2249 3782 et
2307 3719 2369 3783 N
2384 3717 2781 3783 ehemiae³

281 3826 532 3891 nullum
584 3837 801 3893 exstet
829 3831 1208 3914 vestigium:
1255 3832 1386 3895 imo
1424 3853 1592 3917 quae
1642 3833 1709 3894 in
1740 3832 1860 3895 iis4
1905 3841 2091 3917 gesta
2132 3841 2479 3896 narrantur
2524 3841 2779 3897 contra-

495 3986 534 4052 ¹)
573 3987 919 4052 Tripartitam
942 3988 1272 4054 ingredimur
1295 3989 1730 4054 disputationem,
1752 3992 1981 4056 primum
2018 3991 2157 4041 enim
2191 3991 2442 4056 historiis,
2470 4008 2609 4059 quac
2634 3993 2769 4043 refe-

281 4078 476 4123 runtur
510 4075 566 4122 in
607 4073 660 4124 S.
687 4073 978 4140 Scriptura,
1015 4076 1185 4125 innixi
1218 4075 1431 4126 efficere
1469 4078 1807 4128 conabimur:
1847 4077 2121 4128 Canonem
2156 4079 2440 4130 Librorum
2475 4081 2541 4131 V.
2565 4081 2627 4130 Τ.
2665 4097 2775 4131 non

279 4161 524 4226 potuisse
560 4165 799 4226 tempore
824 4161 1030 4211 Esdrae
1065 4161 1257 4212 claudi.
1293 4162 1504 4213 Deinde
1531 4163 1956 4229 disquisitionem
1990 4166 2343 4228 instituemus,
2384 4168 2579 4232 quibus
2616 4169 2776 4218 ratio·

283 4247 446 4298 nibus
482 4248 736 4297 fulciatur
761 4247 950 4299 Canon
983 4249 1315 4300 Judaeorum
1348 4249 1691 4301 Graecorum.
1728 4252 1977 4316 Denique
2012 4252 2157 4302 facto
2194 4253 2264 4302 ad
2298 4255 2472 4319 ipsum
2507 4254 2779 4304 decretum

285 4333 516 4384 Concilii
553 4334 850 4384 Tridentini
879 4337 1132 4387 transitu:
1184 4336 1458 4387 Canonem
1507 4337 1735 4387 Concilii
1769 4338 2071 4388 Tridentini
2116 4355 2233 4391 esse
2277 4339 2551 4390 Canonem
2586 4341 2776 4391 Eccle-

291 4421 409 4470 siae
450 4420 814 4487 Apostolicae,
852 4425 965 4472 sive
1001 4425 1322 4488 primaevae,
1361 4425 1833 4490 propugnabimus.
1902 4425 1944 4486 ²)
1982 4427 2063 4476 Cf.
2100 4427 2170 4477 H.
2206 4427 2268 4476 R.
2305 4428 2373 4477 D.
2399 4427 2462 4476 V.
2488 4427 2550 4477 T.
2580 4444 2632 4492 p.
2658 4429 2777 4478 474.

283 4524 328 4557 s.
367 4509 486 4558 518.
512 4525 555 4559 s.
594 4510 712 4559 568.
750 4526 792 4560 s.
851 4509 892 4572 ³)
943 4510 985 4560 Ι.
1033 4515 1087 4560 et
1129 4511 1200 4560 H.
1246 4511 1454 4562 Esdrae
1495 4511 1646 4561 iuxta
1694 4511 1997 4578 Vulgatam.
2051 4515 2094 4580 ⁴)
2144 4514 2400 4573 Esdrac
2447 4515 2489 4575 Ι.
2539 4529 2675 4581 cap.
2726 4518 2774 4574 9,

285 4600 338 4650 et
376 4597 472 4662 10.,
508 4611 610 4652 nec
658 4592 768 4653 nou
803 4597 1172 4656 Nehemiae
1209 4598 1367 4674 Vulg.
1403 4599 1475 4656 ΙΙ,
1513 4599 1670 4657 Esdr‚
1708 4615 1754 4657 c,
1793 4603 1842 4656 8,
2630 4585 2640 4594 ’
