3309 5300
290 636 401 672 Anni
416 640 504 673 ante

326 698 402 733 Ae.
425 700 469 735 V.

370 781 468 828 163

370 866 467 914 162

368 1211 468 1259 144

366 1383 466 1431 136

365 1470 465 1519 135

366 1643 463 1692 107

365 1902 462 1950 105

397 2075 461 2123 79

397 2161 461 2209 70

394 2333 459 2381 66

393 2505 458 2551 65

392 2677 457 2724 63

391 2762 457 2810 47

392 2849 457 2897 36

390 3069 505 3166 15,

2655 455 2785 521 355

2681 675 2764 718 Pas

596 774 762 825 Onias
788 776 839 826 h.
863 793 915 825 n.
952 777 1044 826 I‘V.
1071 776 1325 843 templum
1338 777 1854 843 ‘Leontopolitanum
1889 780 1946 828 in
1970 778 2214 845 Aegypto
2253 780 2511 831 condidit.
2570 818 2582 830 .
2683 790 2786 840 590

596 863 769 913 Judas
795 864 850 913 in
875 864 1077 927 proelio
1117 868 1305 914 contra
1327 865 1645 915 Bacchidem
1687 866 1854 930 cadit3
1892 870 2014 931 post
2042 872 2263 917 mortem
2291 868 2404 917 eius
2429 868 2594 917 frater

662 949 925 1000 Jonathas
974 950 1340 1015 pontificatum
1377 956 1431 1001 et
1466 966 1732 1001 armorum
1773 954 2053 1017 imperium
2102 956 2287 1016 sumit,
2339 952 2592 1019 Syrisque

662 1051 720 1085 se
773 1036 1058 1086 fortissime
1105 1038 1325 1102 opponit
1382 1075 2579 1090 ..................
2682 1049 2783 1097 562

662 1122 1015 1187 Temporibus
1052 1122 1321 1173 Jonathae
1358 1123 1605 1173 videntur
1642 1124 1860 1174 exordia
1894 1122 2148 1176 habuisse
2186 1124 2425 1176 Sectae
2499 1164 2511 1175 .
2567 1164 2579 1175 .
2681 1134 2782 1182 592

594 1206 773 1258 Simon
808 1209 1187 1272 Machabaeus,
1231 1215 1353 1275 post
1389 1211 1588 1260 obitum
1636 1211 1922 1273 Jonathae,
1958 1212 2206 1277 princeps
2256 1217 2309 1261 et
2357 1227 2590 1261 summus

662 1295 912 1345 sacerdos
951 1311 980 1344 e
1018 1298 1282 1345 communi
1318 1286 1570 1362 suffragio
1610 1297 1826 1362 eligitur
1873 1335 2577 1348 ...........
2682 1305 2782 1353 567

592 1380 775 1431 Simon
811 1397 845 1431 a
881 1398 1076 1447 genero
1116 1398 1211 1433 suo
1248 1399 1345 1448 per
1379 1384 1603 1433 insidias
1640 1384 1932 1433 trucidatus
1972 1388 2053 1433 est
2082 1422 2579 1433 ........
2682 1392 2782 1439 569

589 1468 829 1519 Joannes
865 1469 1149 1533 Hyrcanus
1197 1471 1254 1518 in
1300 1470 1602 1535 principatu
1652 1475 1706 1519 et
1752 1469 2053 1519 sacerdotio
2101 1472 2266 1534 patris
2316 1484 2592 1519 successor

661 1560 715 1604 et
749 1556 1047 1619 parricidae
1088 1556 1281 1605 vindex
1311 1592 2579 1607 ...................
2681 1562 2782 1611 573

588 1639 757 1691 Filius
805 1647 935 1691 natu
980 1643 1149 1691 maior
1195 1642 1420 1692 Joannis
1474 1642 1714 1706 Hyrcani
1759 1641 1949 1703 Judas,
2010 1641 2182 1691 dictus
2236 1640 2590 1703 Aristobulus,

657 1728 856 1792 primus
893 1734 1015 1793 post
1040 1728 1312 1777 Sedeciam
1341 1730 1589 1793 regium
1615 1728 1865 1778 assumsit
1889 1727 1990 1776 sibi
2019 1743 2228 1790 nomen,
2257 1730 2348 1793 qui
2375 1728 2588 1777 unicum

661 1814 935 1864 dumtaxat
970 1830 1169 1864 annum
1207 1814 1490 1864 crudeliter
1527 1815 1770 1879 regnavit
1798 1852 2576 1864 ............
2679 1819 2780 1868 575

586 1899 892 1949 Alexander
915 1901 951 1951 J
955 1915 1214 1963 annaeus,
1250 1903 1437 1951 tertius
1462 1901 1704 1965 Hyrcani
1739 1898 1897 1962 filius,
1934 1915 2031 1965 per
2067 1900 2257 1965 viginti
2295 1904 2347 1950 et
2384 1904 2584 1965 septem

658 2000 827 2036 annos
864 1988 1201 2051 tyrannidem
1238 1988 1474 2037 exercuit
1520 2024 2576 2037 ................
2699 2018 2758 2027 ——

586 2070 905 2135 Alexandra,
943 2074 1174 2123 Jannaei
1209 2090 1358 2136 uxor,
1396 2089 1619 2138 regnum
1654 2087 1847 2121 novem
1883 2072 2037 2121 annis
2087 2072 2431 2137 gubernavit.
2492 2112 2502 2121 .
2562 2110 2572 2121 .
2678 2076 2778 2125 576

586 2157 892 2207 Alexandra
937 2160 1048 2207 vita
1094 2159 1303 2221 functa,
1361 2159 1634 2230 dissensus
1683 2160 1850 2207 oritur
1898 2163 1953 2208 et
1999 2158 2198 2208 bellum
2249 2159 2403 2209 civile
2447 2160 2589 2207 inter

654 2245 963 2309 Hyrcanum
1000 2250 1053 2294 et
1086 2244 1451 2298 Aristobulum
1488 2245 1678 2294 fratres
1726 2282 2574 2295 .............
2677 2248 2780 2297 577

584 2331 868 2395 Hyrcanus
894 2330 1162 2381 fastiditus
1188 2332 1350 2381 vitam
1375 2332 1652 2396 privatam,
1679 2330 1749 2379 ad
1775 2344 1936 2395 quam
1973 2330 2236 2396 agendam
2273 2332 2582 2397 cogebatur,

658 2417 914 2466 auxilium
947 2416 1218 2481 Antipatri
1252 2417 1507 2478 Idumaei,
1546 2418 1714 2481 patris
1751 2416 1984 2466 Herodis
2020 2416 2110 2479 Μ.,
2147 2418 2396 2482 implorat
2424 2456 2434 2466 .
2493 2455 2502 2466 .
2563 2455 2574 2467 .
2693 2445 2760 2453 —

584 2502 765 2552 Rebus
803 2504 1123 2567 perturbatis
1158 2503 1437 2553 Romani
1475 2502 1534 2552 G.
1559 2504 1816 2568 Pompeio
1852 2502 1987 2552 duce
2012 2502 2376 2553 Palaestinam
2412 2505 2585 2567 ingre-

658 2588 872 2639 diuntur
907 2589 1346 2655 Judaeorumque
1381 2590 1600 2639 Domini
1638 2590 1878 2639 evadunt
1934 2627 2573 2639 ..........
2675 2591 2776 2639 577

583 2676 869 2741 Pompeius
908 2677 1079 2741 captis
1115 2677 1517 2741 Hierosolymis,
1555 2678 1813 2726 tributum
1848 2677 2072 2726 Judaeis
2107 2678 2362 2742 imponit.
2423 2715 2433 2726 .
2491 2714 2502 2725 .
2563 2715 2572 2724 .
2675 2677 2777 2725 578

583 2762 764 2812 Julius
803 2762 1003 2812 Caesar
1038 2762 1373 2828 Antipatrum
1419 2764 1758 2828 praefectura
1792 2763 2038 2812 Judaeae
2076 2762 2240 2812 donat
2285 2800 2573 2811 .....
2674 2762 2774 2811 579

582 2848 825 2898 Herodes
863 2848 1131 2914 Antipatri
1167 2848 1309 2898 filius
1347 2850 1667 2915 alienigena,
1715 2849 2078 2898 Romanorum
2124 2849 2309 2897 favore
2359 2863 2451 2896 rex
2486 2847 2582 2897 Ju-

653 2934 820 2984 daeae
858 2935 1173 2985 declaratur.
1210 2937 1285 2985 Et
1317 2938 1395 2985 ita
1430 2938 1581 2986 iuxta
1615 2936 1953 3001 prophetiam
1988 2935 2186 2985 Jacobi
2223 2933 2356 2984 Gen.
2387 2935 2470 2996 49,
2501 2935 2582 2982 10.

653 3025 983 3086 sceptrum
1019 3037 1052 3071 a
1086 3022 1263 3072 Juda
1310 3022 1609 3072 ablatum
1658 3027 1759 3071 est
1792 3057 2571 3071 ............
2673 3019 2774 3068 583

582 3106 827 3156 Herodes
864 3107 1143 3172 Templum
1179 3109 1587 3158 instaurandum
1634 3110 1872 3173 suscepit
1935 3143 2572 3155 ..........
2626 3120 2632 3170 1
2673 3106 2773 3154 501

2354 4575 2455 4626 23*
