3309 5300
1085 395 1223 444 Super
1249 395 1417 434 ratione
1443 394 1607 436 Textus
1634 395 1686 435 N.
1717 395 1764 436 F.
1793 395 1961 436 critica.
2641 386 2764 448 103

274 570 469 633 itaque
508 573 561 618 et
605 568 871 619 similibus
918 569 1145 618 aliorum
1189 568 1464 618 laboribus
1511 574 1736 620 conatus
1783 570 2121 633 exhibentur,
2169 571 2363 636 quibus
2399 572 2633 622 Verbum
2668 573 2772 622 Dei

274 655 343 703 V.
384 655 450 704 F.
490 654 851 720 Archetypum
886 656 1145 720 pristinae
1181 657 1575 719 integritati
1615 657 1955 706 materiali
1993 663 2250 722 quantum
2285 664 2411 723 pote
2447 659 2771 708 restituatur.

276 952 343 1030 ξ.
392 951 501 1015 40.
564 945 805 1010 Libri
848 946 1657 1032 Hagiographorum
1702 947 1784 1012 N.
1833 946 1908 1012 T.
1957 949 2467 1035 autographi
2523 951 2771 1014 inter-

1327 1059 1736 1124 ciderunt.

496 1276 648 1327 Sacri
670 1278 871 1327 Textus
894 1279 1038 1327 Novi
1060 1278 1404 1338 Testamenti,
1443 1277 1512 1326 ab
1549 1278 1681 1343 ipsis
1717 1277 1868 1326 velut
1901 1277 2240 1327 incunabulis
2270 1278 2518 1329 historias
2557 1295 2772 1329 enarra-

274 1366 415 1426 turi,
468 1364 541 1413 ad
578 1365 943 1429 archetypa
978 1393 1040 1400 —
1076 1365 1190 1414 sive
1228 1363 1588 1429 autographa3
1633 1365 1746 1412 sive
1782 1363 2120 1428 idiographa,
2158 1365 2271 1414 sive
2315 1368 2772 1416 ammanuensium

276 1451 406 1499 coll.
426 1451 583 1500 Rom.
606 1453 687 1512 16,
708 1453 790 1499 22.
817 1451 1028 1500 fuerint.
1050 1481 1109 1486 —
1123 1451 1223 1500 Ha
1232 1451 1463 1515 giogra
1472 1450 1740 1515 phorum
1766 1465 2054 1512 recurrere,
2082 1456 2241 1516 atque
2264 1451 2390 1501 hinc
2413 1455 2772 1503 narrationem

280 1537 521 1600 exordiri
560 1537 831 1588 debemus.
868 1537 1171 1602 Archetypa
1206 1537 1489 1586 Librorum
1527 1536 1580 1585 S.
1603 1537 1744 1585 Novi
1781 1537 2106 1586 Testamenti
2145 1538 2470 1602 exemplaria
2503 1540 2609 1588 iam
2647 1539 2772 1589 olim

276 1625 527 1688 periisse,
550 1628 761 1674 constat
781 1625 921 1672 inter
946 1639 1143 1673 omnes.
1169 1624 1233 1673 V.
1253 1641 1305 1688 p.
1328 1624 1409 1672 66.
1447 1622 1726 1683 Quomodo
1753 1638 1879 1686 ergo
1906 1639 1964 1672 se
1988 1622 2236 1673 habuerit
2258 1626 2421 1674 variis
2445 1626 2774 1690 temporibus

278 1711 489 1759 Textus
528 1711 846 1774 originarius
882 1711 947 1759 N.
987 1710 1064 1771 Τ.,
1121 1723 1253 1774 quas
1298 1710 1356 1757 in
1401 1708 1674 1758 nonnullis
1723 1725 1787 1758 ex
1835 1710 2120 1759 occasione
2167 1710 2391 1759 subierit
2436 1713 2773 1774 mutationeS,

278 1811 349 1845 ac
386 1797 585 1861 quibus
622 1795 689 1844 de
726 1797 920 1858 causis,
971 1795 1145 1860 qualis
1182 1795 1415 1860 denique
1461 1811 1557 1860 per
1600 1795 1818 1860 longum
1862 1797 2114 1860 temporis
2161 1801 2388 1845 tractum
2427 1797 2495 1846 ad
2530 1813 2630 1846 nos
2666 1800 2772 1846 iam

278 1883 597 1932 devenerit?
628 1883 693 1932 de
718 1882 821 1932 hoc
845 1881 1212 1932 deficientibus
1250 1882 1707 1947 autographis,
1730 1909 1796 1918 ——
1817 1882 1960 1947 quod
1983 1898 2179 1932 nomen
2205 1882 2364 1931 latius
2391 1885 2680 1948 accipimus
2705 1885 2771 1934 de

279 1969 578 2034 archetypo
619 1985 957 2034 quocunque.
994 1997 1061 2006 —
1096 1970 1429 2034 paucissimis
1474 1970 1603 2018 item
1646 1969 1994 2019 existentibus
2032 1969 2321 2032 codicibus,
2362 1971 2453 2035 qui
2489 1976 2774 2035 assurgant

276 2056 427 2106 ultra
463 2070 665 2104 annum
690 2056 1108 2106 ducentesimum
1140 2071 1303 2120 supra
1326 2055 1691 2105 millesimum:
1728 2055 1873 2104 haud
1897 2055 2052 2105 aliter
2076 2071 2235 2120 quam
2264 2072 2328 2105 ex
2355 2057 2767 2121 allegationibus

278 2145 349 2192 N.
377 2145 443 2193 Τ.
482 2143 629 2210 apud
662 2145 887 2194 Veteres
924 2143 1048 2192 hinc
1082 2143 1208 2193 inde
1245 2144 1471 2208 sparsis3
1511 2147 1604 2191 aut
1643 2158 1709 2192 ex
1743 2143 2078 2192 versionibus
2103 2143 2172 2192 ad
2200 2143 2524 2208 exemplaria
2559 2159 2770 2208 graeca,

280 2247 428 2296 quae
463 2237 592 2280 tunc
627 2231 953 2292 ferebantur,
990 2230 1263 2280 adornatis
1302 2228 1522 2279 definire
1550 2229 1694 2278 licet.
1720 2256 1787 2265 —
1810 2229 1876 2278 E.
1903 2245 1952 2293 g.
1990 2230 2076 2277 Ex
2101 2245 2183 2294 ep.
2214 2231 2326 2279 108.
2356 2245 2398 2278 s.
2433 2231 2764 2295 Hieronymi,

280 2317 353 2366 ad
390 2317 748 2367 Eustochium
784 2317 851 2366 de
882 2316 1077 2366 Joann.
1103 2319 1153 2378 4,
1181 2319 1228 2365 6.
1266 2333 1318 2366 n.
1347 2319 1429 2366 13.
1454 2317 1496 2377 Ι,
1527 2317 1643 2365 703.
1680 2300 1952 2365 testantis:
1993 2314 2252 2378 „Sichem,
2290 2332 2398 2365 non
2434 2321 2495 2366 ut
2530 2317 2772 2382 plerique

278 2409 527 2454 errantes
562 2403 754 2469 legunt
777 2402 1028 2468 Sychar.“
1057 2431 1125 2439 —
1151 2402 1286 2452 Cum
1310 2419 1405 2468 pro
1441 2404 1670 2451 instituti
1706 2403 1873 2452 nostri
1907 2403 2113 2452 ratione
2137 2405 2337 2468 primas
2362 2409 2570 2453 tantum
2592 2405 2772 2453 Histo-

276 2492 399 2539 riae
422 2491 622 2540 Textus
660 2489 714 2538 S.
738 2491 805 2539 N.
834 2490 895 2538 Τ.
932 2490 1123 2552 lineas,
1160 2490 1405 2540 hocloco
1433 2489 1734 2538 describere
1758 2489 1914 2538 nobis
1951 2491 2282 2555 propositum
2317 2491 2410 2553 sit3
2450 2506 2774 2555 exponemus

275 2578 491 2641 paucis,
530 2592 670 2642 quae
706 2577 867 2626 fuerit
890 2577 1123 2626 conditio
1164 2578 1350 2626 critica
1376 2577 1575 2625 Textus
1597 2575 1880 2626 Sacrorum
1905 2576 2246 2626 Voluminum
2270 2578 2335 2626 N.
2361 2577 2422 2626 F.
2461 2593 2558 2642 per
2582 2583 2776 2627 cuncta

274 2665 567 2713 Ecclesiae
594 2664 828 2714 saecula.
868 2664 1117 2713 Omnium
1141 2665 1325 2728 utique
1347 2663 1603 2713 Codicum
1625 2662 1679 2713 S.
1698 2663 1750 2712 S.
1765 2664 1828 2711 N.
1843 2664 1904 2711 Τ.
1931 2665 1976 2712 is
2003 2663 2141 2713 foret
2164 2666 2486 2729 praecipuus
2512 2679 2772 2715 summae-

276 2766 395 2815 que
414 2752 765 2814 auctoritatis,
787 2751 853 2801 de
873 2767 979 2816 quo
1002 2756 1273 2801 constaret
1291 2765 1410 2800 esse
1434 2750 1849 2815 autographum3
1876 2750 2010 2799 tales
2033 2766 2178 2813 vero,
2206 2756 2264 2801 ut
2288 2752 2502 2816 saepius
2529 2752 2770 2814 diximus,

274 2838 395 2886 iam
428 2838 635 2903 pridem
670 2838 804 2887 nulli
838 2843 1126 2903 supersunt
1159 2838 1327 2888 Libri.
1374 2839 1459 2886 Ex
1496 2853 1601 2902 quo
1639 2838 1882 2901 sequitur
1912 2838 2189 2901 interpreti
2224 2838 2600 2887 recurrendum
2626 2854 2769 2888 esse:

278 2924 359 2973 ad
398 2924 679 2974 Codices
726 2925 1142 2990 apographos
1185 2924 1431 2973 Textus
1480 2924 1854 2988 originarii,
1906 2939 2040 2988 quos
2077 2924 2354 2974 emendate
2392 2927 2617 2991 scriptos
2656 2941 2774 2975 esse

278 3016 511 3075 oportet,
551 3013 679 3076 quia
703 3027 857 3061 secus
883 3012 1101 3061 dubium
1123 3011 1387 3060 manebit:
1420 3011 1527 3060 sint
1553 3026 1621 3059 ne
1646 3011 1814 3060 verba
1835 3010 2336 3075 Hagiographorum
2359 3012 2498 3061 bene
2523 3012 2733 3061 reddita
2750 3014 2775 3059 ⁶?

278 3098 430 3146 Hinc
482 3113 668 3147 rursus
720 3098 1033 3164 intelligitur
1088 3097 1140 3146 S.
1188 3099 1489 3146 Literarum
1543 3097 1796 3146 studiosis
1849 3098 2177 3145 notitiam
2239 3098 2554 3147 codicum
2615 3114 2724 3147 ess
2743 3115 2772 3147 e

280 3187 753 3235 necessariam.
799 3186 1055 3235 Veterum
1076 3184 1289 3234 illorum
1315 3200 1380 3233 ex
1404 3184 1707 3249 archetypis
1734 3184 1996 3233 factorum
2032 3184 2411 3249 exemplarium
2447 3186 2690 3250 vestigia,
2717 3187 2773 3233 in

280 3273 501 3336 scriptis
538 3272 595 3321 S.
624 3272 676 3321 S.
702 3273 922 3321 Patrum
948 3278 1001 3321 et
1025 3272 1352 3337 Scriptorum
1374 3272 1878 3321 Ecclesiasticorum
1902 3272 2087 3320 merito
2114 3275 2314 3320 restare
2339 3270 2647 3333 creduntur,
2684 3273 2775 3335 qui

282 3358 484 3409 talibus
510 3359 663 3408 libris
686 3360 772 3409 usi
796 3363 935 3421 sunt,
974 3374 1105 3423 quos
1136 3358 1479 3423 autographis
1506 3359 1745 3423 proxime
1770 3358 2028 3407 accedere
2053 3357 2347 3421 credimus3
2383 3358 2526 3407 unde
2551 3373 2772 3408 necesse

282 3451 372 3495 est
406 3446 473 3495 de
496 3446 688 3497 iisdem
713 3446 1020 3511 disquirere.
1062 3446 1147 3494 Ex
1169 3445 1275 3495 illis
1302 3446 1393 3510 qui
1415 3450 1540 3510 post
1563 3444 2032 3510 Apostolorum
2071 3449 2126 3493 et
2155 3444 2536 3509 discipulorum
2561 3450 2774 3510 aposto-

280 3533 511 3583 licorum
546 3538 759 3598 tempus
798 3533 1093 3582 floruerunt
1127 3547 1170 3581 s.
1207 3549 1249 3582 s.
1287 3532 1599 3581 Patribus
1637 3536 1701 3581 et
1737 3531 2192 3596 Scriptoribus
2227 3531 2774 3595 Ecclesiasticis,

288 3635 519 3685 quorum
556 3619 773 3685 quidem
809 3620 1008 3684 scripta
1043 3635 1073 3668 e
1109 3624 1264 3669 vasta
1298 3624 1535 3668 veterum
1579 3618 2022 3668 monimentorum
2060 3617 2214 3666 clade
2251 3618 2320 3666 ad
2355 3633 2454 3667 nos
2491 3618 2771 3681 devenere,

286 3708 525 3755 omnium
560 3708 761 3772 primus
800 3692 1056 3756 occurrit:
1094 3707 1266 3755 Divus
1304 3704 1628 3768 Clemens,
1667 3704 1829 3755 Urbis
1865 3705 2066 3754 Romae
2094 3733 2158 3739 —
2184 3705 2277 3754 ubi
2306 3706 2474 3769 primo
2513 3706 2772 3770 digestum

286 3809 405 3843 esse
453 3793 730 3843 Canonem
765 3794 831 3843 Ν.
868 3793 931 3843 Τ.
966 3793 1193 3843 vidimus
1243 3809 1293 3858 p.
1333 3795 1415 3843 39.
1456 3820 1513 3829 —-
1554 3798 1607 3842 et
1651 3792 1812 3842 Orbis
1857 3792 2128 3854 Pontifex,
2180 3807 2356 3857 neque
2400 3807 2508 3841 uno
2558 3794 2771 3841 nomine

286 3882 508 3945 primus,
548 3895 591 3929 s.
612 3882 757 3929 Petri
781 3879 1091 3945 discipulus,
1131 3885 1291 3945 atque
1317 3896 1358 3929 s.
1379 3879 1537 3928 Pauli
1570 3874 1815 3947 συνεργὸς.
1856 3878 2084 3944 Philipp.
2123 3880 2172 3939 4,
2200 3881 2248 3927 3.
2305 3878 2390 3927 Ex
2415 3878 2640 3943 epistola
2663 3879 2706 3928 1.
2732 3895 2774 3928 s.

287 3967 583 4017 Clementis
621 3966 690 4015 ad
728 3966 1048 4028 Corinthios,
1085 3983 1194 4017 non
1230 3967 1399 4016 solum
1440 3966 1559 4016 coll.
1598 3982 1642 4015 c.
1681 3969 1762 4016 13.
1800 3984 1852 4032 p.
1881 3967 1962 4015 73.
1998 3966 2359 4015 testimonium
2395 3982 2504 4015 non
2540 3970 2774 4015 contem-

286 4054 525 4103 nendum
578 4053 921 4119 Apostolicae
974 4053 1393 4118 Evangeliorum
1450 4054 1666 4118 originis
1722 4053 1846 4103 elici
1896 4056 2099 4117 potest3
2171 4051 2265 4101 sed
2319 4056 2373 4100 et
2425 4052 2658 4117 allegata
2712 4068 2776 4101 ex

286 4140 551 4206 Apostolo
588 4157 639 4189 v.
678 4156 723 4189 c.
766 4139 934 4189 Hebr.
975 4142 1056 4202 11,
1095 4142 1178 4189 37.
1217 4139 1337 4189 coll.
1377 4156 1423 4189 c.
1463 4142 1543 4189 17.
1580 4156 1631 4205 p.
1673 4140 1754 4189 78.
1809 4140 2034 4189 recitata
2077 4152 2385 4203 comparare
2430 4138 2584 4202 licet3
2636 4154 2776 4204 quae

288 4244 351 4277 eo
390 4228 567 4277 maius
593 4226 803 4292 pondus
827 4226 1042 4289 habent,
1083 4226 1226 4291 quod
1262 4241 1304 4275 s.
1333 4227 1495 4276 Pater
1517 4228 1572 4275 in
1597 4240 1698 4275 sua
1719 4227 1892 4291 prima
1928 4225 2156 4290 epistola
2189 4224 2395 4274 nullum
2430 4225 2621 4274 librum
2649 4240 2776 4291 apo-

286 4315 549 4380 cryphum
584 4317 856 4363 memoret.
885 4343 947 4351 -
975 4313 1057 4363 Cf.
1076 4314 1142 4362 E.
1162 4314 1223 4362 A.
1248 4313 1551 4375 Fromman,
1580 4314 1790 4363 observ.
1829 4313 1898 4361 ad
1921 4314 2191 4377 interpret.
2229 4314 2292 4361 Ν.
2319 4313 2381 4361 Τ.
2409 4329 2474 4361 ex
2500 4311 2773 4362 Clemente

284 4404 350 4451 R.
392 4401 527 4452 Cob.
569 4404 719 4451 1768.
755 4401 951 4451 Ι-ΙΙΙ.
981 4428 1040 4439 -
1072 4400 1124 4451 S.
1161 4401 1491 4467 Ignatius,
1530 4402 1585 4449 in
1622 4399 1861 4465 epistolis
1898 4401 2008 4449 suis
2046 4401 2292 4464 genuinis
2327 4399 2505 4448 nullos
2542 4401 2778 4463 respexit

284 4489 679 4554 supposititios,
717 4488 1019 4538 Canonicos
1054 4503 1181 4537 vero
1218 4487 1412 4537 Libros
1448 4487 1513 4536 N.
1538 4487 1601 4535 F.
1626 4502 1736 4536 non
1771 4488 1945 4535 minus
1971 4500 2131 4551 quam
2168 4485 2220 4535 S.
2246 4486 2361 4535 Pol
2371 4500 2682 4550 ycarpus,
2720 4488 2776 4535 in

284 4577 445 4625 brevi
493 4589 594 4625 sna
642 4576 931 4641 scriptione
980 4575 1049 4624 ad
1094 4574 1467 4640 Philippenses
1503 4572 1788 4639 plerosque
1836 4574 1946 4622 fere
1993 4572 2194 4621 laudat.
2256 4572 2337 4622 Cf.
2375 4571 2441 4621 de
2479 4571 2580 4621 hac
2616 4588 2672 4621 re
2711 4571 2773 4622 G.
