3309 5300
1203 465 1341 515 Leges
1368 463 1525 514 explic.
1554 464 1597 505 S.
1627 464 1893 514 scripturae.
2671 450 2797 517 299

295 641 557 706 loquendi
583 642 765 691 formis
793 646 847 691 et
870 656 911 690 s.
931 640 980 689 d.
1002 639 1378 705 phraseologia
1406 656 1471 690 ex
1489 640 1553 691 V.
1572 640 1636 689 F.
1663 641 1756 703 uti,
1785 641 1916 706 quin
1941 641 2106 689 citare
2130 639 2219 689 vel
2245 638 2478 705 allegare
2505 640 2798 689 intendant.

294 728 365 778 E.
406 744 455 792 g.
493 729 556 777 B.
597 728 659 777 V.
696 728 870 777 Maria
902 729 960 777 in
998 727 1221 777 Cantico
1269 727 1748 792 „Magnificat.“
1798 728 1862 777 V.
1887 728 1957 777 H.
1984 728 2049 777 N.
2078 728 2138 779 Τ.
2177 744 2228 794 p.
2256 729 2304 777 6.
2341 743 2393 776 n.
2421 728 2470 776 2.
2517 726 2799 775 Eiusmodi

296 814 599 864 allusiones
638 814 709 863 ad
742 814 887 863 facta
922 818 977 863 et
1010 830 1280 865 sermones
1305 814 1370 865 V.
1396 814 1459 863 F.
1496 828 1756 878 perquam
1793 814 2099 880 frequenter
2133 812 2545 879 invApocalypsi
2581 814 2800 877 reperiri

296 902 621 951 monuimus.
658 902 727 950 H.
764 902 827 950 R.
864 901 933 950 D.
968 902 1034 951 N.
1072 902 1133 951 T.
1170 918 1221 965 p.
1248 903 1366 951 517.
1426 900 1671 966 Apostoli
1708 905 1761 949 et
1797 899 2178 966 Evangelistae
2215 916 2324 949 non
2360 915 2569 964 semper
2605 915 2794 949 secun-

299 985 431 1035 dum
466 987 777 1037 Hebraeum
813 989 1065 1050 Textum,
1104 988 1199 1037 sed
1234 987 1527 1038 secundum
1566 1002 1838 1059 graecam,
1879 1002 2017 1053 quae
2053 986 2152 1036 τῶν
2188 987 2354 1036 LXX.
2391 986 2550 1051 vulgo
2590 986 2796 1048 dicitur,

296 1075 607 1123 versionem
644 1088 678 1123 a
712 1074 859 1123 fonte
896 1074 1184 1139 originario
1234 1074 1359 1123 hinc
1395 1074 1520 1123 inde
1558 1074 1920 1124 discedentem
1957 1074 2150 1124 citasse
2187 1101 2254 1111 —
2293 1089 2356 1123 eo
2395 1072 2539 1137 quod
2573 1073 2626 1134 ii,
2666 1088 2798 1137 quos

298 1157 528 1224 Scriptis
554 1161 666 1209 suis
692 1159 1001 1210 erudierunt
1035 1175 1262 1225 graecae
1298 1176 1459 1225 quam
1496 1160 1783 1210 hebraicae
1820 1160 2036 1226 linguae
2073 1165 2228 1210 erant
2261 1160 2560 1224 peritiores.
2599 1160 2797 1207 —iam

298 1244 430 1295 olim
468 1246 843 1296 animadvertit
880 1246 933 1296 S.
970 1247 1451 1311 Hieronymus,
1488 1263 1710 1313 prooem
1745 1246 1780 1297 l.
1818 1248 1933 1297 XV.
1973 1262 2158 1297 comm.
2195 1248 2253 1295 in
2287 1246 2484 1295 Isaiam
2519 1245 2612 1307 IV,
2651 1247 2798 1295 625.:

301 1331 568 1382 Crebro
607 1332 861 1382 dixisse
898 1348 990 1382 me
1027 1336 1209 1396 novi,
1247 1334 1617 1399 Apostolos
1656 1340 1722 1383 et
1757 1334 2248 1399 Evangelistas
2283 1333 2681 1397 ubicumque
2722 1332 2798 1382 de

298 1420 545 1469 Veteri
598 1419 1073 1469 Instrumento
1130 1421 1382 1484 ponunt
1433 1418 1908 1482 testimonium,
1963 1422 2020 1469 si
2078 1422 2251 1469 inter
2305 1419 2686 1469 hebraicum
2739 1424 2800 1468 et

300 1507 744 1571 septuaginta
790 1505 975 1555 nulla
1023 1504 1381 1553 diversitas
1430 1504 1543 1567 sit,
1592 1504 1697 1553 vel
1745 1506 1910 1567 suis,
1961 1504 2064 1554 vel
2120 1507 2552 1573 septuaginta
2604 1506 2798 1555 inter-

299 1597 578 1656 pretum
622 1592 861 1641 verbis
906 1594 1007 1641 uti
1052 1591 1325 1642 solitos.
1386 1588 1506 1639 Sin
1552 1595 1777 1640 autem
1823 1590 2034 1641 aliter
2079 1593 2145 1641 in
2181 1593 2422 1642 Veteri
2466 1592 2800 1641 Editione

300 1694 558 1729 sensus
614 1682 744 1739 est,
807 1679 1229 1728 Hebraicum
1281 1678 1528 1742 magis,
1591 1692 1788 1742 quam
1849 1680 2311 1744 septuaginta
2368 1680 2800 1744 interpretes

302 1765 543 1829 sequi.“
584 1766 748 1815 Libro
773 1765 865 1814 IX.
904 1765 972 1813 ad
1009 1766 1078 1815 Is.
1116 1766 1197 1825 29,
1231 1766 1311 1813 16.
1349 1781 1401 1828 p.
1440 1765 1557 1813 396.
1598 1768 1776 1813 autem
1812 1766 2071 1829 praecipit
2106 1782 2148 1815 s.
2183 1765 2413 1815 Doctor:
2450 1765 2526 1814 In
2563 1766 2798 1831 quibus

302 1852 569 1901 cunctis
624 1850 745 1899 illa
794 1866 1048 1916 semper
1097 1850 1517 1901 observanda
1565 1855 1664 1900 est
1711 1850 1968 1915 regula:
2017 1852 2495 1917 Evangelistas
2545 1857 2607 1902 et
2640 1852 2799 1917 Apo-

301 1936 517 1987 stolos
573 1937 825 2002 absque
880 1937 1109 1987 damno
1165 1952 1471 1987 sensuum
1523 1938 2006 2001 interpretatos
2062 1940 2127 1987 in
2177 1939 2500 1989 Graecum
2555 1954 2627 1987 ex
2680 1938 2798 1988 He·

301 2024 535 2085 brae0,
592 2028 661 2072 ut
707 2024 839 2072 sibi
887 2024 1095 2072 visum
1142 2023 1365 2073 fuerit.
1428 2022 1511 2072 cf.
1547 2023 1615 2071 H.
1653 2023 1718 2072 N.
1756 2024 1818 2072 Τ.
1855 2040 1906 2089 p.
1945 2026 2062 2074 269.
2100 2027 2219 2075 462.
2279 2025 2519 2075 Tandem
2567 2025 2798 2089 quinto

304 2115 788 2160 commemorantur
846 2108 1184 2159 historiarum
1238 2110 1301 2159 V.
1355 2109 1418 2159 F.
1480 2110 2056 2172 circumstantiae,
2117 2112 2205 2161 vel
2265 2126 2349 2161 res
2410 2126 2683 2161 connexae
2742 2112 2800 2161 in

302 2196 369 2245 N.
399 2195 481 2258 F„
514 2196 579 2245 de
618 2197 811 2261 quibus
848 2196 1014 2245 altum
1049 2198 1106 2244 in
1142 2196 1205 2245 V.
1244 2196 1305 2245 Τ.
1344 2201 1425 2245 est
1450 2195 1807 2246 ,silentium
1831 2224 1898 2233 -—-
1921 2213 1972 2246 v.
2000 2202 2044 2247 c.
2071 2198 2204 2247 Luc.
2231 2200 2280 2261 4,
2309 2199 2391 2247 25.
2418 2203 2471 2247 et
2493 2198 2612 2247 Jac.
2639 2199 2686 2259 5,
2718 2200 2798 2247 17.

303 2281 429 2332 coll.
466 2283 598 2347 Reg.
639 2282 739 2332 111.
780 2286 861 2345 17,
904 2285 979 2346 1.;
1029 2283 1101 2333 11.
1139 2284 1273 2333 Tim.
1313 2285 1361 2346 3,
1400 2284 1447 2334 8.
1500 2284 1621 2333 coll.
1656 2285 1832 2335 Exod.
1871 2287 1918 2347 7,
1959 2287 2042 2335 11.
2070 2314 2131 2321 -
2159 2300 2298 2350 quae
2335 2300 2402 2334 ex
2439 2284 2799 2334 traditione

305 2368 459 2430 orah’,
498 2368 585 2418 vel
619 2370 929 2419 immediata
964 2366 1275 2419 θεοπνευστία
1308 2370 1653 2421 deducendae
1682 2376 1818 2421 sunt.
1857 2371 1998 2432 Quid
2024 2372 2089 2421 de
2115 2372 2288 2421 citatis
2314 2370 2413 2420 τῶν
2439 2366 2800 2421 ἄθεοπνευστῶν

300 2456 361 2503 in
403 2454 454 2505 S.
494 2454 546 2505 S.
586 2456 922 2505 sentiendum
960 2458 1043 2520 sit,
1098 2458 1438 2521 exposuimus
1474 2458 1545 2507 H.
1580 2459 1645 2507 N.
1683 2458 1744 2506 Τ.
1782 2474 1834 2523 p.
1873 2459 1990 2507 365.
2029 2460 2148 2508 418.
2185 2473 2227 2507 s.
2265 2460 2383 2507 495.

302 2717 367 2794 ξ.
407 2717 547 2781 134.
598 2712 1207 2788 Conclusionum
1252 2715 1332 2781 N.
1366 2715 1440 2779 F.
1490 2738 1585 2779 ex
1628 2714 2020 2799 Allegatis
2052 2715 2132 2782 V.
2165 2715 2242 2780 F.
2289 2717 2406 2780 vis
2455 2703 2544 2781 et
2573 2717 2798 2780 rati0.

517 2907 583 2955 In
618 2906 934 2972 allegatis
985 2906 1037 2958 S.
1077 2907 1129 2958 S.
1167 2907 1299 2956 locis
1337 2909 1449 2956 sive
1488 2908 1557 2958 ad
1594 2908 2061 2958 demonstrandam
2115 2909 2432 2957 sententiam
2478 2907 2798 2972 primariam,

307 2994 424 3042 sive
464 2993 534 3042 ad
572 3008 733 3042 unam
772 3010 836 3043 ex
874 2995 1095 3044 adiectis
1132 2994 1441 3044 adferantur
1475 2995 1804 3058 iudicandis3
1842 3011 1952 3044 non
1987 2999 2191 3044 tantum
2228 3011 2291 3044 eo
2330 2995 2606 3043 advertere
2643 2993 2802 3042 debet

309 3080 580 3144 interpres
619 3082 869 3142 animum,
907 3080 1049 3130 unde
1096 3086 1271 3130 sumta
1306 3083 1447 3131 sint?
1491 3081 1585 3130 sed
1624 3086 1676 3130 et
1713 3081 1977 3146 quomodo
2016 3097 2136 3130 cum
2175 3081 2549 3130 enunciatione
2587 3078 2800 3128 demon·

314 3166 539 3216 stranda
584 3166 935 3230 cohaereant3
984 3172 1039 3216 et
1087 3167 1299 3231 qualem
1348 3167 1587 3216 habeant
1633 3167 1897 3231 probandi
1944 3169 2050 3216 vim
2097 3167 2378 3232 indagare,
2422 3172 2534 3216 tum
2578 3167 2626 3215 si
2661 3181 2800 3230 quae

302 3252 447 3301 sorte
473 3255 947 3317 argumentationis
972 3258 1153 3318 partes
1178 3254 1369 3314 desint,
1396 3254 1689 3304 attendere.
1730 3254 1808 3303 Ac
1842 3254 2044 3318 primo
2077 3254 2476 3318 despiciendum
2503 3257 2600 3314 est,
2625 3257 2801 3301 utrum

310 3337 368 3387 S.
408 3337 710 3404 Scriptor
743 3340 861 3404 ipse
898 3340 1077 3388 aliena
1111 3341 1277 3389 verba
1313 3329 1524 3405 alleget,
1562 3355 1633 3388 an
1669 3340 1860 3404 aliquis
1899 3339 2106 3390 alius?
2143 3341 2190 3388 si
2227 3339 2378 3401 alius,
2417 3355 2598 3388 rursus
2636 3352 2799 3403 quae-

308 3425 551 3487 rendum,
580 3430 754 3474 utrum
780 3427 844 3487 is,
866 3427 1017 3474 cuius
1040 3428 1342 3475 auctoritati
1361 3427 1621 3491 refragari
1646 3426 1797 3476 nefas
1825 3427 1907 3487 sit,
1936 3441 2004 3475 an
2029 3442 2212 3490 secus3
2239 3431 2398 3491 atque
2423 3442 2551 3475 num
2574 3425 2695 3474 ideo
2712 3424 2802 3474 vel

308 3513 486 3561 minus
536 3519 680 3562 recte
720 3526 785 3561 ea
821 3513 1123 3577 protulerit,
1169 3513 1256 3562 vel
1304 3527 1469 3578 prave
1516 3515 1673 3563 etiam
1719 3515 2039 3578 exposuerit.
2101 3513 2376 3562 Eiusmodi
2414 3517 2566 3562 erant
2602 3512 2800 3576 allega·

308 3589 485 3648 tiones
539 3599 870 3648 «Iudaeorum
922 3599 1107 3648 Matth.
1149 3602 1232 3662 17,
1274 3602 1353 3649 10.
1414 3605 1498 3662 „et
1549 3602 2014 3666 interrogaverunt
2067 3615 2188 3649 eum
2244 3599 2488 3666 discipuli
2545 3600 2798 3661 dicenteS,

313 3684 443 3749 quid
467 3701 592 3750 ergo
619 3686 826 3735 scribae
852 3686 1052 3748 dicunt,
1090 3687 1234 3751 quod
1264 3685 1441 3736 Eliam
1468 3692 1679 3751 oportet
1703 3689 1928 3752 primum
1955 3690 2187 3738 venire.“
2229 3687 2309 3738 Of.
2335 3687 2460 3736 Mal.
2487 3689 2536 3749 4,
2565 3689 2614 3736 5.
2639 3687 2708 3735 H.
2734 3687 2798 3736 V.

312 3771 374 3820 Τ.
412 3787 461 3836 p.
490 3771 609 3821 532.
649 3771 704 3820 Si
736 3778 913 3822 autem
940 3772 992 3822 S.
1020 3769 1256 3838 Scriptor
1292 3773 1424 3838 ipse,
1463 3779 1555 3823 aut
1592 3773 1701 3822 alia
1736 3788 1968 3839 persona
2003 3775 2278 3839 inspirata,
2319 3775 2471 3823 cuius
2509 3775 2799 3824 auctoritas

312 3859 616 3907 necessario
654 3854 996 3922 suspicienda
1032 3859 1155 3919 erit,
1202 3860 1259 3907 in
1295 3859 1577 3923 allegando
1625 3864 1895 3909 versetur:
1945 3859 2307 3925 quaerendum
2355 3865 2436 3910 est
2482 3860 2798 3920 secunde,

316 3948 491 3994 utrum
530 3941 601 3993 ad
636 3944 841 4010 aliquid
875 3944 1305 4010 probandum,
1345 3949 1399 3994 et
1434 3960 1666 4010 quonam
1715 3947 2312 4012 argumentationis
2357 3963 2598 4012 genere
2635 3947 2802 3996 verba

317 4031 527 4096 alleget.
591 4031 649 4080 Si
698 4032 924 4096 primum
974 4030 1089 4090 fiat,
1148 4032 1393 4081 dubitare
1447 4033 1730 4097 nequimus
1784 4033 1972 4082 horum
2025 4035 2309 4083 verborum
2361 4033 2802 4102 significationem

315 4117 460 4166 illam
498 4133 641 4180 esse,
681 4119 737 4166 in
764 4133 921 4182 quam
948 4119 1015 4167 ab
1046 4134 1109 4168 eo
1135 4119 1484 4183 accipiuntur,
1515 4121 1606 4184 qui
1632 4134 1699 4168 ea
1725 4120 1939 4185 allegat.
1980 4119 2060 4169 cf.
2088 4121 2212 4169 Isai.
2241 4123 2287 4181 7,
2317 4123 2395 4170 14.
2439 4121 2613 4181 „Ecce
2649 4121 2799 4184 virgo

314 4206 371 4252 in
394 4209 547 4254 utero
573 4203 808 4265 habebit,
837 4210 890 4253 et
914 4202 1085 4268 pariet
1110 4203 1291 4267 filium,
1320 4211 1373 4255 et
1396 4207 1671 4255 vocabunt
1694 4222 1890 4256 nomen
1915 4208 2026 4256 eius
2052 4206 2428 4269 Emmanuel“;
2468 4206 2586 4256 coll.
2611 4205 2798 4255 Matth.

318 4293 363 4354 1,
390 4293 473 4340 22.
502 4293 615 4354 23.;
664 4293 793 4339 item
830 4289 961 4356 Gen.
988 4293 1036 4353 2,
1068 4293 1151 4340 24.
1190 4291 1313 4340 coll.
1349 4291 1537 4342 Matth.
1578 4295 1660 4355 19,
1699 4295 1853 4342 3-6.
1903 4294 1997 4342 Vis
2033 4293 2298 4357 probandi
2334 4293 2577 4358 allegatis
2615 4293 2802 4342 eadem

314 4383 495 4427 manet
518 4379 631 4428 sive
658 4378 915 4428 directa
952 4378 1019 4427 sit
1056 4381 1569 4443 argumentatiO,
1606 4380 1719 4428 sive
1757 4379 2118 4444 indirecta3
2158 4385 2320 4446 atque
2344 4379 2478 4428 illud
2501 4379 2673 4430 solum
2699 4379 2802 4428 hac

313 4467 370 4513 in
394 4481 451 4514 re
474 4465 771 4514 cavendum
800 4470 895 4527 est,
920 4480 988 4513 ne
1014 4480 1228 4515 sensum
1253 4465 1583 4532 spiritualem
1609 4481 1704 4530 pro
1733 4465 1929 4514 literali
1952 4465 2260 4515 habeamus.
2299 4465 2569 4530 Quidquid
2596 4466 2801 4514 roboris

313 4551 372 4600 in
407 4551 911 4618 Hagiographorum
947 4551 1207 4602 similibus
1246 4554 1571 4618 argumentis
1610 4557 1713 4613 est,
1762 4552 1822 4601 id
1858 4567 2013 4601 omne
2051 4554 2106 4601 in
2143 4551 2378 4614 alterius,
2424 4567 2582 4616 quem
2618 4553 2800 4614 citant,

314 4644 523 4704 ponunt
560 4639 903 4690 auctoritate=
943 4639 1139 4688 etenim
1176 4638 1409 4704 allegata
1447 4637 1748 4701 deficerent,
1786 4640 1890 4689 nisi
1928 4638 1998 4690 ad
2026 4638 2240 4690 alterius
2276 4655 2576 4704 provocans
2615 4645 2798 4692 aucto-
