3309 5300
572 417 695 492 146
1283 439 1519 481 Commeat.
1545 439 1597 481 de
1626 441 1669 480 S.
1693 436 1851 492 Script.
1881 447 1974 490 cap.
2005 450 2090 480 sec.
2121 437 2249 481 tract.
2281 432 2334 480 ῘῘ.

778 615 932 676 Quod
977 615 1046 663 ad
1098 615 1284 665 dotes
1330 617 1522 665 attinet
1571 616 1987 678 versionum,
2033 616 2166 664 illud
2215 618 2590 667 observamus:
2640 599 2815 666 bonas
2863 615 3060 666 versio-

572 719 669 751 nes
719 701 935 751 claras
984 707 1037 750 et
1086 709 1438 751 accuratas
1485 719 1602 752 esse
1640 703 1852 752 debere.
1915 703 2154 752 Clarae
2189 708 2250 751 ut
2285 705 2406 772 sint,
2446 703 2704 752 eiusmodi
2741 718 2906 752 voces
2943 701 3060 751 seli-

570 793 763 853 gantur
799 793 1022 853 oportet,
1062 804 1199 852 quae
1234 790 1291 837 in
1328 806 1391 838 eo
1430 790 1688 839 sermonis
1725 805 1937 854 genere,
1977 805 2082 854 quo
2119 791 2380 854 interpres
2416 791 2597 850 utitur,
2638 789 2797 838 facile
2834 788 3062 854 intelligi

570 876 803 939 possint3
842 879 1199 924 accuratae
1238 891 1362 924 vero
1399 864 1679 938 habentur,
1719 877 1764 924 si
1800 877 2090 926 membrum
2127 877 2363 924 membro
2389 877 2466 925 ita
2490 876 2831 942 respondeat,
2871 879 2934 924 ut
2966 891 3064 924 nec

571 961 690 1026 plus
727 977 827 1010 nec
863 961 1035 1011 minus
1072 963 1217 1010 sitin
1244 963 1487 1012 versione
1513 978 1670 1028 quam
1702 963 1756 1010 in
1785 962 2075 1027 archetypo
2104 962 2330 1027 legatur,
2371 962 2562 1010 deinde
2599 962 2806 1012 indoles
2845 977 3062 1027 quoque

573 1048 831 1097 sermonis
882 1047 1070 1097 biblici
1117 1053 1373 1098 servetur.
1432 1050 1518 1098 Ex
1566 1065 1672 1113 quo
1723 1050 1989 1113 sequitur:
2039 1064 2147 1097 non
2195 1050 2480 1098 verborum
2528 1048 2732 1109 modo,¹
2762 1049 2860 1098 sed
2911 1049 3066 1097 etiam

576 1133 788 1182 dicendi
824 1135 1033 1198 generis
1073 1134 1431 1184 diversitatem
1482 1134 1878 1201 exprimendam
1922 1150 2054 1184 esse.
2118 1137 2455 1199 Quamquam
2492 1136 2584 1200 qui
2619 1135 2876 1184 idiotismi
2914 1135 2980 1184 V.
3017 1140 3068 1184 et

578 1219 642 1268 N.
680 1205 749 1268 T.
791 1219 1081 1281 retinendi,
1133 1222 1225 1284 qui
1273 1221 1584 1282 dimittendi,
1634 1237 1788 1269 nemo
1833 1235 2071 1285 unquam
2110 1220 2305 1270 diserte
2343 1221 2609 1283 docuerit3
2661 1225 2744 1270 est
2793 1222 2938 1270 enim
2986 1237 3065 1270 res

581 1307 787 1370 magnis
823 1321 1206 1370 nonnunquam
1244 1308 1478 1356 obnoxia
1514 1307 1944 1369 difficultatibus,
1993 1307 2402 1372 exceptionique
2439 1323 2548 1356 non
2585 1309 2678 1356 uni
2714 1312 2866 1371 patet
2903 1307 3066 1356 locus.

579 1391 697 1451 Quo
752 1391 843 1454 fit,
897 1397 957 1441 ut
1012 1409 1193 1443 omnes
1251 1394 1361 1442 fere
1417 1395 1691 1443 versiones
1740 1409 1838 1442 sua
1886 1393 2122 1443 habeant
2173 1395 2330 1454 vitia,
2382 1409 2604 1458 quorum
2652 1410 2834 1444 rursus
2889 1395 3067 1442 variae

579 1479 843 1544 assignari
868 1485 1094 1544 possunt
1130 1494 1345 1529 causae.
1393 1481 1573 1528 Prima
1609 1481 2036 1545 iinperfectarum
2073 1481 2373 1529 versionum
2401 1494 2566 1530 causa
2590 1482 2645 1528 in
2683 1479 3066 1544 archetypo·

574 1580 709 1614 rum
747 1566 999 1615 mendis
1036 1567 1139 1614 sita
1176 1572 1282 1629 est3
1323 1567 1512 1633 quodsi
1550 1569 1689 1616 enim
1723 1566 1992 1632 exemplar
2028 1567 2170 1616 unde
2207 1566 2634 1620 transferendum
2661 1572 2755 1628 est,
2791 1568 2850 1615 in
2877 1567 3065 1615 mendo

574 1653 761 1714 cubet,
806 1654 1165 1702 necessarium
1215 1655 1427 1702 omnino
1480 1658 1584 1714 est,
1633 1655 1796 1702 etiam
1841 1654 1897 1702 id
1944 1655 1999 1701 in
2048 1654 2347 1703 versionem
2395 1654 2638 1703 transire.
2713 1652 2818 1702 Sed
2868 1653 3066 1702 Textus

576 1740 809 1788 varietas
835 1754 943 1788 non
968 1739 1084 1789 sola
1110 1745 1205 1802 est,
1240 1755 1378 1804 quae
1403 1740 1805 1789 translationem
1831 1738 2100 1788 difficilem
2126 1740 2307 1788 faciat.
2361 1739 2586 1789 Sensum
2613 1739 2665 1788 S.
2693 1739 2744 1789 S.
2770 1738 3066 1804 intelligere

576 1831 795 1891 propter
831 1827 1186 1890 specialem
1222 1827 1490 1893 linguae
1526 1826 1830 1876 Biblicae
1866 1826 2151 1876 indolem
2188 1842 2296 1875 non
2323 1832 2403 1876 est
2428 1826 2564 1875 adeo
2591 1842 2845 1890 pronum3
2886 1825 3066 1876 faciles

575 1913 631 1960 in
680 1925 745 1960 ea
792 1928 849 1960 re
898 1917 1023 1961 sunt
1071 1912 1268 1977 lapsus.
1340 1912 1584 1977 Linguae
1634 1912 1794 1961 huius
1843 1927 1970 1977 prae
2021 1912 2126 1962 alio
2180 1912 2421 1977 quolibet
2465 1913 2720 1962 idiomate
2769 1913 3066 1977 aequivoca

576 1999 727 2059 ratio,
765 1999 1107 2062 interpretem
1141 1999 1196 2046 in
1234 1998 1476 2062 quolibet
1511 2014 1674 2063 passu
1709 2004 2031 2062 remoratur3
2069 2003 2122 2048 et
2157 2013 2352 2064 magna
2388 1998 2608 2048 solertia
2643 2004 2806 2063 atque
2845 2000 3066 2048 circum-

580 2085 854 2149 spectione
881 2085 979 2133 iter
1003 2085 1253 2149 prosequi
1284 2085 1441 2150 cogit.
1495 2085 1720 2134 Omnem
1756 2101 1882 2134 vero
1917 2066 2410 2150 interpretationem
2435 2084 2775 2135 commendat
2811 2084 3066 2150 elegan-

578 2171 694 2232 tia,
745 2186 854 2220 non
901 2170 997 2219 illa
1032 2172 1325 2220 communis
1362 2171 1458 2221 sed
1494 2171 1656 2236 plane
1696 2173 1956 2236 quaedam
1994 2173 2288 2237 propria,
2341 2188 2450 2237 qua
2485 2173 2682 2220 eximia
2716 2173 2772 2221 in
2807 2170 3064 2222 selectum

580 2257 864 2306 verborum
903 2272 1033 2306 cura
1070 2257 1373 2319 adhibetur,
1426 2274 1532 2323 qua
1568 2274 1726 2324 porro
1777 2258 1981 2308 selecta
2028 2259 2319 2310 rectissime
2366 2260 2421 2307 in
2460 2258 2696 2308 ordinem
2743 2259 3065 2324 rediguntur,

536 2411 544 2416 ‚
578 2345 747 2392 omnis
785 2343 991 2392 alienus
1028 2344 1183 2393 fucus
1230 2345 1492 2407 reiicitur3
1533 2350 1585 2394 et
1620 2345 1698 2394 ita
1743 2347 1970 2394 attentio.
2001 2346 2287 2394 Lectorum
2325 2345 2640 2395 conciliatur
2675 2351 2840 2410 atque
2880 2345 3067 2410 figitur.

575 2430 759 2480 Ardua
810 2445 941 2480 sane
994 2447 1081 2481 res
1136 2437 1240 2492 est,
1308 2431 1605 2481 Bibliorum
1663 2431 1716 2480 S.
1772 2432 2078 2493 translatio,
2145 2434 2418 2496 multaque
2471 2433 2528 2480 in
2581 2433 2724 2481 bono
2777 2433 3067 2496 interprete

576 2519 947 2582 requiruntur:
984 2519 1272 2582 praecipue
1310 2522 1653 2584 utramque
1692 2518 1980 2584 linguam
2017 2518 2236 2581 calleat,
2278 2519 2654 2569 eruditione
2691 2519 2836 2569 haud
2875 2519 3066 2568 medio-

578 2605 653 2653 cri
712 2603 936 2669 polleat,
997 2604 1225 2655 accedat
1285 2605 1617 2671 ingenium
1675 2605 1949 2669 cultum,
2005 2605 2320 2655 iudicium
2377 2606 2652 2669 subtile,
2711 2605 2782 2656 ad
2845 2605 3069 2656 classica

578 2691 903 2756 exemplaria
940 2695 1199 2741 exactum.

1020 2952 1079 3030 ξ.
1127 2954 1231 3017 67.
1306 2950 1954 3015 Pentateuchus
2001 2950 2623 3015 Samaritanus.

786 3144 1042 3202 Textum
1086 3146 1631 3204 Samaritanum
1676 3167 1712 3203 a
1756 3146 1974 3204 colonis
2021 3148 2188 3205 novis
2220 3148 2517 3205 Samariae
2548 3167 2760 3205 nomen
2790 3148 3060 3218 traxisse,

584 3268 674 3305 res
718 3253 806 3305 est
852 3249 1155 3307 notissima
1181 3247 1218 3306 1.
1267 3254 1427 3307 Ante
1471 3252 1671 3307 omnia
1705 3250 1772 3307 in
1803 3254 2055 3308 aetatem
2099 3250 2226 3309 sive
2271 3250 2560 3325 originem
2605 3251 2846 3321 Textm,
2901 3256 3068 3327 prout

580 3356 774 3409 exstat
825 3352 891 3409 in
938 3353 1133 3411 Libris
1164 3354 1685 3425 Samaritanorum,
1738 3355 2157 3432 inquirendum
2202 3356 2336 3413 erit.
2412 3356 2552 3412 Tres
2583 3357 2884 3413 habentur
2914 3356 3061 3431 apud

581 3455 814 3513 criticos
844 3457 956 3513 hac
984 3458 1055 3513 de
1085 3477 1147 3513 re
1178 3458 1499 3532 opiniones,
1546 3458 2014 3515 Pentateuchum
2055 3458 2495 3517 Samaritanum
2541 3479 2576 3516 a
2619 3460 2844 3535 Moysis
2895 3478 3066 3515 manu

580 3564 909 3630 exaratum,
957 3562 1265 3638 ipsumque
1310 3563 1451 3619 adeo
1498 3562 1906 3620 authenticum
1951 3563 2254 3638 exemplar
2297 3583 2417 3621 esse
2463 3563 2650 3640 aliqui
2693 3564 3009 3620 sumebant
3025 3558 3064 3619 ².

578 3664 820 3721 Natales
862 3664 1033 3738 longe
1070 3665 1419 3723 recentiores
1450 3666 1752 3740 assignant
1789 3667 2054 3745 plerique
2097 3667 2304 3724 Critici
2335 3669 2512 3724 huius
2543 3666 2820 3741 temporis
2846 3664 2892 3722 3.
2937 3666 2976 3721 J
2977 3685 3066 3722 am

792 3838 827 3901 ¹)
868 3837 1019 3896 Quae
1074 3836 1160 3885 hic
1209 3837 1277 3885 de
1324 3838 1496 3886 Textu
1552 3837 1603 3886 S.
1644 3836 1698 3886 S.
1737 3836 2070 3887 Samaritano
2126 3840 2225 3888 sub
2279 3839 2643 3903 quaestionem
2693 3837 2944 3886 veniunt:
2999 3836 3064 3885 ad

580 3928 895 3985 aetatem,
922 3923 1235 3985 indolem,
1274 3925 1749 3974 auctoritatem
1775 3924 2215 3973 Pentateuchi
2253 3923 2654 3973 Samaritani
2689 3924 2920 3989 eiusque
2945 3924 3065 3973 Ver-

580 4010 760 4060 siones
785 4014 1054 4073 spectant3
1092 4024 1217 4059 nam
1242 4010 1307 4059 de
1333 4009 1788 4059 Samaritanorum
1814 4015 1974 4075 gente
1997 4016 2160 4075 atque
2196 4010 2524 4076 religione
2558 4011 2614 4059 in
2637 4012 2708 4061 H.
2733 4011 2795 4060 Β..
2821 4011 2896 4059 D.
2921 4012 2986 4059 V.
3009 4011 3066 4059 T.

582 4097 688 4145 iam
725 4111 777 4160 p.
815 4096 948 4145 LVI.
985 4097 1152 4145 Lvll.
1191 4101 1245 4145 et
1281 4099 1399 4145 363.
1436 4098 1555 4145 494.
1594 4098 1712 4146 585.
1759 4098 2081 4147 mentionem
2119 4099 2358 4148 fecimus.
2433 4098 2474 4161 ²)
2511 4099 2585 4147 Et
2620 4097 2834 4163 quidem
2872 4098 3066 4161 primus

579 4181 681 4231 hoc
707 4181 990 4231 affirmavit
1012 4183 1063 4232 J.
1088 4182 1407 4245 Morinus,
1432 4183 1489 4231 in
1516 4183 1597 4233 ed.
1625 4184 1742 4233 Vet.
1768 4184 1913 4235 Test.
1940 4200 2046 4234 sec.
2070 4186 2235 4233 LXX.
2261 4185 2384 4233 Lut.
2413 4185 2533 4234 Par.
2561 4186 2710 4243 1628.
2735 4185 2778 4233 Ι.
2805 4184 2874 4233 de
2901 4184 3066 4233 Textu

578 4284 654 4331 gr.
682 4274 735 4318 et
768 4269 914 4317 hebr.
940 4270 1106 4333 praef.
1133 4285 1183 4318 n.
1210 4271 1293 4318 42.
1320 4270 1383 4318 V.
1412 4268 1612 4318 Gomm.
1649 4285 1702 4334 p.
1743 4272 1858 4320 100.
1900 4272 2016 4320 137.
2075 4270 2228 4321 Illius
2264 4271 2492 4335 vestigia
2526 4270 2659 4336 legit
2693 4270 2755 4319 L.
2795 4269 3064 4335 Capellae,

579 4354 705 4405 erit.
744 4355 797 4404 S.
835 4356 933 4417 111,
972 4358 1055 4404 20.
1092 4373 1143 4420 p.
1182 4358 1299 4405 576.
1336 4356 1578 4418 Mazade‚
1616 4372 1708 4407 sur
1743 4354 1912 4421 l’orig.
1951 4356 2018 4406 de
2055 4358 2208 4407 Pent.
2246 4356 2388 4407 Sam.
2428 4356 2630 4407 Genev.
2671 4359 2822 4407 1830.
2871 4363 2924 4407 et
2960 4356 3062 4405 alii.

581 4442 622 4506 ³)
661 4441 743 4490 Cf.
784 4442 835 4491 S.
874 4442 1049 4503 Kohn,
1099 4442 1165 4491 de
1211 4442 1575 4492 Pentateucho
1622 4442 1958 4493 Samaritano
2009 4444 2232 4508 eiusque
2278 4460 2400 4493 cum
2450 4444 2782 4494 versionibus
2834 4443 3062 4509 antiquis

579 4544 735 4577 nexu.
772 4528 940 4578 Bresl.
981 4530 1131 4578 1865.
1170 4546 1221 4594 p.
1262 4531 1309 4578 5.
1370 4528 1505 4579 Cum
1555 4530 1622 4579 ab
1665 4530 1894 4594 Assyriis
1942 4530 2230 4581 translatus
2280 4531 2441 4581 fuerit
2489 4531 2723 4595 populus
2776 4530 3061 4593 Cuthaeus‚

580 4614 765 4665 dicunt
802 4615 1132 4665 sacerdotem
1170 4620 1379 4680 gentem
1418 4616 1872 4667 Samaritanorum
1911 4616 1979 4665 ad
2018 4618 2128 4666 veri
2165 4617 2269 4666 Dei
2307 4616 2505 4667 cultum
2541 4618 2874 4680 formantem,
2917 4618 3062 4667 Libri
