3309 5300
541 420 624 483 66
1227 432 1462 473 Comment.
1493 432 1547 473 de
1574 433 1619 473 S.
1639 432 1851 482 scriptur.
1883 443 1977 483 cap.
2007 432 2133 483 prim.
2162 434 2272 473 sect.
2301 433 2358 473 11.

543 607 671 657 1.ad
710 606 998 668 Romanos,
1037 608 1086 655 2.
1114 606 1416 657 Corinthios
1440 609 1600 673 prior,
1638 610 1687 657 3.
1712 609 1990 673 posterior„
2012 609 2062 657 4.
2090 606 2327 670 Galatas,
2364 610 2412 657 5.
2439 607 2719 672 Ephesios,
2760 610 2807 657 6.
2832 606 3043 673 Philip-

539 708 750 758 penses,
809 695 855 743 7.
895 691 1259 755 Colossenses,
1309 695 1357 743 8.
1393 693 1904 745 Thessalonicenses
1943 695 2101 759 prior,
2158 697 2205 744 9.
2242 696 2520 759 posterior,
2578 697 2660 745 10.
2698 693 3043 744 Timotheum

539 782 699 845 prior,
738 781 819 829 11.
855 780 1132 845 posterior,
1173 781 1252 829 12.
1279 780 1474 843 Titum,
1515 782 1596 830 13.
1633 780 2018 843 Philemonem,
2059 782 2141 831 14.
2167 780 2461 831 Hebraeos.
2504 780 2720 846 Septem
2755 780 3041 845 Epistolae

542 865 877 916 Catholicae:
928 870 974 917 l.
1013 868 1223 930 Jacobi,
1262 870 1310 917 2.
1347 868 1494 917 Petri
1531 870 1692 933 prior,
1731 870 1779 917 3.
1816 870 2091 934 posterior,
2130 870 2178 917 4.
2216 868 2443 917 Joannis
2480 869 2665 933 prima,
2704 868 2752 917 5.
2788 866 3045 917 Secunda

541 956 589 1003 6.
615 954 813 1016 Tertia,
854 956 900 1003 7.
926 954 1118 1004 Judae.
1155 954 1522 1019 Apocalypsis.
1564 954 1815 1004 Ceterum
1838 955 1887 1004 d.
1916 955 2265 1020 Augustinus,
2291 954 2326 1003 l.
2354 971 2399 1003 c.
2425 972 2477 1020 p.
2507 956 2623 1004 799.
2652 953 2930 1018 epistolam
2966 954 3043 1004 ad

540 1038 1047 1091 Thessalonicenses
1073 1032 1357 1107 praeponit
1382 1040 1715 1105 Colossensi3
1743 1046 1801 1099 et⁴
1822 1059 1873 1107 p.
1900 1043 2018 1091 807.
2067 1042 2212 1091 Petri
2236 1047 2517 1107 utramque
2544 1040 2801 1106 epistolae
2825 1041 3040 1091 Jacobi.

746 1127 894 1178 Nulli
940 1128 1259 1191 dubitamus,
1309 1129 1509 1179 Divina
1543 1128 1921 1194 Apostolorum
1955 1130 2297 1190 monimenta,
2347 1134 2407 1177 ut
2442 1143 2688 1193 quaeque
2734 1128 3041 1193 prodibant,

538 1216 812 1265 Ecclesias
857 1215 993 1278 illas,
1043 1216 1237 1282 quibus
1284 1218 1453 1281 primo
1503 1216 1629 1266 data
1678 1222 1802 1266 sunt
1846 1218 1904 1265 in
1955 1216 2181 1266 Codices
2236 1232 2359 1265 suos
2410 1230 2590 1265 sacros
2642 1214 3042 1280 Scripturarum

538 1303 856 1352 Divinarum
904 1303 1173 1367 retulisse3
1229 1308 1340 1352 tum
1386 1319 1568 1353 eorum
1613 1303 1925 1369 apographa
1959 1304 2314 1369 propioribus,
2371 1303 2575 1368 hasque
2629 1304 2857 1351 invicem
2914 1302 3041 1351 aliis

540 1392 978 1441 communicasse.
1015 1392 1087 1454 Et
1122 1392 1199 1440 sic
1236 1390 1419 1441 ordine
1455 1396 1613 1455 prout
1647 1392 2005 1453 innotuerant,
2045 1405 2110 1439 ea
2145 1390 2385 1455 profecto
2424 1404 2553 1439 cura
2588 1389 2859 1455 descripta
2896 1390 3040 1439 ordi-

539 1482 776 1543 nataque
819 1478 1046 1540 fuerant,
1100 1492 1238 1543 quae
1284 1476 1442 1527 fidem
1486 1477 1765 1527 Ecclesiae
1820 1478 2107 1539 nascentis,
2162 1482 2326 1542 atque
2372 1492 2483 1525 una
2526 1476 3037 1542 Hagiographorum

539 1566 888 1614 reverentiam
917 1564 1335 1630 dignitatemque
1362 1564 1603 1614 decebat.
1640 1566 1712 1614 Et
1738 1579 1869 1614 sane
1901 1580 2011 1613 non
2047 1563 2219 1615 solum
2255 1563 2399 1614 haud
2434 1562 2687 1628 proclive,
2726 1563 2823 1612 sed
2858 1579 3043 1629 neque

539 1651 794 1717 possibile
833 1657 962 1714 erat,
1011 1652 1301 1717 quidquam
1339 1652 1482 1717 quod
1518 1652 1585 1701 ab
1625 1652 1927 1717 archetypis
1980 1651 2227 1713 differret,
2276 1652 2333 1700 in
2382 1649 2693 1715 apographa
2736 1650 3041 1713 intrudere3

538 1738 644 1787 illis
682 1739 858 1789 adhuc
893 1739 1038 1804 apud
1071 1740 1340 1804 principes
1380 1738 1633 1788 ecclesias
1670 1740 1726 1787 in
1762 1738 1971 1788 illarum
2008 1739 2251 1788 sacrariis
2288 1740 2583 1787 castissime
2617 1739 3043 1799 remanentibus,

541 1825 611 1875 ad
658 1841 790 1891 quas
837 1841 1131 1892 provocare
1185 1826 1385 1875 liceret.
1457 1827 1760 1876 Periisse
1818 1826 2261 1891 autographa
2305 1824 3045 1890 Apostolorum-moni-

537 1918 752 1962 menta
805 1914 937 1962 iam
987 1917 1145 1963 ante
1195 1911 1247 1961 S.
1296 1913 1791 1976 Hieronymum,
1848 1917 1942 1961 aut
1988 1911 2176 1962 saltem
2222 1913 2316 1963 ubi
2362 1912 2739 1962 delitescerent
2790 1914 3043 1978 ignotum

539 1999 733 2063 fuisse,
769 2000 894 2049 inde
919 2005 1082 2065 patet,
1123 2000 1266 2066 quod
1288 2016 1444 2049 nemo
1470 2000 1608 2049 inter
1634 2000 1687 2049 S.
1713 2001 1773 2049 P.
1814 2004 1867 2049 et
1894 2000 1959 2048 Ε.
1987 1998 2039 2049 S.
2066 2028 2135 2035 —
2158 2001 2206 2049 si
2236 1999 2625 2049 Tertullianum
2649 2000 2848 2061 demas,
2876 2015 3041 2064 quem

539 2088 609 2137 ad
631 2088 682 2137 d.
703 2087 858 2137 Pauli
884 2087 1152 2152 epistolas,
1174 2089 1327 2152 quasi
1350 2089 1408 2136 in
1431 2087 1690 2137 Ecclesiis
1715 2088 1843 2151 ipsis
1871 2087 1939 2136 ad
1965 2102 2097 2152 quas
2124 2087 2281 2136 datae
2308 2087 2535 2149 fuerant,
2562 2072 2832 2136 exstantes
2854 2102 3043 2151 respe-

538 2176 679 2224 xisse
706 2175 931 2223 diximus
955 2192 1007 2239 p.
1028 2177 1112 2224 40.
1138 2202 1205 2245 3-
1223 2173 1434 2223 illorum
1459 2179 1519 2223 ut
1542 2174 1718 2223 adhuc
1742 2175 2084 2239 superstitum
2109 2176 2421 2235 meminerit,
2449 2180 2542 2223 aut
2566 2174 2635 2223 ad
2657 2173 2753 2223 illa
2774 2188 3043 2239 provoca-

538 2264 681 2311 verit.
739 2262 1012 2327 Quidquid
1046 2263 1257 2311 interim
1294 2262 1358 2311 de
1395 2260 1498 2310 hac
1529 2277 1586 2310 re
1624 2262 1707 2323 sit,
1747 2262 1954 2311 etiamsi
1989 2267 2242 2311 mature
2279 2262 2609 2327 perierint
2645 2260 3040 2325 archetypa,

507 2410 510 2414 ¹
541 2348 684 2413 quod
733 2350 1005 2398 saeviente
1042 2350 1234 2398 acriter
1268 2350 1326 2397 in
1372 2348 1422 2397 S.
1463 2348 1761 2413 Scripturas
1798 2350 2196 2413 persecutione,
2247 2365 2355 2398 non
2393 2353 2533 2398 esset
2570 2364 2664 2397 cur
2695 2349 3042 2397 miraremur:

540 2464 607 2471 —
631 2452 681 2485 v.
719 2436 769 2485 J.
806 2435 858 2485 J.
899 2434 1256 2497 Griesbachii,
1309 2450 1554 2485 curarum
1599 2437 1657 2484 in
1704 2435 1979 2485 historiam
2036 2440 2209 2485 textus
2258 2437 2437 2501 graeci
2487 2434 2830 2501 epistolarum
2876 2433 3047 2483 Pauli

541 2538 683 2587 spec.
721 2522 762 2571 1.
789 2527 916 2571 sect.
944 2524 990 2571 2.
1019 2524 1066 2585 ἓ.
1093 2524 1142 2571 4.
1168 2538 1228 2585 s.,
1265 2524 1322 2571 in
1359 2538 1540 2587 opusc.
1579 2523 1731 2572 acad.
1771 2522 1853 2572 ed.
1884 2523 1937 2572 J.
1963 2522 2059 2572 Ph.
2088 2521 2303 2572 Gabler.
2340 2522 2462 2571 Jen.
2491 2523 2641 2571 1825.
2678 2522 2749 2583 Π,
2787 2523 2868 2571 66.
2896 2537 2938 2570 s.
2964 2548 3045 2557 —-

538 2608 698 2676 plane
748 2611 1059 2674 innocua,
1108 2626 1284 2676 neque
1325 2609 1635 2660 vdetrimenti
1686 2609 1975 2677 quidquam
2024 2610 2391 2661 doctrinae
2444 2608 2805 2659 revelatae
2854 2607 3047 2658 attulit

474 2723 480 2729 ·
541 2697 986 2762 autographorum
1015 2698 1331 2748 biblicorum
1354 2700 1576 2748 iactura.
1617 2698 1773 2759 Quod
1797 2698 2012 2763 quidem
2035 2698 2213 2749 multis
2249 2698 2531 2762 probatum
2561 2699 2683 2746 ivit:
2724 2696 2775 2746 S.
2801 2695 3045 2746 Tieffen·

539 2799 647 2847 see,
685 2785 818 2848 disp.
857 2785 923 2834 de
960 2789 1163 2850 autogr.
1210 2785 1339 2834 bibl.
1377 2787 1586 2836 iactura
1631 2787 1712 2835 rei
1760 2786 1867 2834 chr.
1916 2790 1971 2834 et
2016 2787 2237 2834 innoxia
2282 2789 2335 2834 et
2379 2785 2513 2835 utili.
2552 2785 2731 2835 Halae
2768 2785 2839 2832 M.
2880 2785 3043 2833 1743.

538 2889 590 2936 p.
619 2873 700 2920 25.
727 2887 768 2921 s.
820 2872 969 2922 Sicut
1003 2888 1129 2922 vero
1167 2887 1278 2922 non
1314 2873 1491 2922 statim
1527 2873 1726 2937 ubique
1764 2873 2003 2937 gentium
2040 2873 2361 2921 constitutae
2398 2876 2522 2921 sunt
2546 2870 2839 2932 Ecclesiae,
2877 2871 3045 2919 citius

539 2959 826 3022 provinciis
876 2958 1162 3023 aliquibus,
1211 2961 1380 3008 serius
1429 2958 1547 3008 aliis
1585 2959 1654 3008 ad
1689 2957 1814 3008 fidei
1862 2963 2253 3008 sacramentum
2298 2959 2528 3021 vocatis3
2573 2960 2651 3007 ita
2693 2974 2789 3023 pro
2825 2959 3045 3007 ratione

539 3048 835 3110 temporum
872 3050 925 3096 et
958 3045 1196 3096 locorum
1239 3046 1396 3095 modo
1446 3044 1564 3108 hoc,
1601 3045 1759 3095 modo
1804 3044 1937 3096 illud
1976 3062 2041 3095 ex
2082 3045 2394 3111 Evangeliis
2430 3050 2623 3095 nactae
2656 3044 2941 3096 Ecclesiae
2978 3045 3045 3092 in
3112 3111 3119 3114 -

541 3130 767 3182 Codices
805 3147 930 3183 suos
969 3131 1022 3182 S.
1059 3131 1370 3194 retulerunt,
1420 3136 1533 3181 tum
1571 3137 1623 3182 et
1660 3137 1839 3182 cetera
1876 3133 2147 3183 addebant
2181 3132 2582 3198 Hagiographa,
2625 3137 2784 3197 prout
2820 3133 3043 3182 occasio

539 3225 632 3268 aut
658 3219 884 3270 facultas
910 3219 1134 3269 ferebat.
1182 3221 1254 3268 Et
1277 3221 1354 3269 ita
1379 3219 1729 3270 diversimode
1759 3219 1853 3269 illa
1883 3221 1941 3269 in
1966 3221 2077 3270 suis
2104 3218 2491 3284 exemplaribus
2528 3219 2813 3285 legebant„
2845 3217 3044 3267 Orien-

484 3331 490 3335 -
537 3305 725 3355 talium
761 3307 974 3372 quidem
1003 3306 1257 3372 plurimas
1287 3307 1560 3358 Ecclesias
1597 3308 1789 3356 seriem
1834 3306 1997 3369 illam,
2036 3321 2144 3372 qua
2178 3307 2334 3356 modo
2374 3307 2461 3356 edi
2508 3305 2682 3356 solent
2715 3305 3041 3370 Evangelia,

541 3409 605 3441 ex
642 3393 923 3443 traditione
960 3398 1252 3460 acceptam,
1291 3399 1502 3443 secutas
1537 3395 1713 3443 innuit
1751 3393 2026 3459 Origenes,
2066 3394 2209 3459 apud
2243 3376 2539 3443 Eusebium
2562 3393 2632 3442 H.
2660 3393 2725 3442 Ε.
2752 3393 2842 3454 VI,
2868 3394 2952 3440 25.
2982 3409 3042 3456 p.

540 3481 690 3543 226.;
715 3495 853 3545 quae
879 3483 1042 3531 series
1066 3486 1256 3546 postea
1281 3481 1330 3530 d.
1359 3481 1687 3544 Hieronymo
1711 3482 1966 3531 Latinum
1989 3481 2054 3529 N.
2075 3481 2136 3529 T.
2162 3482 2504 3545 interpretem
2529 3484 2858 3542 recensente,
2888 3479 3045 3544 apud

541 3566 916 3618 Occidentales
955 3569 1115 3617 etiam
1150 3567 1424 3618 Ecclesias
1461 3568 1701 3618 obtinere
1740 3569 1896 3633 cepit.
1943 3567 2141 3616 Verum
2178 3568 2530 3631 antiquissimi
2566 3566 2769 3631 aliquot
2806 3553 3044 3615 Codices

538 3654 720 3704 Latini
755 3671 864 3704 non
899 3659 1211 3720 temporum,
1249 3655 1345 3705 sed
1381 3656 1697 3720 scriptorum
1735 3654 1920 3704 habita
1955 3655 2163 3704 ratione
2198 3659 2319 3719 post
2344 3670 2385 3703 s.
2412 3668 2454 3702 s.
2478 3653 2826 3716 Matthaeum,
2863 3653 3041 3703 Joan-

540 3758 678 3804 nem,
715 3747 836 3807 post
858 3742 1079 3804 Lucam,
1114 3741 1356 3792 Marcum
1385 3742 1602 3792 habent.
1655 3740 1737 3791 Cf.
1758 3740 1859 3790 Ph.
1889 3741 2143 3804 Garbelli,
2182 3757 2265 3804 ep.
2304 3741 2370 3790 de
2408 3741 2590 3790 codice
2615 3738 3043 3804 Evangeliorum

537 3829 810 3891 Brixiano,
845 3831 902 3877 in
937 3829 1226 3895 prolegom.
1263 3830 1315 3879 J.
1351 3829 1652 3891 Blanchini,
1692 3829 1760 3878 ad
1794 3828 2233 3894 Evangeliarium
2271 3827 2602 3893 quadruplex
2636 3827 2865 3876 Latinae
2901 3827 3043 3876 Ver-

543 3918 706 3966 sionis
743 3917 1012 3980 antiquae.
1066 3916 1218 3965 Rom.
1261 3919 1410 3966 1748.
1446 3917 1490 3978 I,
1531 3918 1611 3966 16.
1650 3932 1693 3965 s.
1751 3916 1981 3966 Actuum
2015 3915 2164 3965 locus
2207 3919 2329 3980 post
2362 3914 2665 3980 Evangelia
2708 3915 3043 3963 certissimus

541 4006 649 4065 est3
687 4004 790 4052 nisi
827 4002 970 4068 quod
1004 4003 1270 4052 interdum
1305 4007 1428 4068 post
1463 4002 1719 4052 Paulinas
1744 4031 1811 4039 ——
1838 4019 1883 4052 e.
1917 4019 1967 4068 g.
2003 4005 2061 4051 in
2087 4002 2283 4052 Codice
2319 4001 2605 4065 Sinaitic03
2642 4003 2875 4066 itemque
2914 4005 3059 4066 post.

543 4088 850 4140 Catholicas
889 4088 1142 4154 epistolas
1180 4089 1506 4155 disponatur.
1556 4090 1620 4139 V.
1649 4090 1709 4139 C.
1735 4089 2092 4139 Tischendorf
2110 4090 2175 4139 N.
2202 4090 2262 4138 T.
2290 4105 2366 4154 gr.
2406 4104 2473 4137 ex
2500 4088 2757 4138 Sinaitico
2798 4086 2857 4137 C.
2883 4088 3041 4152 Lips.

542 4177 692 4226 1865.
727 4176 860 4242 prol.
905 4193 956 4242 p.
996 4177 1242 4226 LXXIII.
1281 4179 1399 4226 452.
1471 4176 1556 4225 Ita
1602 4177 1761 4226 etiam
1804 4177 1861 4225 in
1906 4177 1989 4226 ed.
2030 4175 2167 4225 Bibl.
2204 4176 2325 4240 Lat.
2364 4177 2495 4224 Ven.
2534 4174 3043 4224 MCCCLXXVIII.

540 4267 594 4312 et
632 4264 782 4313 1480.
819 4267 942 4328 post
976 4263 1232 4314 Paulinas
1271 4262 1618 4313 collocantur.
1644 4292 1712 4298 —
1740 4263 1845 4324 Qui
1880 4279 2008 4312 vero
2045 4268 2168 4329 post
2196 4262 2361 4312 Actus
2399 4261 2549 4311 locus
2588 4265 2684 4324 est,
2721 4263 2767 4310 is
2804 4261 2963 4310 modo
3006 4277 3043 4310 a

538 4349 779 4414 Paulinis
817 4351 971 4401 modo
1010 4365 1044 4400 a
1081 4350 1370 4400 Catholicis
1409 4350 1646 4416 epistolis
1684 4355 2002 4415 occupatur3
2052 4351 2109 4398 in
2156 4351 2539 4414 antiquissimis
2589 4365 2723 4414 quos
2773 4349 3040 4399 habemus

539 4439 1116 4503 praestantissimisque
1166 4422 1436 4488 codicibus
1490 4438 1893 4503 manuscriptis:
1948 4438 2209 4487 Vaticano
2227 4474 2240 4499 ,
2293 4436 2655 4486 Alexandrino
2672 4473 2685 4498 ,
2742 4436 3041 4502 Ephraemi

488 4557 496 4568 .
542 4523 661 4588 Syri
719 4527 976 4592 rescripto
994 4562 1009 4588 ,
1069 4525 1308 4591 epistolis
1371 4525 1661 4575 Catholicis
1721 4525 1864 4590 prior
1922 4523 2072 4573 locus
2134 4540 2417 4574 concessus
2480 4529 2587 4587 est3
2650 4540 2771 4573 cum
2824 4525 3041 4573 interim

538 4611 795 4664 Paulinas
842 4629 904 4662 eo
952 4611 1070 4662 loco
1109 4630 1214 4679 quo
1253 4612 1499 4677 Vulgata,
1547 4615 1825 4662 recenseat
1858 4612 2145 4674 Eusebius,
2192 4627 2233 4661 s.
2272 4628 2313 4662 s.
2350 4612 2507 4670 P.‚P.
2548 4617 2601 4662 et
2638 4611 2692 4662 S.
2728 4613 2793 4661 E.
2830 4611 3035 4673 Latini,
