3309 5300
543 431 667 496 144
1266 448 1499 490 Commeat.
1530 445 1584 489 de
1612 447 1656 489 S.
1679 444 1837 498 script.
1867 459 1961 500 cap.
1983 461 2068 490 sec.
2099 447 2225 503 tract.
2254 445 2310 490 11.

888 675 947 754 ἓ.
998 674 1102 740 65.
1167 672 1386 753 Quae
1435 676 1539 738 sit
1582 674 2058 738 Versionum
2105 673 2171 738 S.
2222 674 2287 738 S.
2336 675 2663 740 utilitas.

744 829 824 878 Ne
854 835 1051 880 temere
1077 836 1307 895 vagetur
1332 833 1519 893 oratio,
1556 832 1611 879 in
1636 832 1897 896 principio
1923 832 2245 881 monendum
2285 832 2733 884 declarandumve
2771 838 2878 884 est:
2916 850 3044 885 nos

536 917 813 965 omnium
851 918 1108 966 minime
1150 917 1489 968 Historias
1528 915 1808 966 omilium
1846 919 2262 980 Versionum,
2314 933 2449 983 quas
2494 920 2706 970 diversa
2741 926 2921 971 aetate
2959 921 3041 970 ab

535 1017 855 1068 unaquaque
892 1004 1112 1054 natione
1149 1009 1462 1068 procuratas
1507 1005 1782 1066 habemuS,
1829 1010 2190 1068 enarraturoS,
2230 1006 2402 1070 deque
2438 1007 2504 1054 iis
2541 1009 2860 1056 sententiam
2897 1008 3044 1056 latu-

536 1103 641 1138 ros.
702 1089 839 1138 Nam
866 1091 984 1155 quis
1023 1095 1163 1140 esset
1200 1091 1411 1140 dicendi
1459 1089 1615 1141 finis‘?
1665 1091 1932 1156 „Lybici
1979 1092 2146 1142 velit
2195 1094 2507 1158 aequoreis
2555 1093 2723 1143 idem
2773 1095 3044 1144 discere

541 1189 727 1240 quam
774 1176 1019 1225 multae
1067 1177 1363 1242 Zephyro
1411 1179 1762 1227 turbentur
1809 1181 2110 1228 arenae!“
2176 1179 2283 1229 Sed
2329 1179 2563 1229 illustres
2607 1184 2839 1242 tantum,
2891 1195 3042 1246 quae

538 1264 727 1327 priscis
769 1268 910 1313 retro
942 1264 1173 1314 saeculis
1199 1265 1567 1314 auctoritatem
1604 1269 1729 1315 sunt
1759 1266 2003 1331 adeptae,
2040 1268 2507 1332 interpretationes
2545 1267 3041 1329 considerabimus3

540 1364 741 1414 easque
779 1351 924 1414 ipsas
961 1366 1069 1400 non
1106 1353 1337 1416 copiose,
1378 1352 1521 1416 quod
1557 1351 1786 1401 hominis
1819 1369 1952 1418 opus
1989 1353 2126 1403 foret
2151 1355 2260 1403 otio
2299 1354 2638 1416 abundantis,
2676 1354 2772 1403 sed
2809 1355 3041 1404 strictim

538 1435 908 1486 delibabimus.
967 1438 1299 1488 Vernaculas
1338 1440 1662 1488 recentiores
1700 1443 1753 1488 et
1789 1442 2196 1502 recentissimas,
2234 1443 2361 1490 item
2399 1440 2658 1490 editiones
2696 1441 3034 1506 polyglottas

534 1523 845 1588 appendicis
899 1526 1171 1588 perbrevis
1229 1526 1436 1574 ratione
1491 1527 1828 1590 attingemus.
1901 1526 2302 1576 Utilitatem
2350 1543 2476 1577 vero
2535 1544 2564 1577 e
2611 1529 2954 1578 Versionu
2971 1545 3033 1577 m

533 1610 856 1660 Historiis
906 1611 1251 1676 multiplicem
1298 1613 1420 1676 capi
1467 1628 1627 1677 posse
1678 1614 2068 1663 existimamus:
2121 1629 2164 1661 α.
2215 1613 2553 1676 Criticam3
2605 1630 2726 1663 cum
2775 1615 2842 1663 ab
2892 1617 3032 1664 artis

536 1698 755 1746 criticae
809 1699 992 1762 peritis
1049 1698 1246 1747 dudum
1300 1700 1583 1764 probatum
1638 1701 1731 1761 sit,
1796 1717 1826 1749 e
1880 1700 2319 1750 translationibus
2379 1715 2542 1765 saepe
2596 1701 2738 1750 haud
2801 1703 3040 1752 obscure

534 1785 717 1849 colligi
756 1786 843 1846 „si
893 1785 967 1834 de
1014 1785 1149 1834 fide
1197 1786 1664 1850 eriemplarium
1714 1787 2018 1851 quaestio
2062 1791 2466 1837 verteretur“
2510 1816 2572 1824 —
2611 1804 2652 1837 s.
2680 1787 3038 1853 AugustinUS,

534 1887 579 1920 c.
627 1872 812 1921 Faust.
862 1871 953 1932 XI,
1002 1873 1050 1920 2.
1099 1889 1149 1937 p.
1195 1873 1313 1922 219.
1364 1890 1456 1936 ——3
1512 1874 1639 1938 quid
1679 1875 1956 1938 interpres
2010 1874 2260 1938 antiquus
2314 1875 2370 1922 in
2423 1890 2519 1923 suo
2574 1878 2786 1924 vetusto
2843 1875 3039 1924 codice

533 1957 757 2022 legerit?
818 1958 988 2018 Quam
1027 1959 1235 2023 quidem
1278 1959 1561 2009 utilitatem
1598 1975 1664 2010 eo
1700 1960 1902 2024 largius
1940 1959 2167 2009 afferunt
2204 1961 2506 2022 Versiones,
2554 1977 2659 2026 quo
2697 1965 2824 2011 sunt
2857 1962 3037 2026 magis

534 2043 604 2093 ad
657 2045 878 2094 verbum
932 2044 1125 2095 factae.
1200 2045 1306 2096 Sed
1355 2043 1399 2111 β.
1451 2048 1609 2095 etiam
1664 2047 2242 2096 Hermeneuticam
2295 2047 2497 2096 habent
2543 2048 2831 2097 Versiones
2885 2047 3038 2097 utili-

531 2135 711 2180 tatem.
760 2132 964 2181 Juvant
1001 2136 1443 2182 commentatores
1469 2134 1525 2181 in
1558 2133 2006 2198 explicationibus
2043 2149 2252 2195 vocum,
2294 2149 2427 2198 quas
2466 2129 2654 2195 ,ἅπαξ
2690 2129 3036 2202 λεγόμεναι(

534 2218 730 2268 dicunt.
782 2218 1236 2270 Consuetudinem
1264 2220 1518 2285 loquendi
1542 2222 1598 2268 in
1622 2220 1688 2270 N.
1714 2221 1777 2269 T.
1815 2235 2062 2285 graecam
2090 2237 2155 2270 ex
2179 2222 2342 2269 LXX.
2383 2220 2610 2286 aliisque
2647 2221 3036 2286 interpretibus

531 2307 737 2370 graecis
777 2306 1204 2371 cognoscendam
1246 2323 1379 2369 esse,
1419 2308 1751 2356 notissimum
1788 2307 2029 2357 habetur.
2081 2308 2223 2368 Quid
2260 2307 2403 2372 quod
2430 2309 2486 2355 in
2511 2308 2763 2356 Veterum
2799 2307 3036 2356 transla-

534 2393 769 2442 tionibus
806 2394 1198 2442 traditionis
1249 2394 1527 2443 cuiusdam
1576 2395 1964 2458 exegeticae
2012 2395 2411 2442 monimenta
2447 2393 2729 2459 diligenter
2767 2408 3036 2459 quaeren-

532 2481 691 2542 tibus,
730 2480 874 2530 haud
924 2483 1119 2546 exigua
1167 2482 1403 2530 eiusdem
1450 2483 1682 2531 stamina
1723 2485 1972 2546 pateant3
2019 2495 2157 2546 quae
2208 2496 2270 2530 eo
2320 2482 2487 2530 tutius
2538 2481 2792 2530 adhibere
2838 2496 3034 2544 possu-

447 2618 453 2625 ,
532 2582 665 2629 mus,
706 2584 811 2632 quo
839 2570 1137 2618 remotioris
1176 2574 1300 2618 sunt
1337 2571 1544 2618 aetatis.
1593 2569 1883 2618 Praeterea
1918 2585 1964 2635 γ.
2003 2584 2069 2617 ex
2102 2568 2418 2618 Versionum
2442 2568 2690 2617 Historiis
2729 2567 3036 2616 illustratur

533 2656 833 2705 Historia
869 2656 1373 2706 Ecclesiastica.
1425 2658 1713 2705 Enimvero
1743 2658 1836 2705 ubi
1861 2661 2104 2705 recenter
2128 2658 2252 2705 novi
2278 2656 2480 2721 populi,
2520 2656 2576 2703 in
2605 2670 2767 2704 unam
2804 2655 3035 2704 adunati

532 2747 657 2791 sunt
703 2744 1031 2805 Ecclesiam,
1090 2760 1211 2793 mox
1266 2746 1426 2793 etiam
1477 2746 1533 2793 in
1587 2746 1824 2808 ipsorum
1873 2744 2084 2808 linguas
2140 2744 2413 2793 versiones
2471 2741 2524 2791 S.
2563 2742 2616 2791 S.
2655 2742 2716 2791 L.
2756 2742 2820 2791 L.
2859 2743 2927 2792 U.
2967 2744 3032 2792 F.

534 2830 827 2880 adornatae
865 2835 1014 2893 sunt3
1065 2834 1124 2879 ut
1172 2831 1306 2880 adeo
1344 2831 1722 2880 translationes
1759 2831 1895 2879 istae
1941 2830 2160 2879 totidem
2209 2832 2315 2880 sint
2360 2830 2619 2895 trophaea
2666 2831 3031 2890 victoriarum,

534 2932 668 2981 quas
704 2917 825 2965 Lux
860 2916 1144 2981 Evangelii
1181 2917 1245 2966 de
1287 2918 1520 2966 tenebris
1560 2916 1806 2966 ethnicae
1843 2907 2244 2981 superstitionis
2273 2916 2470 2965 retulit.
2527 2917 2779 2981 Denique
2817 2922 3036 2981 praeter

534 3009 856 3054 momentum
911 3004 1217 3053 historicum
1272 3005 1385 3053 iure
1442 3004 1738 3067 meritoque
1795 2991 2120 3053 adscribitur
2172 3004 2522 3053 versionibus
2579 3002 2621 3051 ὃ.
2681 3003 3032 3067 ethnogra-

534 3092 810 3157 phicum.
862 3091 1020 3156 Apud
1043 3092 1313 3157 plurimas,
1352 3092 1605 3156 imprimis
1642 3091 1920 3152 barbaras,
1950 3092 2196 3139 nationes
2223 3105 2256 3139 a
2279 3090 2718 3141 translationibus
2745 3090 2800 3141 S.
2825 3090 3031 3139 Biblio—

534 3194 648 3228 rum
698 3180 885 3243 incipit
921 3194 1062 3228 nova
1098 3193 1226 3227 aera
1273 3178 1632 3239 educationis,
1682 3177 1980 3239 civilitatis,
2030 3182 2188 3241 atque
2226 3177 2481 3227 culturae.
2549 3178 2836 3227 Versiones
2884 3177 3031 3226 haud

534 3280 653 3315 raro
692 3268 865 3330 prima
901 3267 1115 3315 iacuere
1152 3267 1358 3314 semina
1394 3266 1734 3313 Literaturae
1781 3264 2094 3327 nationali83
2143 3265 2292 3313 cuius
2340 3264 2610 3313 obiectum
2656 3264 3032 3329 dignissimum

534 3358 650 3403 erat
687 3354 965 3403 Verbum
1003 3354 1140 3402 Dei.
1192 3354 1365 3413 Quam
1402 3353 1471 3402 ob
1512 3366 1731 3402 causam
1768 3352 2112 3401 vehementer
2149 3356 2342 3414 errant,
2382 3353 2474 3416 qui
2509 3352 2776 3402 Historias
2813 3352 3030 3401 Versio-

534 3455 659 3489 num
696 3440 989 3506 negligunt,
1030 3440 1116 3489 vel
1154 3441 1323 3489 obiter
1359 3441 1738 3505 perstringunt.

644 3736 647 3740 .
724 3685 783 3763 ἓ.
832 3686 935 3750 66.
998 3682 1500 3747 Versionum
1548 3681 1614 3747 S.
1665 3681 1730 3747 S.
1777 3682 1859 3747 U.
1907 3682 1983 3746 F.
2030 3682 2392 3768 partitio
2441 3690 2521 3745 et
2564 3678 2830 3747 doteS.

744 3857 919 3907 Variis
972 3858 1143 3919 modis
1198 3859 1526 3909 considerari
1580 3862 1806 3923 possunt
1861 3858 1913 3907 S.
1962 3856 2258 3906 Bibliorum
2309 3858 2623 3921 Versiones3
2680 3856 2768 3906 vel
2815 3858 3026 3907 ratione

534 3949 918 4011 temporum,
947 3947 1141 4010 quibus
1166 3944 1383 4007 fiebant,
1411 3950 1463 3995 et
1488 3946 1565 3995 sic
1592 3946 1909 4010 antiquae
1936 3949 1988 3994 et
2013 3959 2247 4008 novae3
2280 3944 2364 3993 vel
2389 3945 2594 3994 ratione
2620 3944 3026 4009 linguarum,

534 4034 590 4082 in
627 4048 760 4098 quas
798 4037 1179 4082 convertuntur
1213 4032 1322 4094 illa,
1362 4038 1413 4081 et
1449 4033 1524 4082 sic
1560 4036 1684 4080 sunt
1721 4033 2054 4096 antiquae
2101 4030 2359 4093 Graecae,
2399 4030 2742 4093 chaldaicae,
2787 4031 3024 4079 Latinae

536 4137 580 4171 e.
618 4138 660 4171 s.
697 4137 778 4185 p.;
826 4120 965 4170 aliae
1002 4136 1129 4170 vero
1167 4120 1415 4184 vulgares
1452 4120 1764 4183 praesertim
1801 4133 1865 4167 ac
1901 4118 2317 4167 vernaculae.
2376 4117 2608 4167 Ratione
2643 4118 3025 4179 Librorum,

536 4208 628 4272 qui
666 4212 1072 4270 convertuntur3
1122 4211 1175 4255 et
1210 4208 1287 4256 sic
1323 4205 1408 4255 vel
1446 4211 1596 4255 sunt:
1646 4205 1996 4271 generales
2033 4205 2326 4269 Utriusque
2363 4204 2646 4266 FoederiS,
2696 4204 2784 4254 vel
2819 4222 2856 4269 p
2873 4206 3024 4254 arti·

536 4294 824 4356 culares,
874 4295 1158 4343 Librorum
1198 4292 1513 4358 aliquorum.
1573 4292 1776 4342 Habito
1830 4296 2075 4357 respectu
2123 4292 2334 4341 fontis
2384 4292 2783 4357 distinguuntur
2816 4293 2875 4340 in
2910 4308 3024 4341 ver-

536 4384 715 4431 siones
742 4381 1179 4441 immediatas,
1208 4395 1345 4445 quae
1374 4396 1437 4429 ex
1461 4380 1577 4444 ipso
1604 4380 1778 4428 Textu
1807 4380 2092 4445 originario
2118 4380 2475 4444 parabantur3
2509 4383 2562 4427 et
2586 4380 2642 4427 in
2677 4378 3023 4440 mediatas‚

536 4484 675 4533 quae
724 4485 789 4518 ex
838 4468 946 4518 alia
989 4468 1248 4517 Versione
1296 4467 1471 4515 factae
1520 4472 1657 4517 sunt.
1720 4466 1908 4516 Relate
1957 4467 2026 4515 ad
2075 4481 2257 4515 usum
2307 4467 2412 4516 duo
2461 4466 2779 4515 Versionum
2827 4479 3026 4531 genera

536 4556 736 4605 attendi
776 4556 999 4618 debent3
1038 4570 1202 4604 unum
1229 4553 1371 4618 quod
1408 4553 1674 4617 publico
1713 4556 1836 4604 usui
1872 4555 2270 4616 destinatur,
2310 4554 2536 4603 alterum
2562 4553 2706 4618 quod
2743 4553 3022 4617 privato.

534 4642 686 4691 Haec
738 4643 1067 4708 seiungenda
1114 4658 1259 4705 esse3
1310 4646 1363 4691 et
1407 4656 1492 4691 res
1547 4642 1669 4706 ipsa
1715 4642 1976 4707 loquitur,
2015 4648 2067 4692 et
2112 4645 2520 4707 praeceptorum
2568 4642 2782 4705 utrique
2845 4641 3024 4705 generi
