3309 5300
486 393 617 458 334
1170 405 1403 447 comment.
1432 405 1487 445 de
1516 406 1560 447 S.
1580 404 1791 456 scriptur.
1820 414 1916 455 cap.
1943 404 2046 445 tert.
2077 404 2184 445 sect.
2215 404 2270 444 11.

489 584 659 643 Orbis
690 587 863 643 urbes
894 587 1234 659 pervaserat
1262 603 1369 659 per
1398 583 1569 656 viros,
1602 584 1704 661 qui
1729 602 1830 658 spe
1853 582 2004 641 lucri
2029 582 2463 653 alliciebantur,
2496 586 2565 639 ut
2594 601 2724 639 cum
2749 581 2982 639 Guten-

488 689 690 763 bergio
735 688 1023 747 societatis
1082 688 1320 747 foedera
1374 688 1691 750 sancirent.
1771 668 2101 763 Singularis
2157 690 2356 745 autem
2400 686 2464 743 in
2511 686 2696 743 omnis
2742 684 2984 760 generis

487 793 761 861 scientias
806 791 1164 866 theologicas
1209 792 1430 850 exarsit
1475 812 1651 864 amor,
1699 811 1734 849 a
1779 811 1894 869 quo
1943 790 2165 849 Summi
2205 790 2520 849 Pontifices
2566 794 2628 873 et
2670 789 2984 865 Principes

489 896 839 956 auctoritate
871 900 931 955 et
960 895 1321 955 liberalitate
1359 916 1466 953 sua
1494 882 1918 972 promoverunt
1961 915 2248 954 novarum
2287 894 2652 953 scholarum:
2700 892 2986 952 videlicet

487 1002 1038 1073 Academiarum
1082 1002 1207 1060 sive
1236 1000 1826 1059 Universitatum
1855 1001 2225 1072 institutum3
2271 1001 2430 1057 unde
2462 1003 2550 1057 tot
2579 999 2693 1056 viri
2725 998 2782 1055 S.
2816 999 2986 1056 Lite-

488 1126 689 1163 rarum
711 1104 1089 1163 eruditissimi
1114 1104 1407 1163 exierunt.
1437 1106 1474 1163 J
1476 1126 1569 1163 am
1601 1104 1924 1163 Clemens
1955 1108 2020 1164 P.
2048 1106 2118 1163 V.
2141 1104 2484 1162 salutariter
2504 1104 2790 1179 providit:
2821 1102 2986 1160 utin

488 1211 768 1281 RomanO,
804 1208 1137 1279 Parisiensi,
1184 1208 1524 1279 Oxoniensi,
1558 1208 1914 1267 Bononiensi
1947 1213 2008 1267 et
2038 1208 2399 1267 Salamitano
2429 1208 2623 1266 studio
2655 1210 2988 1265 teneantur

488 1314 603 1372 viri
664 1312 938 1371 catholici
1002 1314 1287 1371 habentes
1347 1312 1704 1383 Hebraicae,
1767 1314 2055 1371 Arabicae
2117 1319 2176 1371 et
2235 1312 2583 1371 chaldaicae
2636 1312 2986 1386 linguarum

496 1418 799 1489 notitiam3
846 1418 1183 1475 earumdem
1227 1416 1505 1491 peritiam
1550 1416 1810 1475 studiosa
1839 1416 2228 1475 instructione
2257 1418 2322 1474 in
2353 1417 2496 1475 alios
2541 1417 2986 1485 transfundere,

490 1522 702 1599 quibus
748 1521 925 1579 etiam
970 1521 1276 1596 stipendiis
1330 1522 1802 1595 competentibus
1861 1522 2056 1581 voluit
2114 1522 2432 1597 provideri.
2511 1522 2986 1580 celebrabantur

488 1626 753 1683 scholae:
816 1626 1398 1696 Aurelianensis,
1448 1625 1992 1697 Avinionensis,
2045 1624 2548 1696 Bononiensis,
2595 1626 2984 1695 Budensis,

489 1730 966 1801 ColoniensiS,
1014 1729 1549 1799 Cracoviensis,
1583 1730 2142 1805 Istropolitana,
2175 1730 2674 1801 Lovaniensis,
2723 1730 2986 1788 Oxoni-

487 1836 709 1905 ensis,
777 1834 1133 1904 Parisina,
1201 1834 1577 1904 Perusina,
1645 1835 1992 1910 Romana,
2062 1834 2641 1904 Rostochiensis,
2711 1835 2985 1892 Tubin-

488 1938 756 2013 gensist,
796 1939 1264 1996 Vindobonen
1279 1938 1373 1995 sis
1404 1956 1510 2014 per
1540 1938 1916 1996 Germaniam
1948 1958 2177 1997 omnem
2209 1958 2349 1997 sane
2381 1938 2722 1996 clarissima.
2757 1936 2986 1999 Quodsi

487 2043 645 2099 enim
705 2042 966 2120 undique
1011 2042 1254 2100 allectos
1298 2040 1455 2100 viros
1518 2042 1877 2100 doctissimos
1939 2044 2011 2099 ad
2060 2044 2393 2123 ,studium
2439 2043 2867 2100 Viennense‘
2919 2042 2988 2099 in

488 2147 711 2221 gloriae
768 2152 994 2221 partem
1040 2165 1249 2204 vocare
1293 2147 1381 2203 fas
1425 2146 1633 2217 fuerit,
1698 2147 1849 2204 nulli
1905 2166 2012 2221 per
2065 2147 2439 2205 Germaniam
2503 2146 2627 2205 eius
2691 2146 2982 2221 temporis

487 2252 805 2309 secundum
852 2250 1060 2308 merito
1104 2250 1218 2308 dici
1263 2249 1677 2325 intelligemus
1743 2253 1821 2308 Et
1851 2270 1992 2311 vero
2040 2252 2376 2325 gratulatur
2421 2251 2986 2329 Archigymnasium

487 2357 599 2412 hoc
629 2355 1095 2425 Vindobonense,
1137 2354 1411 2413 habuisse
1442 2353 1499 2413 S.
1532 2355 1588 2412 S.
1619 2355 1955 2413 Literarum
1986 2355 2240 2413 cultores
2271 2360 2332 2413 et
2363 2356 2604 2414 eximios
2643 2356 2986 2430 magistros:

490 2459 819 2515 Thomam
895 2460 977 2516 de
1054 2458 1488 2533 Argentina,
1561 2458 1959 2517 Henricum
2034 2460 2115 2516 de
2189 2460 2482 2532 Hassia,
2553 2455 2986 2517 Michaelem

490 2561 1063 2634 Suchenschatz,
1132 2564 1580 2622 Lambertum
1640 2563 1722 2619 de
1781 2563 2112 2633 Geldria,
2181 2566 2468 2621 Petrum
2536 2565 2618 2622 de
2677 2563 2985 2632 Pulcka,

490 2669 779 2725 Petrum
840 2669 911 2725 de
973 2667 1509 2736 Pirchenwart‚
1570 2667 2044 2725 Bertholdum
2099 2669 2591 2752 Ruchavoser,
2651 2667 2986 2727 Thomam

492 2773 573 2829 de
635 2771 1077 2842 Haselbach3
1141 2790 1386 2849 quorum
1455 2770 1594 2827 libri
1663 2771 1820 2848 typis
1889 2773 2164 2847 descripti
2210 2805 2294 2814 -—-
2340 2773 2516 2847 longe
2582 2771 2780 2847 plures
2845 2792 2982 2829 mss.

489 2877 811 2934 haeserunt
854 2875 1181 2952 ineditique
1216 2909 1296 2916 —
1330 2894 1537 2949 parum
1570 2878 1713 2946 noti,
1745 2880 2220 2947 commonstrant,
2267 2897 2362 2934 eos
2393 2876 2678 2934 Divinum
2707 2876 2986 2934 'Codicem

487 2980 681 3056 perita
712 3000 890 3038 manu
920 2985 1219 3038 tractasse.
1266 2979 1567 3036 Aluerunt
1604 2979 1752 3037 istae
1783 2983 1844 3037 et
1872 2978 2025 3038 aliae
2055 2999 2162 3056 per
2191 2982 2488 3055 Europam
2518 2979 2985 3038 Universitates:

488 3085 946 3160 Burdigalensis‚
992 3084 1393 3155 Cadurcensis‚
1441 3080 1958 3158 cantabrigiensis,
2004 3085 2253 3154 Dolana,
2314 3085 2716 3157 Dublinensis,
2773 3085 2986 3142 Erfor-

488 3190 731 3261 diensiS,
785 3189 1385 3266 Gryphiswaldensis,
1432 3189 1817 3258 Havniensis,
1872 3188 2416 3264 Heidelbergensis,
2477 3189 2987 3263 IngolstadiensiS,

489 3295 830 3369 Lipsiensis,
897 3294 1282 3352 Pictaviensis
1300 3337 1315 3362 ,
1383 3292 1714 3363 Remensis,
1783 3291 2096 3363 Tolosana,
2168 3292 2574 3363 Trevirensis,
2630 3293 2986 3364 Vesuntina,

490 3397 545 3458 S.
581 3399 921 3473 Scripturae
961 3399 1311 3474 interpretes
1356 3397 1479 3473 pios
1522 3402 1582 3454 et
1613 3398 1838 3466 doctos3
1887 3397 1988 3474 qui
2035 3397 2361 3472 depositum
2407 3397 2546 3455 fidei
2592 3397 2989 3455 custodientes

490 3508 551 3560 et
596 3501 925 3560 devitantes
978 3502 1257 3576 profanas
1302 3519 1509 3559 vocum
1557 3500 1866 3571 novitates,
1922 3521 2038 3558 non
2084 3521 2192 3558 sua
2235 3501 2626 3572 tradiderunt,
2683 3502 2782 3559 sed
2830 3519 2988 3578 quae

462 3621 526 3662 ‘a
568 3606 884 3664 Maioribus
930 3610 1301 3680 acceperunt.
1372 3635 1377 3639 ·

1219 3912 1585 3988 AEVUM
1653 3911 2248 3988 RECENTIUS.

492 4179 550 4256 ξ.
604 4179 746 4243 151.
795 4173 1162 4239 Conditio
1209 4174 1907 4260 interpretationis
1957 4171 2020 4236 S.
2070 4171 2136 4236 S.
2187 4171 2645 4236 catholicae
2695 4195 2742 4236 s,
2793 4172 2979 4237 XVI.

697 4370 939 4428 Saeculo
996 4370 1162 4426 XVI.
1232 4388 1365 4426 cum
1427 4369 1829 4426 Protestantes
1892 4388 2053 4425 arma
2111 4388 2233 4438 sua,
2297 4369 2509 4446 quibus
2571 4369 2628 4426 S.
2679 4369 2980 4426 Romanae

491 4473 787 4533 Ecclesiae
832 4474 1056 4532 bellum
1101 4469 1441 4532 intulerunt
1484 4492 1517 4530 e
1562 4471 1617 4529 S.
1652 4473 2090 4548 Scripturarum
2137 4472 2588 4530 armamentario
2633 4473 2978 4530 desumsisse

492 4577 774 4635 audacter
816 4567 1134 4648 iactarent,
1172 4577 1311 4654 quid
1361 4578 1422 4634 ni
1468 4577 1643 4633 etiam
1691 4575 1975 4635 Catholici
2022 4576 2134 4633 viri
2176 4597 2249 4632 ex
2281 4577 2482 4634 eodem
2514 4577 2586 4634 ad
2619 4577 2740 4634 vim
2787 4575 2978 4652 repel-
