3309 5300
554 415 681 479 286
1242 430 1478 487 Commeat.
1510 429 1563 469 de
1592 433 1635 469 S.
1668 430 1878 481 scriptur.
1909 442 2000 481 cap.
2030 432 2134 471 tert.
2163 432 2271 471 sect.
2299 431 2334 473 I.

555 603 701 651 arab.
740 603 869 667 orig.
906 603 1019 652 ind.
1058 620 1123 651 m.
1163 620 1306 653 cons.
1346 620 1393 653 a.
1432 604 1587 653 discr.
1623 605 1773 670 Lips.
1814 606 1964 655 1843.
2011 607 2077 655 Ε.
2114 607 2342 667 Meier‚
2379 606 2542 655 Form
2579 606 2626 655 d.
2652 607 2802 656 hebr.
2834 608 3052 656 Poesie.

554 688 692 737 Tfib.
723 690 871 737 1853.
908 688 998 738 Fr.
1034 690 1377 751 Btsttcher,
1418 691 1551 739 ausf.
1576 691 1866 741 Lehrbuch
1902 691 1994 741 der
2030 692 2080 741 h.
2109 692 2344 757 Sprache
2382 692 2464 741 ed.
2493 692 2556 741 F.
2581 693 2818 742 Miihlau.
2856 694 3052 758 Leipz.

557 775 705 824 1866.
749 775 801 835 Ι,
842 776 925 824 24.
964 791 1005 825 s.
1064 776 1117 825 J.
1154 776 1293 841 Ley,
1333 778 1417 826 die
1464 777 1784 827 metrisclien
1820 778 2050 827 Formen
2087 778 2182 828 der
2216 778 2572 827 hebraischen
2608 780 2816 829 Poesie.
2855 779 3052 844 Leipz.

555 862 705 911 1866.
766 862 827 911 Τ.
867 862 918 911 J.
956 863 1142 926 Lamy,
1178 863 1378 913 Introd.
1418 880 1562 929 spec.
1600 865 1658 912 in
1697 864 1748 913 S.
1789 865 1840 914 S.
1881 865 2012 914 Lov.
2053 866 2204 915 1867.
2241 882 2292 930 p.
2334 868 2451 915 102.
2491 882 2533 915 s.

595 1090 653 1166 ξ.
706 1090 849 1153 126.
920 1084 1458 1149 Parallelismi
1503 1088 1808 1171 poetici
1858 1086 1922 1150 S.
1969 1088 2416 1152 Literarum
2462 1088 2544 1153 V.
2593 1090 2668 1153 F.
2717 1091 3002 1153 variae

1348 1191 1665 1275 species
1710 1201 2256 1255 recensentur.

760 1370 972 1439 Poesis,
1021 1388 1137 1446 qua
1184 1369 1345 1425 ideae
1392 1370 1884 1447 cogitationesque
1930 1371 2134 1427 maiori
2184 1369 2249 1427 vi
2296 1374 2354 1427 et
2400 1372 2797 1429 enthusiasmo
2848 1372 3050 1447 profe-

550 1478 795 1545 runtur,
842 1475 1035 1531 utitur
1066 1472 1328 1530 oratione
1361 1474 1674 1547 pathetica,
1717 1474 1888 1531 varia
1924 1476 2240 1531 verborum
2271 1476 2537 1532 ubertate
2569 1475 2865 1532 distincta.
2921 1474 3052 1532 Ubi

552 1582 748 1635 autem
780 1597 969 1635 sermo
997 1578 1070 1633 fit
1098 1576 1357 1634 vividior
1387 1582 1549 1634 motu
1581 1579 1832 1654 quodam
1862 1579 2287 1651 progrediente,
2322 1599 2600 1636 numerus
2629 1579 2907 1651 efficitur,
2935 1580 3055 1657 qui

552 1684 927 1759 ‚rythmus‘
970 1684 1240 1750 vocatur3
1290 1686 1465 1758 atque
1506 1682 1570 1736 in
1602 1680 1771 1737 Poesi
1802 1681 1980 1737 Sacra
2008 1701 2112 1755 per
2151 1682 2762 1757 ‚parallelismum
2805 1683 3050 1758 poeti-

550 1807 633 1845 cu
658 1790 737 1845 m‘
770 1786 1066 1844 formali
1097 1808 1155 1843 u.
1190 1787 1243 1842 d.
1277 1786 1635 1861 exprimitur
1681 1787 1868 1843 modo.
1931 1786 2189 1843 Hebraei
2221 1788 2292 1843 ad
2323 1806 2429 1843 sua
2458 1789 2719 1844 carmina
2762 1789 3054 1865 quodam-

549 1894 718 1950 modo
750 1891 1072 1949 condienda
1116 1890 1695 1965 parallelismum
1736 1891 2048 1959 adhibent3
2097 1892 2200 1967 qui
2232 1890 2412 1947 etiam
2442 1892 2674 1948 Latinis
2705 1912 2825 1949 non
2857 1893 3048 1948 deest.

548 1997 620 2054 V.
668 1995 937 2065 Horatii,
992 1996 1183 2052 Carm.
1234 1996 1292 2066 Ι,
1347 1999 1403 2051 4.
1474 1994 1553 2050 Vi
1605 1994 1994 2052 Paralellismi
2049 2000 2324 2070 concepta
2381 1997 2447 2051 in
2498 1997 2695 2053 animo
2741 1998 3048 2069 cogitatio,

547 2120 666 2157 non
718 2119 839 2156 una
888 2102 1205 2169 sententia,
1266 2100 1389 2157 sive
1441 2100 1589 2156 serie
1639 2119 1851 2157 vocum
1896 2100 2275 2169 enunciatur3
2332 2100 2430 2155 sed
2483 2100 2548 2156 in
2603 2099 2872 2175 pluribus
2923 2100 3052 2157 sibi

558 2205 815 2262 invicem
853 2208 1011 2261 certa
1054 2204 1429 2279 proportione
1474 2204 2055 2279 correspondentibus
2106 2202 2402 2261 evolvitur
2445 2208 2504 2260 et
2541 2203 2897 2261 illustratur.
2955 2205 3054 2261 Ea

547 2310 936 2385 proportio
980 2307 1077 2365 vel
1129 2308 1193 2365 in
1248 2308 1384 2365 solis
1426 2308 2015 2382 cogitationibuS,
2070 2309 2166 2364 vel
2217 2309 2394 2364 etiam
2439 2307 2504 2364 in
2558 2308 2793 2365 verbis
2845 2308 3054 2366 locum

551 2414 764 2471 habere
804 2418 1007 2488 potest.
1062 2412 1228 2475 Quod
1269 2432 1408 2470 vero
1439 2413 1510 2468 ad
1549 2412 1970 2486 cogitationum
2010 2412 2445 2486 proportionem
2485 2412 2726 2484 attinet,
2769 2418 3054 2488 respectu

549 2517 827 2591 ‚logico‘
847 2562 860 2588 ,
918 2518 1247 2590 iunguntur
1288 2538 1324 2574 a
1367 2516 1562 2575 Poetis
1608 2516 1799 2573 Sacris
1847 2518 1913 2572 in
1961 2516 2354 2573 carminibus:
2402 2536 2454 2573 a.
2504 2516 2838 2575 Sententiae
2887 2536 3052 2595 quae

548 2623 845 2680 eundem
898 2641 1178 2679 sensum
1230 2622 1535 2678 mutatis
1582 2625 1818 2679 tantum
1862 2621 2112 2678 verbis
2164 2620 2455 2692 fundunt3
2509 2622 2598 2679 ita
2643 2625 2711 2680 ut
2757 2622 2905 2680 aliae
2961 2640 3049 2678 ex

548 2747 697 2796 asse,
753 2726 902 2783 aliae
954 2745 1029 2782 ex
1081 2729 1247 2800 parte
1296 2724 1408 2781 sibi
1462 2730 1794 2782 consonent.
1870 2725 1950 2780 Et
2001 2727 2114 2781 ista
2167 2725 2405 2800 quidem
2459 2727 2755 2800 proportio
2810 2726 3052 2790 duobus

557 2832 771 2907 passim
812 2831 1089 2887 membris
1135 2829 1399 2886 absoluta
1444 2829 2018 2904 ,parallelismus
2061 2833 2524 2906 synonymus‘
2556 2835 2817 2888 vocatur.
2873 2830 2948 2886 Ε.
2989 2851 3053 2904 g.

548 2938 643 2993 Ps.
667 2941 721 3005 2,
753 2941 806 2992 1.
842 2938 939 3010 19,
962 2939 1019 2991 3.
1041 2936 1097 2991 b.
1131 2933 1276 2991 Divi
1310 2933 1484 2990 Vates
1516 2935 1772 3007 iungunt
1806 2937 2145 3005 sententiaS,
2172 2954 2319 3012 quae
2350 2936 2683 3010 opposita
2711 2936 3051 3004 continent,

547 3047 614 3098 ut
656 3060 721 3098 eo
762 3041 945 3112 magis
984 3039 1090 3096 illa
1135 3038 1497 3113 oppositione
1538 3039 1865 3096 sententiae
1905 3041 2204 3096 cuiusdam
2234 3039 2454 3098 veritas
2497 3040 2830 3097 illustretur
2860 3043 3054 3115 atque

550 3147 986 3220 comprobetur3
1034 3143 1185 3221 quod
1233 3163 1414 3216 genus
1460 3144 1959 3226 parallelismi
2004 3145 2567 3215 ,antitheticum‘
2616 3145 2798 3201 audit.
2861 3144 2936 3200 E.
2989 3163 3052 3216 g.

546 3249 637 3306 Ps.
678 3254 774 3320 18,
814 3254 911 3305 28.
943 3249 1121 3304 Prov.
1160 3249 1257 3318 15,
1300 3253 1352 3305 1.
1386 3246 1660 3306 Habetur
1690 3250 1940 3326 denique
1970 3268 2018 3305 c.
2052 3249 2343 3326 quoddam
2373 3249 2618 3305 tertium
2651 3247 3052 3322 parallelismi

549 3374 730 3428 genus
763 3352 1323 3429 ‚syntheticum‘.
1376 3353 1453 3408 In
1483 3353 1595 3410 isto
1626 3372 1813 3431 neque
1845 3353 2104 3409 eiusdem
2133 3353 2222 3411 rei
2250 3351 2582 3422 iteratione,
2618 3371 2802 3428 neque
2835 3353 3051 3408 diver-

545 3478 744 3515 sarum
788 3477 987 3515 rerum
1035 3457 1421 3531 oppositione,
1472 3458 1569 3513 sed
1616 3458 1740 3514 sola
1783 3456 2232 3515 constructionis
2279 3457 2494 3528 forma,
2548 3476 2664 3534 qua
2707 3455 2821 3513 sibi
2877 3460 3055 3512 certa

548 3565 944 3620 membrorum
974 3563 1349 3636 proportione
1378 3561 1636 3619 invicem
1667 3562 1830 3618 ideae
1859 3563 2215 3636 respondent
2245 3555 2826 3640 etscogitationes
2873 3580 3051 3618 con-

544 3666 965 3736 tinuantur3
1010 3666 1220 3724 Poetae
1252 3666 1412 3722 Sacri
1444 3665 1676 3723 firmius
1707 3667 1919 3724 volunt
1949 3668 2145 3724 animo
2175 3665 2470 3723 inculcare
2507 3666 2765 3744 aliquam
2795 3670 3050 3722 senten-

546 3770 712 3828 tiam.
766 3769 937 3828 Unde
968 3776 1027 3854 et
1055 3791 1467 3847 saepenumero
1510 3772 1581 3827 ad
1614 3771 1866 3828 solutam
1905 3773 2228 3828 orationem
2267 3790 2443 3848 quam
2482 3771 2748 3845 proxime
2787 3771 3048 3845 accedit,

542 3880 716 3952 atque
740 3894 912 3948 aegre
936 3877 1009 3932 ab
1034 3895 1101 3931 ea
1125 3863 1546 3952 nonnunquam
1568 3875 1942 3933 discernitur.
1975 3877 2044 3932 E.
2070 3895 2126 3949 g.
2161 3874 2254 3931 Ps.
2289 3879 2384 3944 19,
2418 3879 2516 3930 13.
2547 3878 2645 3945 21,
2679 3878 2775 3931 12.
2809 3872 3050 3935 Quodsi

544 3979 975 4054 parallelismus
1028 3975 1284 4053 poeticus
1338 3980 1402 4035 in
1455 3981 1732 4037 membris
1792 3981 1911 4036 suis
1961 3979 2119 4053 pari
2172 3978 2681 4036 vocabulorum
2735 3998 3050 4035 numero

542 4086 787 4153 constat,
821 4084 1191 4157 perfectus
1219 4088 1482 4140 vocatur.
1530 4085 1599 4140 Ε.
1633 4104 1688 4156 g.
1723 4083 1787 4139 Τ.
1821 4084 1889 4140 O.
1931 4083 2026 4139 ΡΒ.
2065 4089 2164 4151 20,
2203 4088 2259 4140 9.
2300 4083 2475 4140 Prov.
2515 4086 2612 4152 10,
2651 4087 2706 4138 1.
2739 4082 2861 4139 Ubi
2891 4102 3052 4140 vero

540 4187 739 4262 dispar
786 4187 1079 4261 reperitur
1120 4207 1329 4244 vocum
1376 4207 1682 4258 numerus,
1732 4187 2109 4262 imperfectus
2151 4188 2387 4244 dicitur.
2436 4185 2708 4242 Ceterum
2746 4187 3052 4261 posterior

538 4291 1009 4369 frequentissime
1054 4293 1120 4348 in
1164 4291 1222 4348 S.
1258 4292 1579 4366 Scripturis
1623 4291 1896 4348 occurrit.
1938 4291 2007 4347 E.
2041 4311 2094 4364 g.
2130 4292 2226 4347 Ps.
2263 4295 2363 4361 31,
2402 4295 2459 4346 2.
2521 4291 2616 4347 Ad
2654 4291 2800 4346 haec
2843 4291 3052 4364 igitur

538 4397 658 4452 tria
709 4415 924 4470 genera
975 4396 1389 4471 parallelismi:
1443 4415 1935 4472 synonymum,
1989 4394 2514 4451 antitheticum
2561 4399 2620 4451 et
2662 4395 3046 4470 syntheti-

538 4517 689 4556 cum
735 4501 1036 4558 advertere
1068 4501 1382 4574 diligenter
1412 4501 1583 4557 debet
1613 4500 1744 4570 ille,
1793 4501 1898 4576 qui
1927 4499 2127 4556 Libris
2157 4499 2347 4556 Sacris
2380 4499 2636 4574 Antiqui
2668 4498 3048 4555 Testamenti

536 4603 789 4662 Poeticis
820 4605 1181 4686 explicandis
1212 4609 1542 4678 occupatur.
