3309 5300
1288 420 1351 461 De
1377 419 1658 461 versionibus
1685 418 1877 461 Latinis.
2697 402 2823 468 217

328 594 495 659 tioni
558 594 625 660 S.
673 594 738 660 S.
784 594 1024 659 latinae
1084 604 1441 682 tempestas
1502 597 1712 681 primo
1775 604 1925 682 post
1970 594 2144 659 beati
2204 593 2486 657 auctoris
2547 602 2820 657 mortem

334 716 439 771 est
500 716 662 772 orta.
726 706 792 773 S.
855 707 1015 772 Leo
1076 707 1165 772 M.
1231 707 1497 793 quidem
1522 711 1541 750 ¹
1600 708 1884 792 priscam
1946 705 2436 772 translationem
2497 704 2825 789 adhibuit3

332 818 457 883 sed
503 819 569 885 S.
607 819 1055 905 Gregorius
1086 820 1174 885 M.
1222 822 1350 885 iam
1398 819 1460 886 d.
1492 820 1879 905 Hieronymi
1922 822 2291 885 versionem
2337 820 2604 885 summis
2637 819 2826 883 effert

329 931 639 997 laudibus
658 934 701 999 2.

545 1045 954 1111 Auctoritate
1015 1046 1077 1113 d.
1128 1046 1431 1132 Gregorii
1474 1046 1562 1111 M.
1609 1046 1868 1111 saeculo
1938 1068 2002 1131 p.
2052 1045 2126 1111 C.
2176 1048 2513 1132 septimo
2563 1067 2711 1109 eum
2756 1046 2823 1109 in

329 1159 607 1224 modum
651 1158 1048 1245 praevaluit3
1116 1170 1188 1225 ut
1250 1159 1553 1225 submota
1597 1159 1734 1223 fere
1782 1160 2041 1245 penitus
2086 1157 2349 1241 Vetere,
2396 1159 2465 1221 in
2509 1159 2818 1223 universa

329 1270 641 1337 Ecclesia
688 1271 825 1337 sola
874 1296 1048 1337 nova
1091 1273 1309 1338 locum
1356 1283 1729 1358 occuparet.
1787 1272 2174 1357 Hieronymi
2221 1271 2503 1336 editione
2552 1280 2826 1335 testatur

332 1384 405 1450 S.
438 1385 729 1451 Isidorus
760 1386 1168 1472 Hispalensis
1190 1390 1214 1430 3
1256 1386 1671 1473 ,generaliter
1702 1408 1927 1451 omnes
1958 1385 2298 1451 Ecclesiae
2347 1405 2822 1471 usquequaque

330 1507 625 1582 utuntur,
671 1522 791 1585 pro
827 1522 904 1565 eo
939 1500 1118 1584 quod
1144 1502 1445 1565 veracior
1476 1502 1555 1564 sit
1583 1501 1651 1564 in
1685 1500 2016 1565 sententiis
2049 1508 2114 1565 et
2145 1498 2378 1563 clarior
2420 1500 2487 1562 in
2517 1496 2758 1561 verbis‘
2779 1499 2824 1559 4.

335 1610 527 1692 Quae
578 1612 833 1677 duobus
893 1613 1035 1677 fere
1082 1613 1358 1677 saeculis
1418 1622 1567 1699 post
1613 1612 1966 1677 Hrabanus
2011 1612 2280 1677 Maurus
2325 1610 2392 1676 S.
2438 1610 2826 1695 Hieronymi

330 1724 607 1789 illustria
642 1724 915 1790 dederat
946 1728 1244 1791 encomia
1272 1727 1555 1791 versioni
1581 1724 1646 1789 S.
1676 1724 1811 1808 S.⁵;
1850 1726 1933 1790 de
1965 1724 2170 1790 verbo
2205 1724 2291 1789 ad
2313 1723 2586 1789 verbum
2617 1732 2824 1787 trans-

334 1838 594 1922 scripsit
633 1836 1045 1901 Venerabilis
1087 1837 1274 1903 Beda
1289 1842 1330 1901 6.
1392 1838 1577 1903 Idem
1622 1839 1902 1902 affirmat
1940 1838 2028 1901 M.
2062 1837 2260 1923 Hugo
2303 1836 2384 1900 de
2434 1835 2501 1901 S.
2534 1835 2822 1919 Victore,

337 1948 576 2036 aliique
625 1952 977 2036 scriptores
1023 1953 1344 2016 innumeri
1366 1955 1406 2015 ⁷.

341 2112 526 2120 —.-——
590 2114 755 2119 --α-

334 2180 500 2229 Haud
537 2180 755 2245 quidem
789 2178 1089 2230 inficiamur
1120 2208 1184 2220 —
1212 2187 1370 2245 prout
1405 2180 1629 2238 inficiari
1665 2196 1946 2247 aggressus
1985 2187 2066 2232 est
2102 2182 2163 2230 F.
2191 2182 2260 2231 M.
2287 2180 2658 2241 Molkenbubr,
2697 2181 2823 2229 diss.

332 2283 407 2317 cr.
433 2268 578 2317 XIX.
618 2268 684 2317 de
710 2267 1147 2318 altercationibus
1173 2267 1225 2318 S.
1252 2269 1635 2333 Hieronymum
1661 2270 1800 2318 inter
1824 2274 1876 2319 et
1899 2270 1966 2319 D.
1995 2268 2366 2334 Augustinum.
2391 2268 2623 2318 Monast.
2647 2268 2823 2317 West-

334 2353 478 2418 phal.
530 2356 683 2404 1796.
730 2372 780 2420 p.
820 2357 866 2403 8.
916 2372 957 2404 s.
1004 2357 1088 2405 13.
1126 2370 1165 2405 s.
1216 2356 1345 2420 quia
1389 2358 1713 2421 persuasus?
1766 2361 1876 2406 est:
1927 2356 2101 2420 „quod
2148 2360 2264 2404 tota
2310 2356 2446 2405 haec
2492 2354 2716 2405 historia
2762 2355 2831 2403 sit

330 2440 568 2492 fabula.“
635 2441 687 2491 S.
724 2441 1052 2507 Augustinus
1102 2442 1167 2491 de
1216 2443 1321 2492 ista
1368 2445 1732 2493 controversia
1777 2443 1909 2492 nihil
1957 2444 2194 2491 meminit
2247 2457 2404 2507 quam
2455 2456 2552 2507 ego
2589 2440 2829 2491 fictitiam

332 2529 591 2577 censeo!“
635 2557 699 2563 —
726 2542 977 2593 magnum
1014 2544 1223 2593 quoque
1260 2544 1301 2578 s.
1332 2528 1690 2593 Augustinum
1727 2530 1775 2578 d.
1814 2530 2212 2593 Hieronymum,
2253 2544 2406 2593 quem
2446 2528 2581 2579 alias
2618 2527 2829 2594 plurimi

332 2614 555 2676 fecerat,
598 2614 819 2664 multum
858 2614 1123 2666 hortatum
1168 2616 1333 2666 fuisse
1360 2632 1442 2682 ep.
1470 2618 1551 2678 71,
1579 2613 1629 2666 4.
1657 2632 1709 2681 p.
1739 2618 1883 2667 160.:
1926 2616 2072 2681 „Ego
2099 2631 2230 2666 sane
2264 2620 2318 2666 te
2355 2614 2566 2665 mallem
2594 2612 2829 2666 Graecas

332 2703 517 2766 potius
570 2701 872 2750 Canonicas
921 2702 1077 2752 nobis
1126 2704 1462 2767 interpretari
1510 2703 1837 2768 Scripturas,
1889 2718 2028 2769 quae
2078 2703 2431 2769 Septuaginta
2483 2703 2830 2767 interpretum

328 2788 698 2854 perhibentur.
771 2790 1067 2839 Perdurum
1122 2792 1221 2840 erit
1268 2791 1433 2852 enim,
1490 2791 1535 2839 si
1584 2795 1680 2838 tua
1733 2791 2098 2854 interpretatio
2153 2805 2250 2855 per
2303 2789 2495 2839 multas
2550 2788 2828 2839 Ecclesias

326 2876 666 2940 frequentius
712 2878 949 2940 coeperit
994 2878 1249 2938 lectitari,
1310 2875 1455 2942 quod
1500 2891 1535 2926 a
1572 2875 1792 2926 Graecis
1829 2876 2090 2926 Ecclesiis
2137 2877 2367 2926 Latinae
2417 2877 2818 2926 dissonabunt.“

328 2963 547 3012 Deinde
565 2978 619 3012 n.
643 2964 691 3012 5.
711 2979 762 3027 p.
785 2965 899 3013 161.
929 2968 1112 3012 narrat
1136 2963 1185 3012 d.
1205 2963 1550 3028 Hieronymo,
1578 2964 1724 3028 quod
1749 2965 1865 3014 eius
1889 2964 2260 3028 interpretatio
2285 2965 2460 3014 Jonae
2487 2980 2552 3014 ex
2577 2964 2826 3014 Hebraeo

330 3055 531 3112 sumta,
571 3051 701 3115 quia
736 3050 890 3099 aliter
924 3051 1155 3100 reddidit
1196 3066 1388 3116 „quam
1426 3055 1541 3101 erat
1576 3053 1808 3100 omnium
1829 3051 2092 3101 ’sensibus
2134 3053 2530 3117 memoriaeque
2566 3053 2829 3101 invetera-

330 3142 473 3199 tum,
532 3141 589 3186 et
635 3141 713 3186 tot
760 3138 1023 3187 aetatibus
1078 3138 1472 3200 decantatum“,
1526 3153 1777 3202 magnum
1831 3137 2114 3187 tumultum
2169 3140 2484 3203 excitaverit
2533 3140 2590 3187 in
2646 3138 2831 3204 aliqua

330 3224 705 3274 Ecclesiamm
756 3225 985 3274 Africae.
1047 3225 1130 3274 Ad
1178 3225 1314 3274 haec
1362 3225 1637 3290 respondit
1686 3223 1738 3275 S.
1775 3225 2149 3290 Hieronymus,
2201 3241 2282 3290 ep.
2327 3228 2442 3287 112,
2481 3228 2564 3275 22.
2617 3241 2666 3291 p.
2709 3227 2828 3276 754.

332 3310 643 3376 sugillando
680 3313 949 3377 imperitos
988 3312 1425 3378 expostulatores.
1488 3312 1736 3361 Ceterum
1773 3328 1878 3376 pax
1922 3314 2058 3362 inter
2093 3314 2238 3378 ipsos
2277 3313 2504 3363 Sanctos
2540 3327 2828 3377 numquam

332 3399 593 3448 intercisa
645 3399 768 3461 fuit,
825 3404 878 3448 et
932 3398 1148 3449 foedere
1196 3399 1363 3448 veluti
1406 3401 1461 3448 in
1506 3398 1806 3448 haereticos
1853 3399 1995 3448 facto
2053 3399 2309 3450 adversus
2365 3399 2580 3450 eosdem
2635 3398 2830 3449 abhinc

334 3490 564 3550 uterque
602 3485 867 3536 calamum
908 3487 1180 3536 strinxere.

556 3571 593 3637 ¹)
633 3571 766 3622 0011.
806 3588 890 3638 ep.
916 3575 998 3621 27.
1038 3573 1105 3622 ad
1135 3572 1487 3622 Pulcher-iam.
1525 3589 1576 3622 n.
1604 3575 1651 3622 2.
1688 3572 1731 3634 Ι,
1762 3573 1876 3622 143.
1903 3589 1944 3622 s.
2007 3572 2046 3638 ²)
2086 3571 2221 3623 Cum
2251 3575 2293 3636 Ι,
2319 3576 2368 3624 5.
2404 3574 2572 3639 praef.
2610 3575 2666 3623 in
2701 3573 2826 3624 Job.

342 3659 470 3708 dicit
517 3674 577 3708 se
613 3658 805 3709 librum
840 3659 972 3710 Jobi
1007 3659 1077 3708 ad
1110 3674 1307 3709 novam
1342 3659 1745 3709 translationem
1781 3659 1947 3709 fuisse
1984 3660 2414 3726 interpretatum,
2465 3665 2519 3710 et
2555 3660 2590 3710 l.
2627 3661 2742 3722 XX,
2783 3676 2829 3710 c.

342 3748 425 3795 33.
462 3761 517 3796 n.
556 3747 642 3795 62.
685 3762 736 3811 p.
776 3747 893 3796 665.
970 3745 1107 3806 „Sed
1158 3751 1335 3796 tamen
1386 3748 1513 3812 quia
1561 3747 1720 3796 haec‘
1743 3759 1886 3796 nova
1933 3747 2212 3797 translatio
2261 3763 2328 3796 ex
2373 3748 2624 3797 Hebraeo
2674 3747 2829 3796 nobis

338 3831 683 3896 Arabicoque
730 3831 945 3896 eloquio
996 3839 1187 3882 cuncta
1222 3833 1399 3882 verius
1435 3833 1788 3883 transfudisse
1821 3833 2146 3897 perhibetur,
2199 3834 2522 3884 credendum
2561 3839 2642 3883 est
2679 3834 2829 3899 quid-

342 3919 469 3984 quid
514 3919 571 3966 in
620 3933 685 3968 ea
730 3919 970 3968 dieitur.“
1034 3918 1116 3969 cf.
1164 3921 1229 3970 ei.
1272 3919 1469 3970 Homil.
1514 3921 1570 3968 in
1613 3919 1812 3969 Ezech.
1849 3920 1892 3968 Ι.
1934 3922 2014 3981 10,
2054 3923 2102 3970 6.
2149 3937 2202 3985 p.
2252 3921 2401 3970 1265.
2478 3921 2518 3988 3)
2566 3921 2650 3970 De
2697 3920 2828 3970 eccl.

340 4005 545 4055 officiis
584 4005 627 4067 Ι,
668 4007 747 4054 12.
785 4023 837 4070 p.
878 4007 993 4056 748.
1066 4005 1108 4072 ⁴)
1149 4005 1229 4056 cf.
1266 3989 1495 4068 Arev'ali,
1534 4005 1816 4056 Isidorian.
1853 4006 1952 4055 111.
1991 4007 2074 4069 8⁷,
2116 4008 2196 4056 15.
2235 4024 2277 4056 s.
2313 4024 2365 4073 p.
2403 4010 2521 4057 657.
2561 4023 2602 4058 s.
2666 4007 2706 4073 5)
2744 4008 2829 4057 De

338 4093 459 4140 inst.
510 4090 652 4141 Cler.
690 4091 762 4154 11,
800 4093 883 4142 54.
940 4092 1041 4158 Op.
1094 4093 1175 4141 ed.
1208 4077 1407 4142 'Colca
1450 4094 1601 4144 1626.
1650 4093 1743 4155 VI,
1782 4095 1865 4142 30.
1941 4093 1983 4158 ⁸)
2020 4093 2196 4143 Praef.
2244 4095 2299 4143 in
2337 4094 2370 4142 l.
2422 4094 2488 4143 de
2533 4099 2830 4159 temporum

339 4181 549 4229 ratione
600 4177 700 4243 Op.
737 4179 808 4242 ΙΙ,
846 4181 929 4229 43.
968 4180 1180 4229 scribit:
1234 4179 1511 4240 „omnibus
1552 4178 1636 4227 his
1679 4207 1742 4216 —
1775 4181 1994 4245 interpr.
2032 4177 2198 4229 Lxx,
2235 4207 2301 4216 —-
2338 4181 2643 4230 Hebraicae
2694 4181 2828 4229 veri-

338 4267 467 4315 tatis
502 4267 766 4329 integram
797 4267 1042 4331 praefero
1068 4267 1368 4331 puritatem,
1409 4279 1567 4329 quam
1594 4267 2125 4330 praeeminentissimi
2151 4267 2426 4316 doctorum
2450 4267 2828 4331 Hieronymus,

338 4351 677 4417 Augustinus
712 4355 1106 4418 comprobant&
1171 4353 1211 4418 ⁷)
1250 4353 1694 4402 Praenotationes
1729 4352 2108 4402 elucidatoriae
2143 4353 2210 4402 de
2248 4351 2530 4418 Scripturis
2567 4358 2621 4402 et
2655 4351 2829 4418 Scrip-

336 4439 549 4490 toribus
600 4437 776 4488 Sacris
824 4453 869 4488 c.
920 4441 969 4489 9.
1031 4439 1133 4505 Op.
1185 4440 1265 4489 ed.
1324 4438 1643 4504 Rothomag.
1697 4441 1848 4490 1648.
1909 4441 1951 4502 Ι,
2001 4442 2049 4489 5.
2109 4439 2362 4489 affirmat:
2422 4439 2661 4501 „Octavo
2709 4439 2831 4490 loco

340 4525 707 4590 Hieronymus
756 4527 1007 4588 accessit,
1056 4541 1165 4576 non
1213 4527 1317 4576 iarn
1355 4527 1421 4576 de
1458 4526 1711 4575 Hebraeo
1759 4526 1816 4575 in
1859 4524 2120 4576 Graecum
2169 4526 2308 4576 sicut
2353 4527 2581 4592 priores,
2634 4526 2730 4576 sed
2765 4526 2830 4575 de

336 4613 597 4664 Hebraeo
644 4614 701 4662 in
748 4611 997 4664 Latinum
1042 4612 1369 4668 transferens
1414 4627 1729 4668 sermonem.
1803 4612 1968 4665 Cuius
2012 4612 2318 4676 translatio,
2368 4614 2496 4686 quia
2542 4613 2829 4670 hebraicae
