3309 5300
1179 466 1317 516 Lesses
1344 466 1501 517 explic.
1531 467 1575 507 S.
1602 467 1864 519 Scripturas.
2637 454 2762 521 297
2809 486 2812 489 ·

272 642 487 704 cavit,
523 648 591 692 ut
627 643 793 692 locis
841 644 1294 708 apertioribus
1341 643 1494 693 fami
1542 644 1950 708 occu'rreret,
2001 645 2504 697 obscurioribus
2553 650 2764 693 autem

272 728 565 779 fastidia
590 730 987 795 detergeret.
1022 730 1205 781 Nihil
1242 731 1409 779 enim
1444 730 1585 781 fere
1624 731 1700 781 de
1736 731 1880 781 illis
1918 732 2447 782 obscuritatibus
2487 732 2763 792 eruitur,

272 816 451 879 quod
488 830 621 865 non
657 816 1072 881 planissime
1110 817 1365 867 dictum
1400 817 1573 867 alibi
1621 820 2072 883 reperiatur.“
2118 818 2443 869 Paralleli
2489 819 2764 883 utriusque

272 904 491 972 generis
514 902 623 951 loci
646 907 756 952 tam
780 904 934 952 verb
947 903 1085 952 ales
1111 918 1271 968 quam
1294 904 1512 954 reales
1537 905 1591 953 in
1613 904 1666 955 S.
1690 904 1889 955 Codice
1907 906 1976 955 U.
1995 906 2056 955 Τ.
2078 905 2208 967 dari,
2235 905 2493 970 liquidum
2512 910 2617 955 est:
2645 920 2766 955 cum

270 1004 389 1037 non
424 989 581 1037 modo
610 989 749 1038 duae
783 989 1033 1054 pluresve
1069 992 1385 1052 sententiae,
1424 1006 1521 1040 seu
1547 993 1950 1041 enunciationes
1974 992 2030 1040 in
2055 991 2355 1041 Proverbiis
2383 990 2763 1061 Salomonaeis,

270 1074 533 1123 Historiis
558 1076 623 1125 V.
648 1076 739 1139 T.3
778 1076 1103 1141 Evangeliis,
1130 1076 1403 1141 Epistolis,
1440 1078 1534 1127 sed
1562 1081 1614 1127 et
1646 1078 1856 1143 integra
1893 1078 2087 1143 capita,
2125 1078 2459 1128 narrationes
2495 1092 2766 1127 sermones

270 1161 527 1225 paralleli
580 1162 944 1212 inveniantur:
1001 1179 1225 1227 quorum
1281 1164 1687 1228 comparatio
1745 1180 1864 1213 cum
1917 1164 2136 1230 aliquod
2188 1164 2291 1213 sibi
2342 1164 2522 1213 lumen
2575 1164 2765 1213 afferre

270 1249 501 1312 possint,
540 1249 611 1298 ad
650 1250 1032 1314 capessendam
1068 1251 1311 1311 notitiam
1348 1249 1400 1299 S.
1440 1248 1766 1315 Scriptorum
1802 1256 1959 1315 atque
1997 1255 2444 1319 argumentorum,
2482 1250 2552 1301 ad
2587 1252 2765 1299 varias

270 1334 531 1399 loquendi
572 1338 807 1386 rationes
849 1338 1264 1401 perspiciendas,
1312 1338 1587 1401 interpreti
1622 1352 1816 1401 mag-no
1866 1337 2104 1387 subsidio
2154 1341 2250 1386 est.
2317 1338 2487 1389 Facta
2535 1338 2764 1401 quadam

272 1421 644 1472 familiaritate
680 1438 801 1473 cum
836 1425 955 1488 ipsa
990 1423 1175 1488 lingua
1209 1423 1525 1473 Divinarum
1562 1423 1966 1489 Scripturarum,
2003 1425 2060 1472 in
2095 1438 2163 1473 ea
2199 1439 2338 1489 quae
2377 1425 2605 1473 obscura
2641 1430 2765 1475 sunt

270 1508 571 1572 aperienda
608 1514 665 1559 et
704 1510 1039 1559 discutienda
1074 1510 1152 1558 sic
1186 1510 1513 1575 pergendum
1552 1515 1647 1573 est,
1697 1515 1758 1560 ut
1803 1510 1874 1559 ad
1923 1512 2254 1561 obscuriores
2301 1510 2599 1561 locutiones
2645 1510 2765 1560 illu-

270 1586 525 1645 strandas
551 1595 617 1645 de
638 1596 1088 1645 manifestioribus
1124 1602 1399 1647 sumantur
1435 1596 1695 1661 exempla,
1733 1602 1786 1646 et
1809 1597 2074 1661 quaedam
2099 1601 2356 1649 certarum
2383 1599 2764 1647 sententiarum

270 1683 583 1732 testimonia
608 1682 991 1731 dubitationem
1014 1684 1229 1733 incertis
1255 1684 1518 1733 auferant.
1547 1684 1650 1743 „In
1678 1698 1806 1747 qua
1827 1699 1893 1733 re
1918 1685 2224 1733 memoria
2243 1712 2308 1719 —
2328 1689 2507 1734 nostro
2527 1690 2764 1751 tempore

272 1770 439 1817 etiam
476 1767 907 1819 Concordantiae
940 1786 991 1818 v.
1018 1786 1071 1833 p.
1098 1771 1181 1819 62.
1207 1786 1249 1819 s.
1276 1798 1343 1805 —
1370 1770 1549 1819 valet
1583 1769 1957 1834 plurimum,
1996 1784 2160 1835 quae
2198 1771 2253 1820 si
2291 1770 2600 1833 defuerit,
2637 1786 2765 1821 non

270 1859 499 1919 potest
544 1855 644 1905 his
693 1857 1071 1921 praeceptis
1110 1856 1298 1905 dari.“
1362 1856 1416 1907 S.
1452 1857 1888 1922 Augustinus,
1929 1856 1994 1906 de
2032 1857 2198 1907 doctr.
2236 1855 2358 1907 Chr.
2395 1858 2466 1919 11,
2503 1859 2553 1907 9.
2590 1874 2641 1923 p.
2679 1858 2763 1907 41.

270 1942 351 1991 Ut
382 1958 515 1991 vero
550 1948 697 1991 recte
737 1941 1127 2007 parallelismus
1163 1943 1401 1993 locorum
1439 1942 1491 1993 S.
1518 1942 1571 1993 S.
1608 1944 1932 2006 instituatur,
1973 1945 2252 2010 sequentia
2292 1944 2576 1995 observare
2612 1960 2765 2011 prae-

272 2033 449 2094 cepta,
490 2045 601 2079 non
637 2044 825 2095 parum
862 2030 1126 2079 conferet:
1174 2046 1219 2077 α.
1259 2030 1392 2079 Cum
1417 2032 1473 2080 in
1499 2032 1690 2095 quavis
1713 2030 1899 2096 lingua
1922 2030 2066 2079 haud
2090 2046 2289 2096 paucas
2326 2032 2567 2081 invenire
2602 2047 2764 2101 voces

270 2116 357 2177 sit,
396 2130 537 2179 quae
572 2116 751 2181 plures
790 2131 989 2181 easque
1031 2116 1270 2166 diversas
1306 2117 1543 2166 habeant
1578 2116 2009 2182 significationes,
2046 2132 2387 2183 nequaquam
2425 2120 2602 2187 statim
2639 2134 2763 2169 con-

270 2203 534 2266 sequitur,
584 2217 649 2251 ea
695 2202 817 2251 loca
862 2204 1001 2252 inter
1044 2202 1308 2267 parallela
1356 2219 1473 2253 esse
1525 2204 1902 2268 computanda,
1951 2205 1993 2253 si
2026 2204 2085 2252 in
2123 2204 2310 2253 iisdem
2337 2204 2562 2255 easdem
2601 2221 2764 2255 voces

273 2288 609 2339 dictionesve
635 2289 1105 2353 deprehendimus,
1143 2290 1239 2339 sed
1273 2305 1338 2338 ex
1374 2294 1712 2352 contexta,
1751 2290 2088 2355 loquentis
2127 2290 2411 2340 consilio
2450 2296 2505 2341 et
2541 2292 2762 2341 adiun—

272 2376 401 2423 ctis
436 2374 897 2438 historiarum,
946 2391 1209 2441 quaenam
1247 2392 1437 2426 vocum
1474 2378 1532 2425 in
1568 2378 1758 2441 quovis
1794 2376 1914 2426 loco
1951 2382 2188 2441 potestas
2225 2378 2329 2426 sit?
2376 2378 2476 2427 erit
2509 2377 2763 2427 definien-

272 2461 418 2510 dum.
458 2460 601 2511 Sane
622 2463 803 2527 inepte
830 2462 949 2527 quis
974 2462 1045 2511 ad
1068 2462 1217 2512 locos
1241 2462 1527 2527 parallelos
1545 2463 1770 2513 referret
1791 2464 1987 2513 Joann.
2013 2466 2063 2526 8,
2089 2466 2172 2513 24.
2201 2468 2256 2513 et
2278 2464 2434 2513 Num.
2461 2467 2543 2526 27,
2571 2466 2619 2514 3.
2659 2464 2764 2514 Sed

268 2563 453 2612 neque
492 2546 537 2613 β.
576 2547 647 2597 ad
680 2548 831 2599 locos
866 2548 1153 2613 parallelos
1194 2565 1414 2599 necesse
1452 2554 1533 2599 est
1568 2551 1853 2615 requirere,
1901 2555 1962 2599 ut
1998 2550 2213 2599 easdem
2249 2566 2410 2599 voces
2457 2552 2766 2617 continth

270 2640 371 2684 ant
405 2634 656 2700 phrases3
694 2636 790 2686 sed
825 2635 1069 2701 paralleli
1103 2638 1142 2686 ii
1167 2653 1380 2702 quoque
1416 2638 1602 2688 merito
1639 2637 1919 2700 habentur,
1957 2638 2013 2686 in
2053 2637 2246 2703 quibus
2284 2653 2387 2688 vox
2425 2653 2520 2688 seu
2555 2637 2762 2704 phrasis

268 2738 639 2787 synonyma
672 2723 743 2772 11.
779 2723 912 2788 Reg.
951 2725 1000 2786 8,
1040 2726 1121 2774 18.
1160 2728 1213 2772 et
1246 2724 1290 2772 I.
1329 2724 1561 2789 Paralip.
1603 2725 1684 2787 18,
1725 2726 1835 2788 1‘1-23
1881 2725 2069 2774 Matth.
2109 2728 2190 2787 16,
2218 2727 2300 2774 25.
2339 2729 2392 2774 et
2427 2724 2560 2774 Luc.
2585 2727 2635 2787 9,
2662 2727 2764 2788 24.,

266 2811 383 2860 imo
420 2815 475 2858 et
505 2825 723 2874 prorsus
770 2812 1113 2859 contraria
1158 2815 1213 2859 et
1260 2813 1569 2876 opposita
1615 2811 1839 2876 legitur3
1896 2827 1959 2860 eo
1998 2812 2143 2876 quod
2189 2826 2547 2876 synonyma
2571 2826 2764 2877 ⁸aeque

266 2911 339 2945 ac
380 2897 692 2961 opposita
729 2897 796 2945 ad
832 2896 1233 2961 intelligendum
1270 2898 1548 2962 quemdam
1597 2897 1776 2946 locum
1822 2896 1968 2946 haud
2013 2912 2200 2962 parum
2235 2897 2448 2946 luminis
2486 2897 2766 2948 conferunt

276 3009 319 3051 χ.
364 2983 497 3032 Cum
542 2983 763 3033 eaedem
798 2999 977 3046 voces,
1018 2983 1135 3033 aliis
1162 2989 1321 3049 atque
1346 2984 1467 3034 aliis
1492 2985 1547 3032 in
1572 2983 1724 3046 locis,
1762 2984 1974 3034 diversa
2009 2983 2368 3048 significantes
2403 2985 2762 3048 inveniuntur,

265 3071 441 3136 probe
492 3085 673 3120 earum
720 3071 865 3121 notio
920 3071 1168 3135 generica
1221 3070 1609 3120 consideranda
1665 3075 1774 3134 est3
1826 3076 1878 3120 et
1923 3070 2226 3132 videndum,
2283 3085 2390 3134 qua
2443 3072 2500 3118 in
2551 3087 2608 3120 re
2661 3072 2764 3120 sibi

266 3157 653 3222 respondeant,
700 3158 759 3206 in
794 3172 903 3223 qua
936 3172 1062 3206 vero
1102 3157 1431 3206 dissentiant.
1494 3158 1557 3206 Ε.
1598 3173 1647 3222 g.
1686 3173 1792 3206 vox
1827 3155 2056 3218 δικαιοῦν,
2103 3154 2409 3220 δικαιοσύνη,
2457 3151 2761 3224 ἁμαρτάνειν,

268 3240 542 3312 ἁμάρτημα
587 3244 643 3294 in
690 3244 949 3308 Epistolis
999 3243 1052 3294 S.
1090 3243 1263 3293 Pauli.
1318 3241 1363 3292 δ.
1400 3243 1799 3308 Nonnunquam
1845 3243 2082 3292 diversas
2131 3241 2476 3308 parallelismi
2527 3245 2764 3293 rationes

262 3332 409 3382 inire
447 3335 670 3396 oportet,
706 3336 769 3380 ut
801 3330 953 3380 locus
990 3329 1203 3394 aliquis,
1221 3329 1527 3379 illustretur.
1573 3331 1657 3380 Ita
1693 3346 1738 3380 e.
1765 3346 1812 3378 c.
1837 3329 2014 3378 verbis
2039 3329 2236 3380 Joann.
2261 3329 2323 3378 B.
2348 3330 2546 3379 Joann.
2575 3332 2620 3392 1,
2648 3332 2761 3393 29.;

265 3418 547 3484 parallelis
573 3418 700 3468 Isai.
728 3419 809 3480 16,
831 3419 879 3466 1.
906 3419 989 3480 53,
1018 3419 1095 3480 7.,
1134 3417 1311 3481 quoad
1336 3418 1517 3482 priora
1539 3418 1733 3466 verba:
1770 3413 1896 3478 ,,’ίδε
1931 3411 1957 3464 ὅ
1995 3410 2178 3484 ἀμνὸς
2214 3416 2316 3465 τοῦ
2355 3412 2544 3466 Θεοῦ·α
2580 3416 2762 3466 lumen

268 3505 511 3567 affertur,
546 3505 791 3554 instituto
826 3502 1189 3568 parallelismo
1228 3519 1345 3554 cum
1383 3503 1824 3568 frequentissimis
1861 3503 1944 3552 his
1982 3507 2036 3552 et
2073 3502 2388 3568 aequalibus
2425 3502 2489 3552 V.
2514 3504 2576 3552 F.
2613 3503 2760 3553 locu·

266 3592 509 3642 tionibus
534 3619 602 3628 ·—
626 3591 758 3642 Lev.
796 3592 879 3651 24,
917 3591 966 3638 9.
1004 3589 1267 3639 sacrificia
1302 3590 1519 3639 Domini
1558 3591 1627 3639 ib.
1667 3592 1750 3652 23,
1791 3592 1873 3640 12.
1909 3589 2280 3640 holocaustum
2315 3589 2548 3651 Domini,
2585 3590 2757 3640 Exod.

270 3681 361 3740 29,
389 3679 469 3733 18.
507 3677 726 3727 victima
760 3677 981 3726 Domini
1012 3705 1075 3712 -—
1101 3677 1295 3741 quibus
1331 3677 1705 3741 Hagiographi
1740 3675 2042 3742 significare
2080 3681 2486 3736 consueverunt,
2525 3675 2760 3740 aliquam

270 3780 385 3814 rem
410 3765 459 3814 D
475 3780 503 3814 e
518 3780 549 3813 ο
574 3778 783 3814 sacram
806 3764 919 3812 sive
945 3763 1065 3814 dev
1081 3779 1111 3813 o
1124 3767 1269 3814 tam.
1305 3763 1461 3824 Quod
1487 3765 1678 3814 attinet
1691 3764 1765 3813 'ad
1782 3764 2079 3828 posteriora
2097 3768 2302 3812 autemz
2337 3777 2496 3823 „ecce
2515 3763 2606 3826 qui
2624 3761 2763 3824 tollit

270 3856 557 3916 peccatum
580 3850 825 3914 mundi“;
867 3845 894 3898 ὁ
932 3845 1121 3916 α’ίρων
1156 3845 1263 3913 τὴν
1300 3837 1612 3917 ἁμαρτίαν
1634 3851 1739 3898 τοῦ
1771 3845 2032 3917 κόσμου;
2069 3848 2204 3898 haec
2228 3848 2392 3898 verba
2415 3848 2556 3898 idem
2579 3848 2760 3898 valere

270 3953 369 3988 ac:
408 3937 693 3998 solvere,
730 3937 1027 4002 pendere
1056 3941 1477 4002 peccatorum
1516 3951 1788 4002 poenas,
1819 3936 2160 3986 confirmatur
2186 3934 2306 3985 coll.
2326 3935 2360 3984 L
2379 3935 2552 3985 Exod.
2573 3937 2654 3997 28,
2676 3937 2762 3984 43.

270 4025 407 4074 Lev.
442 4025 493 4087 5,
522 4026 606 4073 17.
637 4025 733 4074 ubi
769 4023 954 4074 eadem
990 4023 1209 4085 locuti0,
1246 4028 1341 4072 aut
1376 4023 1632 4087 aequalis,
1673 4037 1810 4088 quae
1845 4023 1986 4072 idem
2021 4022 2216 4084 valeat,
2253 4021 2496 4072 habetur.
2536 4021 2672 4072 Coll.
2709 4026 2762 4070 et

268 4112 316 4160 Ι.
353 4111 469 4160 Pet.
508 4113 557 4172 2,
596 4111 679 4160 24.
715 4110 779 4160 V.
818 4109 1019 4160 Comm.
1056 4126 1108 4159 n.
1146 4125 1198 4174 p.
1237 4111 1354 4159 270.
1386 4125 1427 4160 s.
1465 4109 1713 4174 Denique
1752 4125 1787 4158 ε.
1827 4108 2186 4158 definiendum
2221 4113 2318 4170 est,
2357 4109 2574 4172 quinam
2608 4108 2760 4158 locus

274 4213 304 4246 e
342 4198 551 4247 duobus
590 4202 683 4246 aut
716 4196 961 4261 pluribus
997 4196 1269 4262 parallelis
1307 4195 1501 4246 clarior
1536 4197 1605 4244 sit
1640 4197 1868 4246 ceteris?
1903 4200 2066 4260 atque
2092 4211 2158 4244 ex
2184 4194 2276 4244 illo
2313 4199 2610 4244 ceterorum
2641 4193 2758 4242 illu—

274 4285 459 4335 stratio
508 4284 757 4348 petenda,
810 4288 865 4332 et
898 4285 945 4332 si
980 4299 1119 4332 unus
1163 4282 1453 4349 parallelus
1488 4298 1598 4332 non
1643 4281 1842 4332 sufficit
1876 4284 1952 4332 rei
1989 4279 2370 4343 conficiendae,
2407 4281 2501 4330 alii
2539 4281 2757 4346 conqui-

272 4375 457 4421 rantur
481 4385 546 4419 ac
572 4375 957 4435 comparentur.
995 4371 1059 4418 In
1084 4385 1187 4434 quo
1215 4375 1393 4419 autem
1418 4369 1726 4433 discrepent
1760 4367 2003 4434 paralleli
2031 4369 2097 4418 ab
2126 4361 2319 4417 analo
2331 4369 2428 4432 gis
2465 4366 2597 4416 locis
2625 4365 2678 4416 S.
2705 4365 2758 4416 S.

275 4456 434 4508 facile
470 4457 803 4522 perspicitur.
841 4457 1080 4506 Plurima
1112 4457 1299 4521 utique
1337 4457 1517 4520 capita
1548 4457 1604 4504 in
1630 4455 1684 4504 S.
1709 4456 1926 4520 Paginis
1951 4455 2185 4520 reperire
2211 4459 2308 4516 est,
2349 4468 2488 4518 quae
2521 4453 2758 4503 iisdem

274 4545 383 4594 fere
437 4543 664 4592 verbis
717 4543 1081 4608 descripta,
1136 4559 1261 4592 non
1316 4541 1519 4592 semel
1571 4542 1896 4608 leguntur.
1969 4542 2032 4590 E.
2079 4557 2125 4590 c.
2172 4541 2242 4590 II.
2278 4541 2409 4606 Reg.
2448 4542 2532 4602 22,
2571 4541 2757 4589 2-51,

270 4631 359 4681 Ps.
388 4632 472 4693 18,
498 4634 547 4682 1.
572 4631 633 4680 Τ.
661 4629 753 4695 Ο.;
797 4631 877 4694 17,
908 4632 953 4682 1.
978 4647 1021 4682 s.
1058 4629 1123 4681 V.
1160 4629 1201 4681 1.
1227 4629 1402 4682 Paral.
1432 4631 1513 4693 16,
1540 4630 1762 4680 23—-33,
1789 4633 1844 4680 et
1869 4629 1954 4680 Ps.
1983 4629 2100 4679 105.
2124 4628 2184 4677 Τ.
2213 4627 2303 4697 O.3
2345 4627 2460 4682 104.
2487 4625 2550 4676 V.
2574 4625 2756 4679 Paral-
