3309 5300
992 1377 1002 1387 ⁴
1086 1338 1613 1434 CAPUT
1705 1338 2476 1434 TERTIUM.

1600 1562 1775 1597 suono
1811 1562 1962 1597 PRIOR

1280 1703 1946 1779 HERMENEUTICA
2008 1702 2292 1779 SACRA.

661 1998 720 2075 ξ.
773 1996 915 2061 105.
978 1992 1181 2073 Quid
1229 1994 1327 2056 sit
1372 1996 1701 2075 ἑρμηνεία
1743 1992 2206 2057 Divinarum
2256 1992 2899 2078 Scripturarum‘?

748 2185 1050 2265 Ἑρμηνεία
1099 2190 1208 2245 sive
1260 2191 1555 2259 empticatio
1600 2190 1937 2244 Divinarum
1985 2189 2400 2260 Scripturarum
2453 2198 2528 2243 est
2587 2209 2650 2245 ea
2707 2191 3037 2261 discipli-na,

538 2296 827 2349 secundum
872 2313 1031 2365 quam
1071 2296 1203 2365 pius
1258 2301 1307 2348 et
1368 2300 1598 2348 attentus
1647 2294 1813 2348 Sacri
1860 2294 2076 2349 Codicis
2138 2296 2302 2348 lector
2359 2313 2616 2348 sensum
2663 2297 3035 2349 Librorum

550 2400 915 2469 Utriusque
981 2399 1418 2465 Testamenti,
1485 2399 1747 2451 iustorum
1817 2400 2032 2469 quidem
2099 2398 2555 2453 adminiculorum
2623 2418 2720 2469 ope
2780 2406 2918 2453 recte
2977 2407 3032 2453 et

541 2510 680 2557 certo
726 2521 1048 2575 eoqnoscere‚
1098 2504 1467 2575 coquitumque
1521 2504 1734 2557 dextere
1778 2502 1860 2555 ita
1907 2502 2040 2555 aliis
2086 2504 2301 2556 tradere
2343 2504 2530 2573 possit,
2577 2512 2636 2558 ut
2679 2504 2753 2556 iis
2785 2522 3030 2573 persua-

538 2609 748 2662 deatur.
798 2606 988 2661 Omnis
1035 2602 1297 2681 ἑρμηνεία
1342 2606 1515 2679 igitur
1560 2608 1775 2660 duabus
1833 2608 1992 2661 rebus
2051 2609 2368 2675 continetur,
2429 2609 2722 2679 qenuino
2773 2614 3037 2663 senten-

540 2714 793 2768 tiarum
867 2713 1095 2766 verbis
1162 2711 1475 2782 Spiritus
1536 2711 1593 2766 S.
1657 2729 1762 2780 per
1826 2711 2258 2782 Haqioqraphos
2332 2713 2594 2782 loquentis
2666 2715 3036 2767 subiectarum

538 2817 811 2870 intellectu
823 2835 844 2885 ;
903 2833 1189 2885 earumque
1249 2817 1446 2868 idonea
1509 2817 1898 2884 explicatio
1913 2835 1946 2868 n
1962 2834 2004 2873 e.
2094 2817 2160 2869 Ut
2205 2817 2308 2870 illa
2371 2835 2508 2887 quae
2559 2811 2682 2892 περὶ
2730 2813 3032 2891 ἑρμηνείας

538 2921 704 2975 Sacri
740 2919 956 2974 Codicis
986 2937 1261 2974 occurrere
1298 2926 1532 2990 possunt
1573 2920 1631 2972 in
1663 2938 1872 2973 summa
1917 2922 2362 2990 complectamur;
2398 2921 2643 2992 primum
2689 2921 2902 2990 quidem
2949 2921 3034 2974 ad

526 3025 772 3094 finem,
822 3024 1016 3078 deinde
1061 3026 1137 3078 ad
1182 3025 1403 3078 media
1448 3019 1743 3098 ἑρμηνείας
1789 3025 1891 3078 erit
1935 3024 2348 3094 respiciendum.
2423 3025 2620 3079 Finis
2656 3025 3026 3094 proximus

539 3129 687 3182 alius
732 3146 843 3182 esse
886 3129 1087 3198 nequit,
1134 3147 1296 3198 quam
1342 3135 1410 3180 ut
1454 3146 1672 3180 verum
1719 3135 1775 3181 et
1820 3128 2173 3198 qenuinum
2225 3128 2282 3182 S.
2313 3129 2721 3199 Scripturas
2764 3147 3036 3182 sensum

542 3251 910 3302 assequamur.
959 3232 1115 3295 Quod
1144 3233 1203 3286 in
1234 3233 1380 3295 omni
1424 3233 1671 3286 oratione
1717 3233 2046 3302 empticanda
2091 3233 2396 3302 promiscue
2443 3235 2639 3302 valeat,
2687 3251 2822 3303 quae
2851 3233 3036 3302 capli-

543 3337 711 3390 candi
754 3337 975 3408 regulae
1026 3337 1333 3407 potissimis
1392 3338 1698 3391 orationum
1760 3337 2034 3406 speciebus
2078 3337 2187 3389 sint
2223 3337 2524 3407 propr-iae,·
2568 3339 2718 3390 docet
2766 3337 3031 3390 Herme-

538 3441 809 3494 neutica
856 3441 1300 3511 universalis,
1348 3460 1485 3512 quae
1530 3459 1648 3494 cum
1696 3443 1772 3494 ad
1816 3460 1995 3494 verum
2059 3459 2266 3494 sensum
2331 3443 2712 3510 reperiundum
2759 3442 3031 3510 diriqunt,

538 3550 675 3597 recte
720 3546 883 3598 etiam
914 3547 991 3598 ad
1019 3545 1075 3600 S.
1115 3545 1439 3616 Scripturae
1484 3546 1857 3615 applicantur.
1911 3545 2019 3598 Sed
2065 3547 2196 3615 quia
2242 3547 2412 3600 multa
2445 3547 2504 3598 in
2537 3547 2764 3598 Divinis
2798 3545 3038 3618 Payinis

538 3649 816 3717 habentur,
878 3668 1014 3720 quae
1074 3669 1332 3721 maqnam
1402 3651 1515 3704 eius
1583 3650 1947 3718 differentiam
2003 3652 2072 3702 ab
2127 3650 2353 3702 humani
2417 3651 2627 3722 ingenii
2691 3650 3036 3704 monimentis

539 3753 824 3808 ostendunt
834 3771 856 3820 ;
923 3754 1063 3808 talia
1131 3754 1477 3826 generalibus
1544 3755 1992 3824 explicandorum
2062 3755 2328 3807 librorum
2392 3755 2595 3826 reyulis
2655 3756 2865 3808 subesse
2921 3773 3032 3807 non

529 3863 777 3927 possunt,
823 3859 916 3912 sed
955 3860 1449 3928 peculiaribus.
1504 3859 1654 3921 Quae
1695 3865 1869 3912 tamen
1900 3859 1981 3912 ita
2015 3860 2262 3926 dicimus,
2299 3865 2490 3912 utnon
2529 3858 2862 3928 inficiemur.-
2908 3858 3032 3912 ideo

538 3979 837 4014 communes
880 3963 1281 4032 interpretandi
1336 3964 1474 4036 loyes
1520 3965 1596 4016 ad
1649 3961 1814 4017 Sacri
1861 3962 2080 4017 Codicis
2112 3954 2552 4033 'empticationem
2615 3963 3036 4030 transferendas

538 4083 678 4133 esse‚·
744 4067 899 4120 modo
968 4084 1059 4121 eas
1124 4069 1273 4120 solas
1338 4068 1585 4136 sufficere
1652 4087 1761 4121 non
1836 4068 2190 4122 arbitramur.
2295 4068 2538 4139 Reyutas
2605 4067 3036 4120 universales

538 4169 823 4241 Loqica,
861 4172 1266 4240 peculiares
1318 4172 1687 4243 Theoloyia
1731 4171 2067 4242 suppeditat.
2161 4172 2390 4225 Media
2435 4173 2578 4241 quod
2625 4172 2819 4224 attinet
2863 4171 3033 4224 inter·

534 4274 877 4344 pretationis,
923 4293 1031 4328 non
1090 4274 1252 4327 unius
1303 4282 1429 4328 sunt
1480 4278 1724 4347 yeneris,·
1767 4276 2096 4346 quaedam
2149 4276 2288 4328 enim
2333 4294 2408 4328 ea:
2450 4277 2683 4330 indole
2729 4282 2776 4329 et
2822 4281 3028 4328 natura

538 4379 859 4430 sermonis
893 4381 1108 4449 fluunt,·
1151 4380 1483 4450 quaedam
1515 4398 1540 4432 e
1570 4399 1612 4432 s.
1646 4381 1701 4435 d.
1734 4379 2249 4448 affectionibus
2279 4379 2336 4434 S.
2369 4379 2690 4449 Scripturas
2723 4385 3028 4433 sumuntur.

540 4483 631 4534 1⁴:ae
692 4483 1063 4552 applicatione
1124 4484 1293 4555 lequm
1349 4502 1485 4554 quas
1547 4483 1757 4556 Loyica
1818 4491 1866 4537 el
1931 4484 2220 4556 leeoloqia
2283 4484 2616 4550 ministrant,
2679 4483 2855 4536 oritur
2901 4484 3028 4551 ipsa

540 4582 826 4660 ,ἑρμηνεία
857 4586 1059 4642 Sacri
1108 4584 1423 4657 Codicis‘,
1454 4606 1590 4658 quae
1621 4589 1784 4642 etiam
1817 4579 2132 4664 Ἐξήγεσις,
2166 4589 2537 4658 ,Exeqesis‘
2573 4587 2752 4642 Sacra
2787 4595 3033 4666 vocatur.
