3309 5300
624 440 753 503 260
1322 450 1557 493 Commeat.
1588 446 1641 491 'de
1670 452 1714 491 S.
1735 446 1945 501 scriptur.
1975 461 2068 501 cap.
2098 444 2202 491 tert.
2231 450 2340 490 sect.
2371 446 2404 489 1.

624 624 691 690 S.
741 624 1117 711 Scripturae
1166 623 1428 710 oblique
1475 625 1833 707 enuntiant,
1881 625 1933 687 si
1981 622 2410 687 conferuntur
2457 644 2603 686 cum
2665 620 2802 684 aliis
2850 620 3095 706 quibus-

626 737 777 801 dam
811 736 877 801 S.
914 736 1290 821 Scripturae
1325 735 1648 822 partibus3
1695 759 1821 800 nec
1851 736 1973 800 nisi
2017 745 2314 800 remote
2347 734 2470 799 illis
2517 757 2607 798 sc.
2639 732 2900 816 rebus,
2949 756 3095 819 quas

624 850 767 935 ipsa
812 849 1178 934 significant
1221 850 1754 935 interpositis.

830 962 1304 1025 Definitiones
1286 984 1469 1047 1psae
1500 962 1829 1025 variorum
1857 983 2164 1025 sensuum
2197 962 2350 1025 satis
2382 960 2804 1045 patefaciunt,
2835 958 3009 1023 unde
3037 960 3096 1024 id

629 1038 920 1138 habeant
950 1072 1015 1139 S.
1040 1073 1440 1160 Scripturae,
1476 1074 1653 1160 quod
1683 1096 1816 1137 non
1848 1074 2111 1137 unicum
2144 1072 2262 1165 sed
2287 1071 2613 1159 duplicem
2647 1093 2906 1136 sensum
2938 1070 3097 1134 exhi-

622 1185 782 1250 bere
831 1195 1107 1272 queant:
1160 1210 1245 1251 ex
1293 1210 1371 1252 eo
1417 1185 1746 1268 videlicet,
1796 1185 2020 1272 quod
2003 1209 2070 1248 1n
2100 1187 2176 1249 iis
2211 1194 2473 1271 praeter
2505 1207 2603 1267 ea,
2653 1206 2822 1270 quae
2870 1184 3094 1248 directe

628 1300 1049 1362 enuntiantur
1096 1310 1160 1364 et
1204 1300 1595 1385 proxime,
1653 1298 1782 1362 alia
1829 1296 2150 1384 quaedam
2200 1296 2516 1383 oblique
2572 1297 2904 1378 dicuntur,
2960 1296 3096 1361 licet

626 1421 903 1498 utraque
937 1410 1213 1497 Spiritus
1248 1411 1529 1476 Sanctus
1563 1411 1862 1475 directe
1895 1409 2262 1475 intenderit.
2303 1408 2601 1473 Tandem
2636 1430 2915 1490 cum.ea,
2947 1430 3093 1493 quae

628 1522 693 1588 S.
744 1523 1081 1610 Scriptura
1125 1523 1327 1588 habet
1370 1524 1478 1588 vel
1529 1522 1754 1608 leges
1801 1524 1954 1606 sint,
2009 1522 2117 1588 vel
2167 1522 2587 1605 historiae,
2647 1520 2756 1585 vel
2816 1519 3095 1605 religiosa

629 1634 1025 1720 dogmata,
1088 1637 1196 1701 vel
1254 1660 1549 1701 morum
1609 1645 2048 1722 praecepta
2108 1644 2305 1721 atque
2366 1636 2735 1699 instituta
2793 1633 2900 1697 vel
2949 1656 3093 1718 pro·

627 1748 725 1834 ph
740 1750 985 1833 etiae3
1032 1749 1554 1814 animadvertere
1601 1751 1814 1813 iuvat:
1861 1748 2080 1833 Leges
2127 1756 2193 1812 et
2223 1747 2519 1813 historias
2565 1747 2812 1811 directe
2861 1768 3096 1831 semper

627 1860 876 1945 verbis,
949 1884 1297 1949 expressas
1368 1884 1545 1946 esse3
1614 1859 1864 1948 reliqua
1932 1860 2127 1927 modo
2192 1861 2520 1946 proxime,
2587 1858 2786 1925 modo
2856 1858 3092 1945 oblique

629 1964 1081 2061 enunciantur.

867 2274 925 2351 ξ.
979 2274 1120 2337 108.
1158 2268 1373 2349 Quid
1421 2279 1493 2333 et
1538 2246 1982 2355 quotuplex
2027 2268 2127 2333 sit
2171 2290 2443 2332 sensus
2489 2266 2887 2331 literalis?

830 2460 897 2523 'E
932 2459 1119 2525 dictis
1154 2460 1329 2523 clare
1365 2468 1638 2541 constat,
1675 2458 1831 2544 quid
1871 2459 1949 2523 sit
1979 2467 2254 2545 uterque
2287 2481 2515 2522 sensus
2547 2456 2612 2523 S.
2641 2458 2707 2522 S.
2741 2457 3090 2540 ,literalis‘

632 2583 697 2637 et
728 2575 1038 2659 ,spiritu
1053 2572 1239 2637 alis‘.
1299 2571 1730 2637 Nihilominus
1764 2570 2179 2636 difficultates
2213 2574 2388 2636 circa
2418 2574 2573 2635 istas
2603 2572 2858 2658 species
2889 2592 3089 2635 sensus

632 2686 698 2750 S.
735 2686 801 2751 S.
853 2686 1157 2751 obmotae
1188 2709 1309 2751 nos
1360 2695 1623 2771 cogunt,
1670 2695 1742 2748 ut
1773 2709 1892 2749 sua
1920 2708 2040 2771 pro
2072 2707 2472 2772 unoquoque
2510 2686 2880 2749 instituatur
2921 2707 3088 2769 quae-

528 2811 531 2817 '
631 2801 775 2882 stio,
823 2798 987 2863 haec
1022 2799 1285 2885 quidem
1317 2823 1436 2886 pro
1470 2797 1721 2882 literali,
1771 2808 1837 2863 et
1865 2820 2148 2884 sequens
2179 2822 2298 2884 pro
2340 2797 2676 2884 spirituali.
2733 2796 2896 2862 Cum
2923 2799 3091 2881 igitur

632 2913 889 2997 quoties
933 2911 1152 2977 verbis
1199 2914 1557 2998 proxime
1605 2935 1685 2976 ac
1732 2911 2035 2975 directe
2083 2911 2330 2997 aliquid
2373 2910 2740 2996 significare
2776 2909 3092 2973 intenderit

632 3023 911 3110 Spiritus
933 3024 1233 3107 SanctuS,
1259 3027 1449 3089 toties
1476 3047 1704 3088 sensus
1736 3023 2071 3089 literalis
2105 3032 2442 3108 exsurgat:
2471 3032 2620 3087 ante
2647 3023 2864 3088 omnia
2885 3043 3091 3084 caven·

634 3136 807 3220 dum,
856 3160 938 3201 ne
988 3159 1250 3201 sensum
1296 3136 1700 3200 literalem
1747 3159 1865 3200 seu
1908 3138 2052 3197 κατὰ
2086 3138 2148 3197 τὸ
2181 3138 2340 3218 ῥητὸν
2388 3135 2718 3200 eundem
2759 3133 3090 3199 ⁴habeamus

634 3273 712 3314 ac
745 3251 1155 3336 proprium
1185 3251 1328 3311 κατὰ
1357 3248 1531 3331 λέξιν,
1568 3249 1747 3335 quod
1775 3251 1920 3334 ipsa
1943 3272 2171 3314 sensus
2205 3248 2582 3314 definitione
2612 3247 2954 3330 refellitur3
2987 3270 3093 3332 qua

634 3361 850 3426 edocti
900 3385 1119 3426 sumus
1162 3362 1615 3445 differentiam,
1667 3384 1836 3447 quae
1869 3361 2214 3426 intercedit
2259 3384 2520 3425 sensum
2558 3363 2728 3425 inter
2773 3359 3092 3424 Sacrarum

632 3473 1127 3561 Scripturarum
1186 3487 1266 3538 ac
1330 3484 1698 3538 ceterorum
1765 3473 2098 3539 librorum.
2173 3474 2380 3538 Porro
2435 3472 2657 3559 liquet,
2723 3497 2842 3537 cur
2896 3495 3095 3537 sensus

632 3586 921 3652 literae
968 3585 1336 3672 adpelletur
1367 3586 1493 3670 ille,
1527 3610 1718 3671 quem
1765 3586 2106 3673 Spiritus
2155 3585 2220 3651 S.
2258 3586 2562 3651 directe
2592 3586 2889 3650 intendit.
2932 3585 3094 3648 Mens

642 3702 884 3786 quippe
946 3699 1301 3785 legentium
1358 3701 1423 3762 in
1479 3699 1658 3764 illum
1717 3723 2001 3781 sensum,
2063 3709 2246 3764 recta
2304 3699 2513 3764 fertur
2566 3701 2692 3764 via.
2767 3699 3092 3763 Enimvero

632 3814 973 3897 contingit,
1022 3822 1095 3876 ut
1142 3835 1288 3876 cum
1334 3835 1536 3876 unum
1583 3813 1877 3895 dicimus,
1935 3813 2021 3877 ad
2066 3812 2240 3876 aliud
2286 3821 2548 3898 praeter
2591 3811 2659 3875 id
2703 3810 3095 3876 indicandum

638 3935 863 3990 nostra
907 3948 1092 3989 mens
1125 3925 1321 3990 modo
1358 3925 1643 4011 quodam
1674 3926 1992 3992 indirecto
2025 3927 2284 4008 tendat3
2335 3924 2510 4012 quod
2547 3935 2769 3989 tamen
2799 3936 2870 3989 ut
2899 3947 3096 3989 sensus

633 4036 903 4103 ‚literalis
962 4036 1314 4102 verborum
1374 4037 1602 4102 haberi
1662 4062 1794 4103 non
1854 4048 2098 4124 potest,
2162 4041 2315 4124 quia
2367 4037 2526 4102 illud
2584 4036 2806 4102 verbis
2861 4039 3096 4100 minime

637 4131 1084 4234 exprimimus,
1132 4150 1473 4236 solumque
1520 4151 1934 4216 audientibus
1965 4153 2167 4216 tacita
2203 4153 2670 4216 consecutione
2715 4149 3098 4215 inferendum

639 4263 1090 4347 permittimus.
1154 4262 1545 4328 Addidimus
1577 4273 1794 4328 autem
1826 4266 2093 4350 insuper
2122 4265 2518 4349 ,proxime‘
2555 4265 2607 4327 si
2646 4265 2942 4327 nimirum
2969 4285 3096 4348 pro-

639 4376 818 4459 prius
853 4385 981 4458 est;
1016 4376 1171 4461 quin
1202 4375 1347 4459 alia,
1383 4399 1551 4462 quae
1579 4375 1857 4461 Spiritus
1883 4375 2162 4440 Sanctus
2194 4375 2351 4440 velit
2383 4375 2664 4459 edicere,
2696 4373 3095 4464 intercedant,

628 4495 707 4549 ut
749 4486 821 4550 fit
866 4487 933 4551 in
979 4510 1176 4552 sensu
1222 4487 1554 4574 spirituali.
1621 4468 1765 4552 ⁸Ubi
1811 4498 2030 4552 autem
2075 4487 2282 4553 verba
2332 4488 2688 4573 figurate
2737 4487 2909 4557 dicta
2951 4496 3096 4570 sunt,

634 4597 806 4662 inter
852 4622 1077 4663 eorum
1121 4623 1383 4664 sensum
1420 4599 1739 4665 literalem
1777 4601 2126 4665 intercedit
2164 4587 2438 4688 propria*
2463 4625 2690 4667 eorum
2721 4600 3094 4689 significati0‚
