3309 5300
556 398 647 461 34
695 426 703 436 ⁸
1246 408 1483 452 comment.
1515 408 1568 449 (18
1597 411 1638 449 S.
1663 407 1876 460 scriptur.
1908 418 2001 459 cap,
2031 404 2157 459 prim.
2186 404 2296 448 sect.
2324 403 2357 447 1.

553 587 619 636 de
658 588 930 651 Scriptura
967 585 1253 635 elucidavit
1287 583 1349 632 A.
1379 583 1439 633 A.
1478 581 1704 633 Touttee
1730 600 1797 632 m.
1822 584 1955 632 Ben.
1984 581 2042 632 C.
2081 599 2122 632 s.
2156 582 2348 644 Mauri,
2388 582 2513 631 diss.
2540 581 2639 629 111.
2681 582 2761 642 13,
2790 581 2874 629 98.
2902 593 2943 627 s.
2984 576 3052 625 de

553 674 796 723 doctrina
831 689 872 723 s.
901 670 1087 737 Cyri-lli
1121 671 1272 719 Hier.
1297 686 1348 734 p.
1377 671 1496 719 241.
1522 684 1583 731 s.,
1621 685 1780 734 quem
1818 669 1977 719 adeat
2012 670 2104 732 qui
2140 668 2243 718 hac
2280 669 2345 718 de
2382 684 2440 717 re
2476 666 2633 733 plura
2668 668 2806 715 scire
2842 669 2988 715 avet.

762 760 911 819 Quae
949 774 1070 807 cum
1095 758 1170 806 ita
1201 758 1334 806 sint:
1381 757 1646 806 exstitisse
1686 755 1975 821 aliquando
2002 756 2140 804 inter
2164 755 2494 804 Judaeorum
2522 752 2847 803 Graecorum
2886 758 3055 816 atque

552 847 922 895 Hebraeorum
947 844 1222 893 Canonem
1248 841 1300 891 S.
1329 842 1381 892 S.
1411 842 1777 902 differentiam,
1816 824 1871 891 in
1897 842 2117 892 dubium
2152 856 2347 891 vocare
2384 856 2484 891 nos
2508 839 2705 889 idonea
2737 842 3055 905 argumenta

559 948 840 994 monuere3
879 930 975 980 sed
1014 936 1065 979 et
1099 931 1403 979 testimonia
1439 944 1771 994 persuasere.
1832 929 2051 979 Interim
2085 929 2339 989 fatemur,
2376 927 2521 977 haud
2555 941 2793 991 unquam
2829 924 3055 974 definire

558 1019 790 1083 aliquem
839 1034 1023 1083 posse,
1073 1033 1179 1082 quo
1216 1022 1454 1081 tempore
1503 1017 1703 1066 Judaei
1752 1015 2027 1066 Canonem
2072 1016 2246 1076 illum,
2297 1030 2457 1079 quem
2495 1030 2561 1063 ex
2596 1029 2759 1079 supra
2804 1012 3057 1077 allegatis

555 1106 868 1155 testimoniis
907 1106 1166 1165 novimus,
1205 1104 1420 1153 remotis
1457 1103 1580 1165 illis,
1622 1105 1715 1167 qui
1751 1107 2029 1167 praeterea
2064 1104 2121 1151 in
2158 1102 2379 1152 Canone
2415 1102 2695 1151 Ecclesiae
2734 1099 3052 1149 Catholicae

556 1194 893 1241 continentur
929 1191 1125 1252 Libris,
1165 1190 1476 1240 defixerint?
1523 1190 1644 1239 Hoc
1681 1189 1741 1239 fit
1765 1206 1943 1255 saepe,
1982 1194 2043 1238 ut
2064 1183 2120 1237 τὸ
2150 1186 2199 1237 τί
2224 1193 2426 1237 certum
2451 1189 2543 1252 sit3
2583 1192 2637 1237 et
2672 1180 2746 1235 διὸ
2782 1182 2831 1235 τί
2865 1187 3052 1246 lateat,

559 1285 617 1329 ut
641 1279 803 1342 prisci
828 1280 935 1327 iam
960 1281 1292 1327 monuerunt.
1345 1277 1425 1325 Cf.
1453 1292 1500 1325 a.
1527 1292 1566 1325 r.
1595 1275 1827 1341 Himpel,
1858 1277 1915 1324 in
1948 1276 2083 1325 Tiib.
2110 1274 2473 1336 Quartalschr.
2502 1276 2651 1323 1862.
2676 1273 2719 1335 Ι,
2751 1276 2866 1322 179.
2916 1272 3055 1321 Rem

563 1371 822 1427 tenemus,
861 1364 1077 1413 modum
1113 1365 1396 1413 nescimus.
1452 1361 1610 1412 Certe
1645 1362 1931 1413 Baruchi
1968 1362 2159 1412 librum
2196 1364 2376 1427 primis
2414 1366 2535 1428 post
2560 1361 2826 1411 Christum
2864 1364 3053 1408 natum

561 1451 809 1513 saeculis,
848 1453 905 1499 in
931 1452 1217 1515 Synagoga
1241 1452 1520 1499 recitatum
1544 1450 1728 1511 fuisse,
1768 1466 1833 1499 ex
1867 1448 2349 1500 Constitutionibus
2384 1465 2433 1513 q.
2459 1464 2509 1497 v.
2536 1447 2861 1513 Apostolicis
2892 1451 3055 1511 atque

562 1555 602 1588 s.
628 1538 935 1602 Ephraemo
973 1538 1040 1586 H.
1067 1538 1130 1585 R.
1157 1539 1223 1586 D.
1251 1538 1312 1586 V.
1339 1538 1400 1585 T.
1428 1553 1478 1602 p.
1506 1538 1624 1585 449.
1664 1536 1954 1586 retulimus.
2008 1537 2046 1585 J
2056 1536 2326 1585 udithae
2364 1534 2555 1583 librum
2592 1534 2736 1599 apud
2770 1534 3057 1583 Hebraeos

559 1626 698 1673 inter
734 1624 1118 1690 Hagiographa
1165 1624 1271 1688 legi
1317 1606 1545 1674 testatur
1594 1640 1634 1672 s.
1674 1624 2059 1687 Hieronymus,
2110 1623 2275 1687 praef.
2314 1622 2368 1671 in
2407 1621 2650 1670 eundem.
2712 1621 2835 1669 Non
2880 1621 3058 1669 minus

560 1712 663 1775 ipsi
701 1712 858 1760 etiam
897 1711 1093 1775 Judaei
1130 1710 1322 1759 librum
1359 1710 1732 1759 Ecclesiastici
1768 1712 1907 1759 inter
1941 1708 2326 1774 Hagiographa
2375 1712 2745 1769 numerarunt,
2795 1711 2856 1756 ut
2901 1705 3061 1755 docet

560 1797 674 1846 Jos.
713 1798 778 1845 de
805 1798 1008 1858 Voisin,
1047 1813 1280 1861 prooem.
1308 1812 1432 1861 pug.
1459 1796 1583 1845 fidei
1610 1797 1693 1845 ed.
1721 1797 1995 1861 Carpzow.
2028 1812 2079 1860 p.
2110 1796 2224 1845 125.
2255 1798 2389 1856 126„
2430 1796 2520 1859 qui
2546 1812 2575 1844 e
2602 1794 2832 1845 Gemara
2869 1798 2924 1843 et
2959 1793 2997 1842 l.
3022 1792 3058 1841 l.

563 1883 829 1931 Tzemach
867 1883 1045 1931 David
1083 1884 1386 1933 testimonia
1423 1884 1525 1931 huc
1563 1884 1819 1932 facientia
1854 1882 2055 1932 laudat.
2105 1882 2255 1941 Idem
2280 1880 2313 1929 l.
2341 1898 2388 1929 c.
2412 1898 2463 1945 p.
2492 1883 2607 1930 126.
2637 1884 2751 1930 127.
2781 1882 2897 1930 128.
2935 1880 3063 1929 loca

575 1971 785 2031 excitat,
827 1971 1022 2034 quibus
1048 1970 1246 2019 Judaei
1284 1970 1658 2018 commendant
1687 1968 1961 2018 volumina
1986 1968 2310 2033 Sapientiae,
2337 1968 2557 2029 Tobiae,
2584 1968 3060 2017 Machabaeorum.

561 2055 906 2106 Philonem
945 2056 1227 2121 Scriptis
1259 2057 1582 2121 Sapientiae,
1615 2055 1933 2117 Salomonis,
1968 2054 2257 2117 Siracidae,
2294 2056 2511 2117 Tobiae,
2538 2056 2815 2119 utriusque
2841 2054 3062 2103 Macha-

563 2145 820 2211 baeorum
853 2143 1020 2192 veluti
1055 2144 1318 2192 Divinis
1356 2159 1510 2192 usum
1547 2143 1737 2204 fuisse,
1782 2143 2013 2207 probant
2047 2143 2351 2207 frequentia
2386 2142 2533 2205 loca,
2573 2158 2712 2207 quae
2751 2158 2785 2191 a
2822 2141 3059 2191 celeber-

563 2233 694 2281 rimo
745 2246 966 2295 operum
1015 2229 1254 2279 Philonis
1311 2230 1514 2279 editore
1561 2230 1797 2295 Mangey
1851 2235 2107 2294 congesta
2160 2231 2511 2293 reperiuntur.
2584 2230 2772 2295 Neque
2828 2228 3064 2294 amplius

568 2322 907 2382 praesentem
954 2317 1458 2367 demonstrationem
1508 2318 1721 2365 evertit:
1778 2316 1962 2365 fides
2015 2316 2167 2379 illa,
2224 2331 2355 2381 qua
2407 2316 2759 2381 Josephus
2808 2316 3063 2366 Libros

567 2404 817 2453 Sacros
857 2420 890 2453 a
930 2404 1224 2453 Judaeis
1273 2407 1593 2453 servatos
1643 2402 1976 2452 affirmat.
2037 2402 2196 2452 Aliud
2234 2408 2378 2452 certe
2414 2407 2677 2453 testantur
2712 2417 2754 2451 s.
2792 2418 2834 2451 s.
2872 2387 3064 2452 Patres

567 2495 619 2539 et
657 2490 952 2555 Scriptores
988 2491 1082 2539 E.:
1123 2491 1174 2539 S.
1212 2491 1248 2539 J
1259 2491 1524 2538 ustinus
1561 2493 1775 2553 martyr,
1814 2491 1906 2553 qui
1941 2491 1997 2539 in
2032 2490 2265 2554 Dialogo
2303 2506 2426 2539 cum
2455 2489 2743 2553 Tryphone
2778 2506 2830 2537 n.
2867 2490 3063 2537 LXXI.

565 2594 616 2642 p.
647 2579 763 2626 245.
790 2594 831 2626 s.
872 2582 925 2626 et
949 2576 1070 2626 aliis
1096 2578 1151 2625 in
1176 2575 1306 2625 locis
1346 2576 1487 2638 dicit,
1524 2579 1739 2639 praeter
1774 2574 1912 2637 illas,
1953 2592 2085 2641 quas
2117 2576 2358 2626 retulerit
2382 2576 2681 2641 Scripturas
2708 2577 2771 2625 V.
2798 2576 2888 2639 F.;
2928 2575 3065 2625 alias

567 2664 740 2712 adhuc
791 2681 908 2714 esse
959 2664 1104 2729 apud
1141 2663 1468 2714 Christianos
1516 2669 1775 2726 servatas,
1826 2679 1959 2728 quas
2007 2664 2305 2713 infitiantur
2339 2664 2552 2712 Judaei.
2613 2663 2763 2712 Idem
2800 2665 2877 2712 ait
2912 2664 3064 2712 Ter-

566 2750 924 2812 tullianus,
957 2751 1023 2799 de
1051 2750 1196 2799 cultu
1221 2751 1400 2800 femin.
1427 2751 1467 2812 I,
1489 2754 1536 2799 3.
1562 2751 1653 2812 IV,
1682 2752 1766 2800 80.
1788 2753 1871 2800 81.
1916 2750 2264 2816 Origenes,
2292 2767 2377 2816 ep.
2404 2751 2474 2799 ad
2501 2750 2609 2798 Afr.
2636 2749 2669 2799 l.
2696 2767 2739 2800 s.
2766 2767 2811 2799 c.
2836 2750 2997 2798 Hom.
3024 2750 3065 2798 I.

570 2839 627 2886 in
662 2839 794 2886 Lev,
834 2838 929 2899 IX,
972 2840 1086 2886 173.
1161 2837 1213 2885 S.
1241 2838 1705 2902 Hieronymus,
1746 2843 2027 2887 comment.
2061 2839 2120 2886 in
2158 2839 2310 2903 epist.
2348 2838 2419 2886 ad
2456 2837 2573 2887 Gal.
2600 2840 2650 2898 3,
2680 2839 2760 2899 10,
2800 2837 2918 2898 VII,
2944 2837 3065 2885 431.

570 2924 622 2973 S.
643 2925 943 2974 Isidorus
970 2925 1142 2988 Hisp.,
1171 2924 1236 2972 de
1264 2923 1402 2972 offic.
1424 2924 1464 2985 1,
1489 2928 1568 2973 12.
1586 2941 1637 2973 n.
1653 2927 1703 2973 8.
1722 2941 1775 2989 p.
1790 2927 1909 2974 376.
1940 2924 2192 2974 Ecclesia
2214 2924 2517 2974 Christiana
2540 2925 2725 2973 tribuit
2744 2923 3067 2989 Synagogae

569 3027 739 3076 usque
779 3011 847 3060 ad
884 3009 1270 3075 plenitudinem
1307 3013 1558 3075 temporis
1595 3013 1704 3059 vim
1742 3012 1973 3074 testandi
1998 3012 2065 3060 de
2102 3011 2418 3061 collectione
2456 3011 2741 3060 Librorum
2778 3010 3065 3060 Sacrorum

570 3098 665 3148 sed
689 3099 789 3148 toti
814 3098 1210 3162 Synagogae
1245 3114 1372 3146 non
1397 3103 1606 3147 autem
1638 3101 1829 3163 parti.
1878 3099 2069 3148 Merito
2095 3101 2257 3164 igitur
2280 3098 2621 3148 Acatholicos
2646 3099 3065 3162 interrogamus:

572 3200 642 3234 an
679 3201 790 3234 non
827 3184 1014 3234 eadem
1052 3184 1188 3234 haec
1219 3201 1367 3249 gens,
1409 3201 1546 3250 quae
1582 3187 1740 3234 nobis
1764 3186 1967 3250 Moysis
1993 3187 2190 3251 Legem
2232 3186 2472 3248 tradidit3
2514 3185 2839 3249 Sapientiae,
2876 3184 3066 3233 Eccle-

572 3273 789 3334 siastici‚
827 3272 1278 3321 Machabaeorum
1315 3277 1626 3337 ceterosque
1664 3272 1831 3322 libros
1871 3272 2159 3322 obtulerit?
2194 3288 2265 3322 an
2300 3288 2334 3321 a
2362 3272 2650 3337 Synagoga
2684 3273 3066 3333 Alexandrina,

573 3385 638 3394 --
665 3361 814 3408 cuius
841 3375 1035 3407 nomen
1061 3363 1115 3407 et
1141 3360 1422 3407 existentia
1459 3359 1604 3408 nullo
1638 3365 1954 3424 argumento
1980 3361 2320 3410 coniecturae
2356 3360 2551 3409 limites
2578 3364 2867 3424 superante
2893 3359 3069 3408 evinci

573 3451 746 3510 potest
785 3447 844 3481 -'--
886 3461 1024 3510 quae
1074 3444 1416 3494 schismatica
1463 3446 1591 3509 fuit3
1643 3447 1857 3510 quando
1911 3447 2125 3512 quidem
2172 3447 2426 3512 templum
2473 3452 2527 3496 et
2574 3447 2742 3496 altare
2793 3447 3070 3496 statuisset

577 3531 682 3581 alio
721 3532 858 3594 1080,
909 3547 1068 3596 quam
1107 3549 1264 3596 quem
1305 3533 1538 3596 elegerat
1573 3534 1851 3596 Dominus,
1902 3551 2003 3583 nec
2040 3534 2276 3598 legitimo
2314 3532 2549 3598 pontifici
2587 3534 2822 3594 suberat,
2868 3535 3067 3584 seriore

576 3619 788 3668 demum
837 3634 970 3669 aevo
1020 3620 1203 3669 forsan
1243 3619 1340 3668 hos
1391 3621 1658 3685 acceperit
1706 3619 1957 3670 Ecclesia
2006 3619 2237 3670 Christi‘?
2308 3621 2595 3670 Verissime
2632 3624 2687 3670 et
2720 3621 3067 3684 sagacissime

573 3706 822 3770 Fabricy,
862 3706 956 3756 des
983 3708 1130 3756 titres
1161 3707 1409 3772 primitifs
1436 3707 1501 3756 (18
1528 3706 1582 3756 la
1610 3705 1944 3768 Revelation,
1985 3707 2132 3771 apud
2155 3709 2336 3773 Migne
2362 3707 2422 3757 C.
2450 3706 2509 3756 C.
2537 3705 2589 3755 S.
2617 3708 2671 3756 S.
2696 3707 2921 3770 XXVII,
2946 3708 3068 3756 511.

579 3793 760 3854 „Ainsi
797 3809 857 3842 ce
895 3791 944 3841 n'
983 3791 1113 3844 etait
1147 3796 1298 3859 point
1335 3794 1462 3843 chez
1501 3810 1602 3842 eux
1655 3791 1786 3858 qu'il
1830 3793 2004 3843 fallait
2040 3793 2175 3842 aller
2210 3793 2464 3844 chercher
2499 3792 2550 3842 le
2586 3795 2702 3843 vrai
2739 3792 2902 3860 dep6t
2938 3795 3064 3844 des“

579 3863 899 3942 „Ecritures,
939 3882 1004 3929 (18
1041 3881 1212 3930 meme
1251 3897 1354 3946 que
1380 3880 1433 3929 la
1457 3879 1717 3929 veritable
1742 3880 1927 3946 Eglise
1966 3897 2033 3930 ne
2058 3896 2131 3930 va
2152 3882 2305 3945 point
2329 3881 2378 3930 le
2403 3881 2631 3946 prendre
2667 3883 2838 3948 parmi
2876 3886 3062 3943 8811Χ,“

581 3969 703 4032 „qui
740 3983 836 4033 par
871 3969 988 4018 leur
1031 3969 1258 4018 schisme
1297 3985 1367 4017 ou
1409 3966 1550 4017 leurs
1588 3965 1821 4017 heresies
1872 3983 1929 4016 se
1976 3973 2098 4017 sont
2132 3966 2349 4032 separes
2387 3965 2593 4017 d'elle.“
2657 3968 2853 4018 Nulla
2892 3971 3073 4019 existit

577 4071 706 4104 vera
760 4057 1099 4120 oppositio
1153 4057 1328 4104 inter
1378 4055 1705 4105 Canonem
1754 4055 2159 4104 Judaeorum
2213 4061 2275 4104 et
2322 4056 2792 4107 Tridentinum.
2866 4058 3069 4122 Syna·

578 4158 751 4208 goga
787 4170 851 4178 —-
891 4143 958 4192 de
995 4145 1144 4192 cuius
1196 4143 1505 4208 ceteroquin
1542 4142 1809 4192 sententia
1844 4147 2057 4192 constat
2091 4143 2423 4209 potissimum
2459 4159 2525 4192 ex
2560 4145 2859 4194 testimonio
2898 4144 3071 4194 eccle·

580 4231 795 4279 siastico
830 4258 886 4265 —
926 4230 1431 4293 praeformavit
1465 4229 1803 4277 iudicium
1840 4229 1919 4278 de
1956 4229 2191 4278 Libris
2230 4229 2639 4292 Canonicis,
2678 4230 2822 4296 quod
2858 4247 3071 4296 semper

577 4317 750 4366 tenuit
785 4315 1060 4378 Ecclesia3
1101 4315 1392 4365 declaravit
1428 4321 1604 4365 autem
1643 4315 1944 4366 Concilium
1980 4316 2364 4366 Tridentinum.

787 4403 893 4451 Sed
920 4403 961 4451 si
1002 4403 1334 4466 antiquitatis
1372 4402 1705 4451 Christianae
1743 4404 2071 4452 monimenta
2108 4405 2417 4466 excutimus,
2454 4403 2690 4468 aliquam
2716 4421 2757 4454 s.
2784 4419 2825 4454 s.
2852 4405 3073 4455 Patrum

581 4487 1014 4554 Scriptorumque
1049 4490 1116 4537 E.
1153 4490 1210 4536 in
1255 4489 1629 4539 enumerandis
1678 4489 1826 4539 libris
1864 4491 1929 4539 V.
1965 4491 2028 4539 F.
2068 4490 2425 4540 diversitatem
2462 4493 2783 4556 reperimus:
2836 4492 2927 4557 qui
2964 4493 3071 4542 dis-

581 4590 768 4626 sensus
797 4591 824 4622 8
851 4577 1026 4625 causis
1053 4591 1086 4624 a
1110 4576 1264 4624 nobis
1290 4591 1451 4640 saepe
1477 4593 1526 4624 v.
1555 4593 1606 4640 p.
1634 4579 1717 4625 32.
1758 4578 2028 4642 expositis,
2068 4583 2214 4628 ortus
2240 4582 2335 4628 est.
2384 4578 2687 4628 Observare
2722 4580 2851 4628 licet
2879 4580 3071 4630 Libros
