3309 5300
1210 396 1355 438 simia
1382 409 1419 437 s.
1450 397 1491 438 ᾱ.
1524 397 1736 437 sociem.
1762 397 1871 439 bibl.
2653 385 2776 451 251

284 571 665 621 Literarum
702 587 1097 639 magnopere
1134 572 1524 622 excitandos
1563 573 1934 637 existimas3
1972 571 2133 622 illae
2171 574 2336 623 enim
2373 579 2524 623 sunt
2561 574 2778 623 fontes

283 648 634 721 uberrinii,
688 660 799 726 qui
846 660 1217 726 cuicunque
1264 664 1496 725 patere
1544 660 1788 709 debent
1835 660 1915 709 ad
1950 660 2376 709 hauriendam
2427 665 2490 709 et
2537 676 2776 709 morum

284 751 347 794 et
385 746 744 796 doctrinae
790 747 1147 795 sanitatem
1194 746 1494 811 depulsis
1541 748 1905 809 erroribus,
1954 750 2063 813 qui
2107 747 2208 797 his
2256 749 2586 813 corruptis
2631 752 2780 797 tem-

282 833 562 898 poribus
598 833 735 883 late
774 832 1342 883 disseminantur.“

499 920 604 968 His
654 918 899 969 addimus
949 935 1069 968 cum
1117 934 1258 969 anno
1309 922 1459 969 1726.
1511 920 1726 985 quidam
1772 921 2142 970 Lovanienses
2189 920 2452 986 Theologi
2503 921 2779 982 „Theses

282 1021 425 1054 cnm
464 1005 1014 1055 annotationibus
1061 1006 1137 1055 de
1185 1008 1328 1056 iure
1384 1008 1702 1057 communi
1749 1013 1808 1056 et
1843 1007 2125 1073 speciali
2161 1007 2561 1070 sacerdotis,
2607 1010 2776 1073 prin-

283 1094 461 1157 cipis
494 1098 559 1142 ct
586 1092 802 1157 plebis
839 1093 1019 1141 circa
1050 1092 1431 1158 Scripturas
1458 1092 1748 1157 Sacras“,
1774 1096 2106 1161 approbante
2131 1095 2336 1144 famoso
2361 1096 2424 1144 B.
2448 1095 2779 1160 Van-Espen

282 1178 598 1244 vulgarent3
645 1178 729 1228 his
778 1194 897 1229 sese
946 1180 1139 1229 acriter
1187 1186 1555 1245 opposuerunt
1600 1182 1767 1230 ceteri
1811 1182 2185 1231 Lovanienses
2233 1182 2513 1232 Doctores.
2573 1184 2688 1232 Nec
2724 1182 2780 1231 id

283 1267 495 1327 mirum,
535 1281 657 1315 cum
693 1266 750 1314 in
788 1266 1168 1315 constitutione
1195 1266 1485 1319 Clementis
1509 1267 1603 1317 XI.
1644 1268 2027 1333 „Unigenitus“
2056 1270 2106 1319 8.
2133 1268 2276 1333 Sept.
2307 1271 2457 1319 1713.
2497 1270 2778 1319 damnatae

281 1354 731 1419 proscriptaeque
778 1353 979 1403 fuerint
1024 1353 1301 1405 Paschasii
1351 1354 1628 1415 Quesnelli
1675 1356 2070 1421 propositiones
2119 1372 2170 1405 n.
2219 1357 2303 1405 79.
2339 1357 2423 1405 80.
2460 1357 2545 1405 81.
2582 1358 2668 1406 82.
2706 1374 2776 1420 S.;

286 1440 487 1502 quibus
535 1438 627 1488 ille
675 1441 890 1489 statuit:
942 1440 1160 1500 „Lectio
1210 1440 1263 1490 S.
1303 1440 1607 1506 Scripturae
1660 1447 1742 1493 est
1784 1457 1884 1507 pro
1934 1444 2228 1492 omnibus.“
2293 1442 2374 1491 Cf.
2419 1442 2709 1493 Alexandri
2745 1459 2780 1492 a

282 1542 324 1574 s.
354 1524 577 1575 Joanne
614 1526 681 1575 de
719 1541 875 1575 cruce
914 1526 1087 1576 Carm.
1125 1528 1419 1577 continuat.
1478 1528 1619 1578 Hist.
1656 1529 1722 1577 E.
1762 1527 1840 1578 Cl.
1877 1528 2096 1578 Fleurii.
2133 1529 2269 1595 Aug.
2305 1528 2464 1579 Vind.
2505 1531 2655 1580 1784.
2693 1530 2776 1590 48,

281 1614 404 1661 277.
442 1626 485 1661 s.
544 1612 874 1679 Denzinger,
916 1614 1269 1664 Enchiridion
1308 1614 1542 1681 Symbol.
1580 1617 1699 1665 358.
1737 1632 1778 1665 s.
