3309 5300
81 1746 94 1767 Ιῠ
75 1598 92 1731 ..iu—-
74 1572 76 1588 ⁴¹

1250 436 1445 484 Historia
1472 435 1741 483 Versionum.
2621 422 2744 492 145

274 618 705 672 observandomm
748 619 1028 670 diversitas
1075 619 1285 668 evincit.
1348 617 1481 666 Cum
1523 618 1810 667 Versiones
1849 616 1902 666 S.
1940 615 2236 666 Bibliorum
2286 617 2552 681 privatae,
2603 616 2746 681 quod

275 708 332 758 ad
362 705 571 772 regulas
608 707 973 756 translationis
1023 707 1237 766 attinet,
1292 706 1359 754 ab
1398 705 1925 769 interpretationibus
1975 704 2382 768 quibuscunque
2425 703 2679 752 librorum
2717 717 2745 750 e

273 797 435 860 lingua
456 794 634 842 minus
660 797 791 850 nota
814 794 871 842 in
894 793 1169 854 notiorem,
1197 808 1305 840 non
1330 790 1615 840 admodum
1642 790 1911 854 differant3
1943 789 2192 855 publicae
2217 804 2475 839 summam
2503 783 2746 856 ἀκριβείαν

274 883 370 931 sive
410 881 761 942 accuratiam,
811 881 868 928 in
904 880 1062 929 rebus
1107 879 1439 944 potissimum
1474 877 1639 926 fidei
1689 881 1743 927 et
1781 892 2025 926 morum
2066 876 2432 942 praeseferant
2466 890 2742 926 necessum

274 974 355 1018 est.
414 967 641 1016 Ratione
690 967 969 1032 plagarum
1018 981 1114 1015 seu
1164 967 1527 1030 regionum,
1575 964 1761 1013 mundi
1807 965 1862 1014 in
1913 964 2106 1028 quibus
2157 969 2305 1012 ortae
2355 967 2504 1024 sunt,
2553 964 2743 1027 ingens

273 1054 554 1104 versionum
591 1053 874 1102 multitudo
911 1055 967 1102 in
1002 1053 1136 1102 duas
1186 1052 1527 1116 distinguitur
1571 1051 1802 1101 classes:
1855 1051 1996 1100 aliae
2033 1055 2159 1100 sunt
2201 1051 2472 1099 versiones
2522 1048 2745 1098 Orien-

273 1142 423 1190 tales
447 1139 589 1189 aliae
614 1155 744 1190 vero
772 1139 1259 1190 Occidentales‚
1299 1137 1601 1188 Orientales
1625 1140 1818 1188 iterum
1843 1137 2070 1202 duplicis
2099 1141 2224 1186 sunt
2247 1139 2472 1202 generis,
2499 1137 2744 1185 nimirum

274 1227 673 1291 antiquiores
730 1232 782 1276 et
830 1228 1270 1289 recentiores3
1328 1241 1357 1275 e
1407 1226 1600 1290 quibus
1654 1226 1859 1290 priores
1913 1225 2168 1289 imprimis
2224 1223 2293 1273 ad
2347 1223 2745 1288 propagandam

274 1313 563 1378 religionem
623 1313 817 1363 Christi
869 1315 1009 1363 inter
1063 1313 1349 1362 orientales
1404 1311 1631 1376 populos
1688 1316 1813 1362 sunt
1861 1312 2154 1360 confectae.
2227 1310 2511 1360 Eiusmodi
2559 1315 2744 1359 sunto:

272 1401 541 1450 versiones
591 1399 935 1462 chaldaicae,
986 1399 1368 1461 Samaritanae,
1409 1397 1678 1463 Syriacae,
1728 1398 2007 1460 Arabicae,
2056 1397 2421 1462 Aethiopicae,
2468 1397 2744 1462 Copticae,

273 1489 530 1549 Persicae,
577 1487 859 1536 Armenae.
924 1485 1321 1546 Occidentales‚
1363 1487 1408 1535 si
1444 1487 1593 1550 ipsae
1631 1485 1872 1550 linguae,
1921 1485 2114 1550 quibus
2159 1485 2379 1534 diversis
2414 1485 2471 1533 in
2505 1485 2746 1550 partibus

274 1575 507 1639 Europae
563 1579 617 1623 et
663 1573 877 1623 Africae
925 1574 1129 1623 Divina
1179 1573 1412 1638 Eloquia
1464 1577 1827 1637 exponuntur,
1883 1573 2024 1620 inter
2078 1587 2196 1622 sese
2251 1571 2619 1633 conferuntur,
2679 1571 2746 1620 ad

274 1661 436 1726 plures
484 1661 661 1710 denuo
712 1661 919 1725 species
968 1660 1152 1710 reduci
1202 1663 1419 1724 queunt.
1479 1659 1738 1708 Nimirum
1780 1663 1839 1707 ut
1873 1659 1928 1706 in
1965 1673 2172 1708 summa
2217 1674 2329 1707 rem
2373 1659 2745 1707 enunciemus:

275 1749 628 1814 dispescuntur
652 1749 708 1797 in
748 1747 1065 1809 Graecas,
1102 1747 1381 1796 Latinas
1414 1749 1467 1795 et
1491 1746 1743 1795 idiomate
1770 1749 1998 1811 cognato
2026 1749 2287 1806 exaratas,
2317 1743 2746 1793 Germanicas
2837 1796 2853 1804 „

276 1841 323 1884 et
350 1834 647 1885 Slavicas
686 1849 807 1884 cum
846 1834 1035 1885 Bibliis
1082 1835 1139 1883 in
1174 1833 1384 1897 linguas
1424 1833 1526 1883 sibi
1564 1834 1763 1897 pariter
1800 1837 2054 1898 cognatas
2093 1846 2388 1896 expressas.
2449 1831 2748 1880 Remanent

276 1939 389 1972 vero
424 1922 713 1972 nonnullae
749 1923 1053 1983 VersioneS‚
1092 1935 1231 1986 quae
1267 1919 1492 1984 singulis
1530 1920 1839 1985 regionibus
1875 1923 2082 1968 tantum
2117 1919 2367 1984 propriae
2405 1923 2542 1967 sunt.
2592 1919 2656 1966 E.
2695 1933 2744 1982 g.

278 2010 696 2074 Hungaricae.
758 2008 1216 2069 Quemadmodum
1266 2007 1335 2056 ad
1384 2021 1568 2056 omnes
1616 2021 1886 2072 peraeque
1935 2010 2122 2071 gentes
2158 2006 2473 2054 Divinorum
2510 2004 2745 2053 Volumi-

277 2113 390 2145 num
428 2097 629 2146 fructus
666 2096 900 2161 pertinet
936 2099 1097 2160 atque
1134 2094 1367 2158 utilitas;
1415 2095 1493 2142 ita
1529 2095 1585 2143 in
1623 2109 1807 2142 omnes
1843 2092 2224 2158 propemodum
2260 2092 2468 2156 linguas
2507 2093 2746 2140 certatim

277 2185 322 2233 S.
364 2183 534 2233 Biblia
586 2183 739 2234 fuere
794 2197 1069 2232 conversa.
1140 2181 1355 2231 Placuit
1406 2181 1551 2230 Deo:
1607 2185 1668 2229 ut
1720 2195 1850 2229 vera
1901 2179 2108 2244 Religio
2165 2179 2519 2244 salutarisque
2571 2194 2746 2228 rerum

277 2273 573 2321 Divinarum
622 2271 871 2336 cognitio,
918 2285 1030 2320 non
1077 2270 1215 2319 intra
1262 2270 1422 2318 unius
1469 2269 1701 2333 regionis
1745 2267 1938 2317 limites
1976 2272 2275 2330 arceretur3
2323 2266 2419 2315 sed
2453 2269 2514 2314 ut
2551 2279 2743 2330 appro-

276 2361 544 2424 pinquante
580 2362 818 2422 tempore
855 2357 1111 2418 Messiae,
1151 2371 1184 2405 a
1218 2359 1376 2420 gente
1412 2355 1670 2417 Judaica,
1721 2355 1808 2404 cui
1843 2355 2069 2419 primum
2103 2353 2339 2419 Eloquia
2374 2352 2574 2400 Divina
2617 2367 2740 2401 con-

278 2445 461 2494 credita
507 2449 659 2493 erant
705 2443 857 2493 Rom.
895 2446 943 2505 3,
988 2445 1061 2505 2.,
1113 2441 1183 2491 ad
1232 2441 1367 2492 alias
1414 2443 1691 2503 transiret,
1747 2445 1800 2490 et
1848 2442 2080 2504 cognitio
2133 2440 2239 2488 Dei
2291 2440 2559 2504 Verbique
2608 2439 2742 2487 Eius

276 2537 425 2581 totum
460 2547 552 2596 per
588 2532 773 2580 orbem
810 2529 1191 2594 divulgaretur.
1246 2529 1535 2578 Pauciores
1563 2528 1778 2593 quidem
1815 2529 2126 2577 exstiterant
2147 2527 2430 2577 Versiones
2457 2531 2743 2590 antequam

280 2618 445 2685 generi
478 2617 709 2668 humano
748 2616 974 2668 salutem
1012 2615 1254 2667 Christus
1292 2619 1679 2682 comparasset,
1728 2616 1822 2681 qui
1855 2619 2138 2680 postquam
2175 2613 2353 2664 coelos
2389 2612 2646 2675 ascendit,
2692 2617 2745 2661 et

280 2708 328 2755 in
362 2721 557 2755 omnem
600 2710 797 2754 terram
832 2703 1209 2769 Apostolorum
1246 2719 1411 2754 sonus
1450 2704 1640 2767 exivit3
1685 2702 1836 2752 Rom.
1876 2704 1957 2765 10,
1998 2704 2079 2752 18.
2124 2718 2193 2751 ne
2227 2702 2491 2751 barbarae
2530 2699 2744 2765 quidem

283 2800 329 2844 et
369 2797 471 2842 toto
518 2792 730 2857 penitus
780 2792 909 2841 orbe
958 2791 1159 2840 divisae
1208 2795 1395 2857 gentes
1449 2791 1878 2855 reperiebantur,
1928 2790 2057 2855 quin
2104 2789 2278 2838 Patris
2330 2787 2496 2849 illius,
2548 2788 2640 2853 qui
2687 2788 2742 2835 in

281 2879 427 2930 coelis
463 2884 555 2941 est,
592 2878 893 2943 Utrumque
929 2879 1423 2928 Testamentum
1458 2894 1646 2927 recens
1685 2879 1786 2927 sibi
1821 2877 2097 2939 traditum,
2148 2878 2204 2925 in
2239 2876 2467 2941 patriam
2502 2873 2742 2939 linguam

279 2966 614 3017 transferrent.
673 2965 795 3026 Qua
820 2965 887 3014 de
912 2981 969 3015 re
996 2967 1229 3031 graviter
1253 2966 1435 3015 scribit
1471 2964 1563 3013 Th
1577 2965 1959 3026 eodoretus,
1998 2978 2172 3028 graec.
2201 2962 2373 3011 affect.
2402 2966 2566 3011 curat.
2608 2962 2742 3027 disp.

280 3056 335 3105 V.
376 3059 409 3103 t.
453 3055 499 3103 4.
547 3054 595 3115 2,
644 3054 763 3102 839.
808 3054 891 3101 40.
968 3053 1129 3123 „Nos
1184 3057 1397 3102 autem
1452 3053 1639 3102 vobis
1695 3051 2112 3117 apostolicae
2165 3048 2742 3115 propheticaeque

282 3140 602 3191 doctrinae
637 3141 762 3189 vim
802 3145 866 3189 et·
898 3141 1097 3191 robur
1133 3140 1491 3191 manifeste
1528 3140 1952 3189 ostendimus.
2007 3139 2335 3189 Universa
2371 3138 2540 3185 enim
2578 3152 2742 3202 quae

282 3228 389 3277 sub
446 3227 586 3277 sole
643 3232 747 3277 est
805 3231 994 3276 terra
1051 3227 1156 3277 his
1218 3227 1655 3277 sermonibus
1718 3226 1988 3276 referta
2047 3229 2166 3274 est.
2238 3224 2324 3273 Et
2383 3222 2744 3273 Hebraica

281 3316 505 3379 lingua,
554 3330 681 3364 non
730 3314 796 3362 in
844 3313 1242 3364 Graecorum
1290 3315 1473 3363 modo
1513 3312 1804 3379 linguam
1850 3327 2043 3362 versa
2092 3316 2218 3373 est3
2270 3311 2381 3359 sed
2432 3302 2625 3359 etiam
2677 3306 2744 3378 i}n

280 3404 714 3464 Romanorum,
772 3406 835 3451 et
878 3402 1355 3467 Aegyptiorum
1402 3400 1884 3466 Persarumque
1935 3404 1996 3449 et
2042 3399 2372 3460 Indorum,
2425 3402 2486 3447 et
2533 3398 2742 3448 Arme-

280 3491 506 3539 niorum
554 3494 617 3538 et
654 3488 1039 3553 Scytharum
1092 3502 1165 3537 ac
1208 3486 1761 3548 Sauromatarum,
1813 3492 2009 3552 atque
2058 3492 2127 3536 ut
2175 3486 2373 3535 semel
2423 3486 2631 3534 dicam
2678 3486 2744 3533 in

281 3577 521 3641 linguas
558 3592 803 3637 omnes,
853 3576 1093 3639 quibus
1130 3574 1209 3623 ad
1244 3574 1414 3624 hunc
1452 3574 1615 3624 diem
1660 3575 1966 3625 nationes
2012 3576 2334 3623 utuntur.“
2401 3572 2541 3623 Sane
2581 3571 2740 3621 Genti

284 3664 465 3714 electae
498 3679 549 3713 τε
582 3662 796 3731 πρῶτον,
833 3663 1060 3727 primum
1096 3665 1150 3711 et
1186 3661 1401 3726 quidem
1434 3661 1551 3711 iure
1588 3662 2001 3726 promissionum
2023 3661 2356 3721 Divinarum,
2394 3674 2428 3708 a
2457 3658 2740 3709 Servatore

280 3751 381 3815 ipso
414 3751 547 3799 Novi
581 3750 840 3799 Foederis
876 3748 1085 3814 Religio
1120 3749 1463 3810 ,annunciata
1513 3752 1607 3799 est.
1668 3747 1913 3813 Apostoli
1951 3748 2066 3797 eius
2114 3751 2278 3811 atque
2315 3745 2564 3810 discipuli
2602 3744 2741 3793 Scri-

282 3843 445 3902 pturas
480 3838 731 3886 divinitus
768 3837 1053 3902 inspiratas
1092 3836 1262 3885 eidem
1300 3836 1446 3901 genti
1496 3839 1906 3898 consecrarunt3
1957 3834 2051 3883 sed
2088 3833 2170 3883 his
2207 3834 2399 3899 spretis
2443 3837 2494 3881 et
2530 3832 2744 3881 reiectis

283 3924 341 3973 ad
374 3929 547 3989 gentes
585 3928 737 3973 extra
772 3923 1148 3973 Theocratiam
1182 3924 1447 3984 viventes,
1500 3922 1684 3971 divina
1716 3922 1796 3971 ita
1829 3920 2044 3971 volente
2082 3921 2277 3985 gratia,
2327 3920 2384 3967 in
2421 3920 2742 3968 communio-

282 4027 387 4061 nem
417 4012 583 4076 Regni
631 4011 817 4060 Divini
864 4010 1193 4075 colligendas
1230 4011 1503 4059 transiere.
1564 4009 1613 4058 N
1616 4013 1739 4058 atae
1787 4008 1980 4057 exinde
2027 4011 2152 4057 sunt
2197 4008 2380 4055 variae
2427 4007 2483 4055 in
2521 4006 2743 4054 diversis

282 4098 564 4163 regionibus
612 4097 909 4160 Ecclesiae,
966 4103 1020 4147 et
1072 4113 1193 4146 cum
1246 4096 1329 4146 his
1378 4094 1662 4145 Sacrarum
1710 4096 2010 4144 Literarum
2058 4095 2113 4143 in
2161 4092 2478 4142 vernaculas
2529 4092 2742 4157 linguas

279 4184 661 4249 translationes3
697 4185 873 4249 prouti
910 4185 1127 4249 propria
1163 4188 1277 4232 erat
1312 4184 1505 4247 cuique
1544 4184 1751 4247 regioni
1787 4180 2064 4242 dialectus,
2096 4180 2186 4229 vel
2220 4181 2422 4245 lingua,
2459 4178 2547 4227 vel
2584 4178 2742 4242 plane

281 4271 541 4335 singularis
592 4270 683 4320 vel
732 4286 854 4319 cum
902 4270 1011 4319 alia
1057 4269 1243 4335 lingua
1288 4274 1534 4334 cognata.
1606 4269 1720 4318 Nec
1769 4269 1911 4317 enim
1957 4272 2080 4333 post
2126 4266 2451 4316 Theodoreti
2504 4269 2746 4329 tempora

280 4358 557 4407 Ecclesiam
612 4356 947 4406 Catholicam
1000 4357 1335 4421 acquievisse
1394 4356 1583 4420 priscis
1642 4354 2199 4419 interpretationibus,
2263 4352 2360 4401 sed
2417 4350 2744 4401 indefessum

281 4444 495 4493 laborem
539 4443 876 4504 adhibuisse,
924 4448 986 4492 ut
1027 4458 1127 4492 sua
1163 4444 1331 4493 cuivis
1368 4442 1567 4508 populo
1604 4442 1790 4507 lingua
1827 4440 1879 4490 S.
1919 4440 1971 4490 S.
2009 4468 2076 4477 -—
2113 4442 2243 4506 ipsis
2280 4440 2543 4489 Hebraeis
2576 4439 2642 4488 N.
2681 4438 2742 4487 Τ.

279 4530 509 4581 hebraice
546 4560 613 4569 —
648 4530 1013 4596 traderentur3
1058 4530 1217 4581 huius
1252 4531 1332 4579 rei
1366 4528 1664 4595 locupletes
1700 4534 1863 4577 testes
1899 4534 2025 4579 sunt
2050 4528 2366 4576 Divinorum
2402 4525 2744 4578 Voluminum

279 4617 651 4681 translationes,
690 4632 827 4684 quas
862 4616 1107 4683 singulae
1144 4616 1338 4666 deinde
1376 4622 1662 4681 sequentes
1699 4620 1904 4665 aetates
1939 4614 2192 4666 tulerunt.

369 4710 571 4760 DanRo,
599 4711 719 4753 Hist.
747 4710 1048 4752 Revelationis
1075 4710 1261 4751 divinae.
1290 4709 1368 4750 111.
2369 4699 2435 4747 10
