3309 5300
1233 413 1296 455 De
1315 414 1519 455 Vel-sione
1548 414 1746 455 Armene.
2605 404 2730 470 201

258 590 362 637 179.
398 590 517 638 181.
556 589 717 639 valde
752 590 991 639 recentia
1026 594 1166 640 sunt.
1226 590 1405 652 Nulla,
1445 592 1587 657 quod
1624 593 1837 655 scimus,
1877 597 2051 643 exstat
2086 594 2452 659 interpretatio
2491 594 2554 643 V.
2595 594 2653 643 T.
2698 608 2732 643 a

258 674 563 725 Christianis
612 675 785 739 facta3
840 678 991 727 cuius
1040 677 1281 727 defectus
1330 678 1463 726 ratio
1514 682 1618 727 est:
1677 680 1806 744 quia
1850 680 2048 729 Persae
2086 679 2374 729 Christiani
2420 680 2734 745 plerumque

256 760 457 811 arabice
496 763 675 812 sciunt
712 766 766 811 et
799 761 986 829 legunt
1020 764 1220 813 Divina
1255 763 1564 828 Volumina3
1608 769 1717 814 tum
1753 764 1898 830 quod
1933 765 2124 815 nullibi
2160 781 2316 816 sacra
2351 765 2484 814 fiant
2518 768 2730 831 persica

256 848 341 897 sed
375 848 599 898 arabica
637 849 844 915 lingua,
892 865 1052 915 quam
1095 866 1278 900 omnes
1322 850 1433 899 fere
1470 849 1684 900 callent.
1739 852 2278 917 Evangeliorum
2313 854 2542 902 versio
2580 854 2666 902 Pe
2686 870 2731 902 r-

256 936 383 984 sica
420 934 671 1000 duplex
695 935 937 986 habetur.
988 937 1141 987 Prior
1166 952 1195 985 e
1220 936 1443 1001 Syriaca
1465 938 1711 988 versione
1740 938 2050 988 Peschito
2090 939 2354 1001 confecta,
2392 928 2736 1005 antiquior

257 1025 353 1083 est3
399 1020 621 1072 liberior
668 1026 903 1072 attamen
951 1024 1213 1088 reperitur
1259 1039 1643 1089 nonnunquam
1693 1030 1748 1074 et
1792 1025 1962 1075 multa
2011 1026 2306 1088 continens,
2364 1040 2504 1091 quae
2539 1042 2639 1075 nec
2675 1026 2733 1074 in

258 1106 451 1157 Graeco
505 1123 606 1157 nec
653 1109 711 1157 in
760 1106 980 1173 Syriaco
1031 1113 1243 1159 exstant
1290 1115 1557 1160 contextu.
1619 1110 1843 1175 Syriaca
1889 1110 2159 1161 vocabula
2210 1112 2476 1161 interdum
2525 1113 2734 1174 retinet,

257 1194 431 1243 crebro
483 1196 569 1245 sui
620 1200 701 1245 est
746 1197 1025 1261 interpres,
1074 1196 1125 1246 h.
1166 1213 1211 1246 e.
1248 1199 1486 1262 persicas
1528 1199 1585 1247 in
1622 1198 1866 1248 arabicas
1913 1212 2073 1247 voces
2110 1198 2288 1247 Persis
2335 1199 2626 1249 familiares
2677 1204 2732 1249 et

257 1286 506 1346 receptas,
543 1282 664 1332 aliis
701 1282 871 1333 veluti
905 1284 1202 1334 notioribus
1240 1284 1424 1333 reddit.
1461 1285 1573 1334 Ista
1611 1284 1826 1350 quidem
1861 1286 2228 1350 interpretatio
2266 1284 2493 1335 habetur
2529 1287 2731 1335 inserta

256 1366 433 1417 Bibliis
487 1368 604 1418 Pol.
650 1368 980 1434 Anglicanis.
1051 1369 1233 1419 Altera
1294 1371 1414 1420 vice
1474 1370 1672 1436 prodiit
1732 1375 1952 1421 curante
2009 1370 2067 1420 C.
2117 1369 2178 1420 A.
2227 1370 2463 1421 Bodio.
2527 1374 2574 1421 2.
2623 1371 2736 1421 vol.

256 1453 473 1504 Helmst.
512 1456 662 1505 1750.
702 1457 788 1505 51.
838 1470 959 1505 cum
994 1471 1135 1506 nova
1170 1456 1409 1507 eiusdem
1441 1458 1879 1523 interpretatione
1916 1458 2136 1522 Latina3
2196 1461 2251 1507 et
2293 1457 2462 1523 praef.
2502 1458 2567 1508 de
2604 1458 2734 1507 Ver—

258 1541 489 1590 sionibus
524 1542 765 1607 persicis.
814 1542 1087 1593 Posterior
1126 1558 1265 1608 quae
1300 1546 1578 1607 recentior,
1618 1560 1683 1593 ex
1721 1543 1928 1594 Graeco
1964 1544 2227 1606 traducta,
2268 1560 2434 1609 opera
2471 1549 2524 1594 et
2560 1544 2735 1594 studio

257 1627 374 1678 Abr.
396 1614 717 1678 ¹Wheloci
765 1633 818 1678 et
864 1630 1196 1680 Piersonii
1233 1629 1430 1695 prodiit
1468 1632 1618 1680 1657.
1656 1629 1749 1680 fol.
1787 1630 2034 1692 Londini,
2079 1632 2136 1680 in
2172 1646 2228 1680 re
2267 1632 2454 1681 critica
2489 1632 2733 1697 exiguae,

257 1716 352 1765 imo
386 1714 501 1765 sere
536 1714 737 1765 nullius
773 1722 854 1766 est
888 1716 1152 1767 utilitatis.

847 2020 905 2099 ξ.
954 2020 1057 2084 87.
1104 2016 1225 2082 De
1270 2016 1701 2083 Versione
1746 2018 2133 2084 Armena.

460 2235 513 2286 S.
549 2236 818 2285 Joannem
867 2235 1299 2300 Chrysostomum
1346 2237 1555 2286 Novum
1604 2237 2003 2287 Testamentum
2054 2242 2107 2288 et
2154 2238 2400 2289 Psalmos
2445 2239 2736 2289 Davidicos

261 2323 311 2371 in
344 2322 581 2388 linguam
613 2322 899 2372 Armenam
932 2323 1283 2384 transtulisse,
1325 2322 1647 2389 Georgius
1683 2324 2041 2374 Alexandriae
2076 2326 2390 2375 Patriarcha
2413 2353 2480 2361 -—
2508 2341 2738 2390 quocum

264 2410 385 2459 facit
420 2409 598 2460 Sixtus
638 2408 778 2473 Seu„
815 2409 955 2459 Bibl.
992 2426 1036 2459 s.
1075 2409 1107 2460 l.
1143 2410 1235 2459 IV.
1280 2426 1333 2475 p.
1370 2412 1488 2460 325.
1528 2410 1610 2460 ed.
1650 2411 1839 2462 Colon.
1875 2438 1940 2447 -—
1974 2410 2233 2476 perhibet.
2283 2413 2480 2461 Verum
2529 2417 2737 2462 constat

264 2512 291 2545 e
320 2496 537 2558 Photi0,
585 2496 847 2554 Biblioth..
875 2496 991 2546 cod.
1030 2498 1113 2547 96.
1151 2496 1233 2545 ed.
1270 2498 1451 2561 Migne
1500 2514 1552 2563 p.
1591 2499 1734 2547 359.:
1799 2497 2068 2563 „Scriptor
2111 2499 2211 2548 iste
2261 2498 2474 2563 quidem
2525 2503 2737 2563 praeter

262 2583 507 2633 historiae
541 2582 700 2633 fidem
735 2598 981 2634 narrasse
1021 2584 1284 2649 quaedam
1318 2586 1465 2635 visus
1504 2588 1632 2635 est.“
1699 2584 1987 2649 Georgium
2035 2600 2143 2634 non
2189 2600 2347 2652 posse
2383 2585 2570 2635 haberi
2608 2588 2730 2635 scri-

263 2675 457 2735 ptorem
494 2670 597 2720 fide
634 2671 869 2736 dignum,
908 2677 1092 2722 censet
1127 2688 1343 2737 quoque
1375 2673 1762 2723 eruditissimus
1787 2672 2152 2735 Montfaucon,
2191 2673 2256 2722 de
2281 2674 2393 2722 vita
2427 2672 2480 2723 S.
2505 2673 2734 2723 Joannis

266 2757 615 2822 chrysostomi
663 2758 784 2807 XII.
822 2775 901 2823 pr.
954 2774 1007 2823 p.
1058 2760 1107 2808 4.
1182 2757 1448 2809 Constans
1496 2765 1577 2809 est
1630 2758 1776 2824 apud
1823 2758 2080 2809 Armenes
2128 2760 2342 2809 traditio
2380 2788 2446 2796 —
2483 2777 2533 2808 v.
2569 2760 2735 2810 Mosis

266 2842 637 2906 Chorenensis,
688 2844 956 2894 Historiae
993 2843 1340 2895 Armeniacae
1376 2846 1481 2907 111,
1522 2847 1604 2895 53.
1644 2848 1728 2895 54.
1780 2846 1862 2895 ed.
1901 2845 1963 2896 G.
2006 2851 2060 2896 et
2097 2845 2158 2896 G.
2197 2847 2461 2897 Whiston.
2508 2847 2737 2896 Londin.

267 2932 413 2980 1736.
459 2947 510 2995 p.
547 2932 664 2980 298.
702 2947 814 2996 seq.
852 2931 1017 2996 praef.
1069 2948 1120 2996 p.
1159 2934 1206 2980 9.
1262 2931 1325 2981 R.
1364 2931 1571 2994 Simon,
1620 2933 1761 2988 Hist.
1799 2933 1912 2982 crit.
1952 2932 2046 2983 des
2084 2934 2339 2983 Versions
2377 2933 2449 2983 du
2484 2934 2549 2983 N.
2588 2934 2649 2982 T.
2693 2950 2738 2983 c.

268 3017 433 3066 XVII.
466 3034 516 3082 p.
557 3020 671 3067 196.
711 3033 753 3066 s.
802 3017 1057 3067 Maturini
1091 3017 1374 3082 Veyssiere
1409 3018 1465 3067 la
1502 3018 1690 3080 Croze,
1737 3020 1862 3069 diss.
1899 3018 2028 3084 phil.
2066 3019 2186 3068 add.
2227 3019 2308 3069 ed.
2357 3019 2409 3069 J.
2449 3019 2734 3070 Chamber-

264 3103 425 3168 laynii
458 3103 599 3153 Orat.
638 3103 775 3154 dom.
814 3106 869 3153 in
906 3105 1009 3154 div.
1047 3121 1185 3154 omn.
1232 3105 1342 3154 fere
1379 3110 1520 3170 gent.
1557 3105 1685 3170 ling.
1726 3123 1772 3155 v,
1808 3105 2026 3156 Amstel.
2067 3107 2217 3158 1715.
2265 3123 2317 3171 p.
2358 3108 2473 3156 133.
2517 3105 2598 3156 cf.
2653 3121 2735 3171 ep.

268 3191 333 3239 ad
367 3189 711 3240 l'Enfantium
748 3206 905 3256 quam
943 3191 1090 3242 dedit
1123 3192 1389 3241 Nouveau
1424 3193 1737 3242 Testament
1783 3207 1881 3257 par
1914 3191 1988 3240 M.
2027 3192 2092 3241 de
2127 3192 2438 3242 Beausobre
2475 3197 2530 3241 et
2564 3190 2736 3242 L'En-

268 3276 396 3326 fant.
431 3277 587 3327 Amst.
617 3279 767 3329 1718.
806 3278 876 3340 Π,
916 3281 1031 3328 211.
1072 3294 1155 3343 ep.
1193 3278 1261 3328 ad
1302 3277 1493 3344 Georg.
1520 3279 1786 3341 Whiston,
1823 3279 2086 3329 Thesauri
2123 3277 2384 3344 epistolici
2422 3279 2737 3329 Lacroziani

267 3365 345 3413 ed.
381 3365 431 3414 J.
464 3365 524 3414 L.
560 3364 686 3415 Uhl.
736 3365 884 3430 Lips.
937 3367 1087 3415 1742.
1135 3366 1187 3427 Ι,
1240 3366 1357 3414 358.
1405 3381 1447 3415 s.
1504 3382 1585 3430 ep.
1626 3365 1766 3416 Guil.
1804 3366 2052 3415 Whiston
2097 3366 2207 3415 iun.
2257 3367 2328 3416 ib.
2374 3367 2482 3427 III,
2529 3367 2647 3415 281.
2697 3381 2737 3415 s,

266 3450 317 3500 J.
352 3451 412 3500 B.
444 3451 692 3515 Aucheri,
743 3452 969 3502 Eusebii
1018 3451 1321 3502 Chronicon
1370 3466 1497 3501 arm.
1535 3453 1670 3502 Ven.
1711 3453 1861 3502 1818.
1899 3469 1977 3518 pr.
2015 3469 2066 3518 p.
2106 3453 2154 3501 6.
2195 3480 2257 3488 -
2297 3453 2448 3501 initio
2497 3451 2656 3501 ducto
2707 3466 2740 3500 a

270 3537 539 3587 Sacrarum
575 3539 969 3602 Scripturarum
1004 3539 1263 3600 versione,
1302 3537 1730 3603 praeclarissima
1767 3553 2010 3605 quaeque
2050 3537 2374 3589 Graecorum
2410 3541 2736 3590 monimenta

269 3626 323 3673 in
356 3625 707 3675 Haicanam
735 3654 802 3661 —
826 3625 1044 3674 Armeni
1080 3625 1147 3674 ab
1183 3625 1359 3674 Haico
1397 3627 1569 3690 gentis
1608 3626 1884 3676 conditore
1919 3625 2151 3674 Haicani
2188 3625 2451 3674 dicuntur.
2499 3625 2580 3674 Cf.
2606 3625 2656 3674 J.
2683 3624 2734 3674 J.

272 3709 565 3775 Schroeder,
617 3712 743 3762 diss.
792 3713 859 3762 de
908 3712 1067 3762 rebus
1102 3711 1395 3762 Armenicis
1447 3727 1531 3777 ap.
1571 3712 2090 3776 chamberlaynium,
2135 3712 2169 3761 l.
2209 3728 2254 3762 c.
2291 3729 2344 3778 p.
2385 3714 2498 3761 146.
2527 3739 2592 3748 -—
2617 3713 2652 3761 i.
2692 3728 2737 3761 e.

271 3797 538 3848 Armenam
586 3801 819 3864 quinto
864 3815 916 3864 p.
957 3798 1016 3849 C.
1053 3800 1118 3849 N.
1158 3799 1430 3872 saecsulo
1480 3814 1743 3849 conversa
1790 3799 1970 3849 fuisse.
2043 3798 2215 3864 Atque
2263 3800 2338 3848 ita
2387 3799 2634 3864 equidem
2681 3803 2742 3848 ut

271 3899 374 3933 non
404 3884 741 3949 praeclariuS,
779 3886 857 3935 sic
893 3901 993 3935 nec
1030 3887 1301 3950 antiquius
1341 3891 1515 3936 exstat
1537 3887 1842 3935 Haicanum
1880 3901 2028 3950 opus,
2068 3900 2225 3950 quam
2250 3886 2425 3934 versio
2451 3885 2733 3934 Librorum

272 3971 587 4022 Divinorum.
639 3971 775 4022 Cum
811 3974 951 4022 enim
987 3987 1021 4022 a
1059 3972 1119 4022 C.
1156 3974 1275 4022 406.
1313 3989 1354 4023 s.
1391 3973 1780 4034 Mastosius,
1821 3973 1934 4021 sive
1970 3972 2306 4036 Mesropes
2343 3970 2601 4036 singulari
2636 3972 2739 4020 Dei

272 4057 516 4109 beneficio
552 4059 831 4108 Haicanae
868 4057 1182 4124 Scriptionis
1220 4060 1543 4109 lineamenta
1579 4061 1876 4124 reperisset,
1927 4073 2165 4124 suaeque
2215 4059 2360 4124 genti
2405 4058 2738 4121 tradidisset3

276 4146 441 4194 statim
497 4148 611 4210 ipse
673 4161 795 4195 cum
856 4145 908 4195 S.
956 4145 1146 4200 Isaaco
1200 4146 1513 4196 Patriarcha
1567 4161 1633 4195 ac
1688 4145 1934 4211 discipuli
1997 4146 2111 4194 eius
2166 4145 2400 4194 Eznicus
2457 4143 2738 4194 Colbensis

275 4231 497 4283 Joannes
527 4232 805 4282 Ecclensis
844 4237 897 4282 et
930 4231 1199 4298 Josephus
1235 4233 1535 4295 Palnensis‚
1574 4247 1791 4298 operam
1829 4247 1979 4281 suam
2015 4231 2434 4296 industriamque
2471 4231 2527 4279 in
2563 4239 2733 4279 trans-

277 4318 488 4368 ferendis
514 4319 565 4369 S.
590 4320 787 4369 Literis
824 4323 1145 4384 posuerunt3
1182 4318 1239 4368 id
1264 4318 1407 4384 quod
1442 4321 1843 4369 testatissimum
1880 4318 2094 4384 reliquit
2124 4318 2357 4368 Corius
2395 4318 2508 4366 eius
2547 4319 2740 4366 aetatis

279 4403 593 4455 historiarum
641 4408 868 4470 scriptor
914 4405 1241 4472 praeclarus.
1304 4406 1409 4466 Qui
1457 4408 1513 4455 in
1548 4409 1660 4455 vita
1697 4421 1740 4456 s.
1777 4407 2040 4470 Mesropis
2087 4405 2233 4470 apud
2265 4403 2584 4465 Aucherum,
2618 4403 2656 4453 1.
2693 4419 2738 4452 c.

280 4506 326 4540 n.
360 4495 401 4542 1.
436 4491 688 4542 affirmat:
738 4494 1167 4543 constantissima
1203 4493 1529 4557 exemplaria
1562 4493 1792 4542 Divinae
1829 4491 2136 4556 Scripturae
2173 4491 2243 4540 ad
2277 4490 2380 4540 hoc
2416 4505 2550 4554 opus
2585 4489 2739 4554 perfi-

282 4577 503 4630 ciendum
554 4580 845 4648 acquisita,
898 4584 951 4633 et
995 4594 1053 4628 se
1103 4595 1317 4650 quoque
1370 4581 1509 4632 inter
1558 4595 1651 4632 eos
1707 4579 1872 4630 fuisse
1922 4580 2014 4645 qui
2067 4578 2191 4630 huic
2244 4577 2417 4630 labori
2470 4582 2739 4628 vacarent.
