3309 5300
606 387 727 450 108
1320 387 1553 440 eomme'nt.
1584 399 1635 440 de
1664 401 1706 440 S.
1731 399 1886 448 script.
1919 411 2012 449 cap.
2045 411 2128 440 sec.
2159 401 2288 440 tract.
2319 400 2352 440 I.

602 573 961 639 adstipulante
1000 572 1317 632 Semlero,
1357 573 1425 622 ad
1461 575 1748 624 Wetstenii
1782 573 1945 624 libell.
1984 575 2053 623 ad
2091 576 2204 624 crit.
2253 575 2316 624 N.
2342 575 2404 624 T.
2443 577 2631 639 pertin.
2670 577 2718 636 ἓ.
2743 576 2826 625 83.
2867 591 2920 639 p.
2951 577 3093 636 177„

600 660 937 724 hypothesim
990 659 1129 708 hanc
1184 659 1414 709 excoluit
1461 660 1511 709 J.
1548 661 1600 710 J.
1641 659 2035 722 Griesbach,
2099 675 2258 710 curae
2313 662 2368 710 in
2421 660 2542 712 hist.
2599 667 2633 711 t.
2691 677 2739 726 g.
2796 678 2881 726 ep.
2933 661 3097 710 Pauli

602 762 783 812 opusc.
822 747 893 809 ΙΙ,
920 747 1020 807 95.,
1060 747 1188 794 110111
1226 747 1349 796 (1188.
1389 748 1502 796 crit.
1542 747 1607 795 de
1647 747 1762 796 cod.
1805 747 2196 811 quat.=Evang.
2227 745 2372 811 Orig.
2399 747 2469 796 ib.
2506 748 2548 808 I,
2577 749 2694 797 235.
2722 765 2764 798 8.
2803 753 2859 798 01
2897 763 3097 798 comm.

602 834 715 882 crit.
753 834 809 880 in
844 837 1047 881 textum
1096 833 1159 881 N.
1198 833 1258 881 T.
1296 832 1417 881 Jen.
1460 835 1608 882 1811.
1672 833 2009 882 meletemata
2059 833 2122 882 (10
2173 835 2394 882 vetustis
2443 834 2642 883 Textus
2693 835 2757 884 N.
2795 835 2857 883 T.
2908 849 3098 882 recen-

604 919 845 968 sionibus
883 919 952 980 11,
991 920 1073 968 41.
1113 935 1155 968 s.
1215 919 1477 968 Famosus
1524 921 1624 969 iste
1673 921 1886 969 criticus
1924 921 2203 970 universos
2242 919 2454 970 codices
2491 935 2613 969 mss.
2654 936 2683 969 e
2720 921 2890 970 tribus
2931 922 3093 984 quasi

600 1005 929 1069 principibus
952 1004 1342 1069 exemplaribus
1364 1005 1636 1068 derivavit,
1665 1021 1798 1071 quas
1827 1022 1968 1067 ,.,1·00
1984 1008 2326 1056 ensiones“
2360 1006 2516 1069 dixit3
2543 1022 2617 1056 sc.
2643 1008 2710 1056 ab
2739 1006 3096 1068 orientali,

602 1090 1018 1140 occidentali
1056 1095 1109 1140 et
1144 1091 1599 1141 alexandrina.
1662 1092 1804 1142 Huic
1841 1089 2137 1142 sententiae
2176 1093 2426 1157 opposuit
2449 1107 2508 1142 se
2534 1091 2870 1142 Griesbachii
2907 1093 3100 1142 adver—

601 1177 773 1226 sarius
824 1179 1110 1226 acerrimus
1147 1178 1237 1228 Fr.
1274 1179 1623 1240 Matthaei,
1675 1183 1726 1228 ii.
1766 1178 1815 1227 d.
1856 1183 2224 1244 sogenannten
2258 1180 2648 1241 Recensionen,
2697 1179 2899 1228 welche
2936 1179 3000 1228 Β.
3041 1179 3096 1228 8.

600 1283 652 1316 0.
692 1266 755 1316 G.
792 1268 849 1316 in
886 1267 1004 1316 dem
1041 1283 1117 1332 gr.
1156 1269 1216 1316 T.
1257 1267 1305 1316 d.
1343 1268 1407 1317 N.
1445 1269 1506 1317 Τ.
1546 1267 1740 1317 wollen
1779 1267 2010 1317 endeckt
2046 1267 2238 1317 haben.
2276 1267 2520 1317 Ronneb.
2560 1269 2728 1329 1804.,
2769 1283 3094 1331 omnemque

603 1353 667 1402 de
694 1355 1095 1403 recensionibus
1124 1353 1416 1403 doctrinam
1455 1353 1699 1419 explosit.
1749 1353 1830 1403 Ab
1869 1353 1950 1402 his
1987 1370 2170 1404 rursus
2207 1358 2318 1403 toto
2359 1353 2508 1403 coelo
2537 1353 2712 1403 differt
2736 1354 2797 1402 A.
2825 1353 3093 1416 Scholz‚

604 1455 713 1488 cur.
753 1440 865 1488 crit.
904 1440 961 1488 in
996 1439 1179 1489 histor.
1218 1445 1345 1490 text.
1380 1440 1643 1504 Evangel.
1699 1439 1946 1489 Heidelb.
1988 1442 2136 1490 1820.
2187 1439 2326 1489 Β1111.
2372 1441 2494 1490 krit.
2531 1439 2691 1497 Reise
2739 1441 2897 1490 nebst
2946 1441 3100 1488 einer

604 1525 795 1576 Gesch.
836 1526 931 1575 des
968 1528 1163 1576 Textes
1202 1527 1251 1576 d.
1289 1527 1353 1576 N.
1380 1527 1441 1576 T.
1478 1527 1665 1590 Leipz.
1708 1528 1857 1576 1823.
1897 1543 1948 1591 p.
1978 1528 2092 1576 136.
2121 1543 2160 1576 s.
2215 1527 2360 1575 Edit.
2397 1527 2464 1576 N.
2501 1527 2561 1575 T.
2599 1527 2642 1575 I.
2680 1526 2810 1590 prol.
2848 1543 2900 1591 p.
2935 1528 3020 1576 51.
3049 1543 3092 1575 8.

604 1611 803 1662 Comm.
843 1612 909 1662 (10
945 1615 1229 1664 virtutibus
1268 1618 1320 1662 et
1355 1614 1499 1663 vitiis
1537 1614 1816 1677 utriusque
1849 1612 2017 1662 codic.
2043 1614 2106 1662 N.
2133 1614 2194 1662 T.
2221 1612 2472 1676 familiae.
2509 1612 2682 1662 Bonn.
2717 1610 2868 1662 1845.
2894 1629 2946 1677 p.
2975 1614 3023 1661 2.
3051 1627 3096 1660 8.

604 1699 894 1749 Constituit
930 1700 1095 1748 duas
1134 1699 1443 1749 codicum
1478 1699 1810 1749 familias:
1863 1700 2230 1750 asiaticam
2267 1711 2388 1748 cum
2432 1699 2640 1748 Textu
2675 1705 2947 1764 recepto
2985 1699 3097 1764 ple-

600 1802 823 1850 rumque
861 1789 1307 1850 consentientem3
1348 1791 1507 1852 atque
1547 1785 2050 1835 alexandrinam
2088 1787 2154 1835 ab
2184 1802 2246 1835 eo
2275 1800 2433 1851 quam
2471 1787 2696 1835 maxime
2731 1785 3092 1834 recedentem.

606 1872 925 1934 Scholzium,
967 1888 1196 1937 quocum
1234 1873 1363 1922 facit
1402 1872 1464 1921 G.
1504 1872 1563 1923 O.
1601 1871 1835 1935 Rinck,
1885 1872 2187 1922 lucubratio
2226 1873 2413 1944 critica
2447 1873 2503 1920 in
2539 1871 2675 1921 Acta
2709 1871 3094 1936 Apostolorum

606 1960 757 2023 epist.
797 1957 948 2008 Cath.
988 1965 1041 2008 et
1076 1958 1348 2008 Paulinas.
1390 1958 1515 2008 Bas.
1557 1960 1708 2008 1830.
1746 1975 1797 2023 p.
1837 1961 1882 2007 2.
1922 1974 1963 2008 s.
2003 1961 2084 2007 11.
2124 1975 2183 2020 8.,
2223 1959 2402 2008 sobrie
2439 1957 2690 2008 refutavit
2726 1957 2789 2007 G.
2829 1957 3096 2019 Secchi,

604 2045 652 2094 d.
693 2044 751 2094 C.
790 2045 840 2094 d.
880 2043 961 2107 G„
998 2045 1196 2095 Esame
1234 2044 1377 2094 della
1422 2060 1529 2094 rec.
1568 2046 1704 2094 ediz.
1745 2045 1794 2094 d.
1832 2045 1895 2095 N.
1933 2046 1994 2094 T.
2035 2061 2109 2110 gr.
2149 2044 2198 2094 (1.
2238 2044 2287 2094 d.
2328 2044 2536 2107 Scholz,
2581 2046 2638 2093 in
2683 2060 2807 2094 ann.
2847 2045 2899 2094 d.
2936 2059 3012 2093 80.
3049 2061 3092 2093 r.

602 2132 755 2181 Rom.
785 2133 935 2180 1839.
962 2131 997 2180 f.
1026 2133 1137 2194 26.;
1176 2131 1412 2195 iniquius
1451 2133 1783 2196 oppugnavit
1818 2130 1876 2180 C.
1903 2130 2379 2193 Tischendorf,
2421 2131 2486 2180 de
2517 2133 2921 2181 recensionibus
2960 2146 3095 2195 quas

608 2217 792 2267 dicunt
826 2218 892 2266 N.
931 2217 991 2266 T.
1030 2217 1236 2266 ratione
1273 2217 1459 2266 habita
1492 2218 1827 2282 potissimum
1865 2215 2111 2266 Scholzii.
2147 2219 2297 2283 Lips.
2338 2219 2488 2268 1840.
2525 2234 2576 2282 p.
2615 2199 2682 2267 9.'
2703 2233 2742 2267 s.
2795 2217 3096 2282 Opiniones

603 2304 1033 2370 hypothesesque
1054 2302 1120 2352 de
1140 2303 1541 2353 recensionibus
1564 2304 1972 2369 quibuscunque
1992 2305 2179 2353 reiecit
2198 2303 2250 2354 J.
2273 2303 2335 2353 G.
2355 2305 2467 2353 Rei
2481 2304 2596 2353 che
2611 2341 2624 2365 ,
2650 2304 2780 2353 Cod.
2799 2320 2926 2354 mss.
2947 2304 3010 2352 N.
3031 2305 3095 2352 T.

604 2391 811 2455 aliquot
844 2393 942 2440 1118.
979 2392 1033 2439 111
1070 2390 1211 2439 Β1111.
1248 2391 1379 2454 Reg.
1405 2390 1527 2439 Par.
1556 2405 1754 2440 asserv.
1792 2406 1932 2440 novo
1971 2390 2140 2440 deser.
2181 2390 2322 2440 Gott.
2360 2392 2527 2453 1847„
2567 2397 2619 2440 et
2657 2389 2858 2440 Comm.
2886 2392 3003 2439 crit.
3039 2392 3098 2438 in

605 2478 669 2526 N.
690 2478 751 2526 T.
780 2476 920 2527 Gott.
951 2479 1099 2527 1853.
1126 2478 1169 2526 I.
1204 2477 1277 2526 Et
1302 2492 1432 2526 sane
1456 2493 1565 2526 non
1593 2476 1786 2527 desunt
1809 2475 1918 2527 illis'
1940 2479 2082 2539 viris,
2111 2479 2202 2543 qui
2226 2478 2599 2538 contradicunt
2623 2493 2812 2542 graves
2840 2478 3095 2526 rationes.

604 2564 892 2612 Enimvero
920 2564 1127 2628 opinio:
1166 2568 1301 2612 tres
1341 2565 1722 2629 antiquitus
1746 2565 1998 2614 Textus
2023 2565 2189 2614 Novi
2213 2565 2619 2613 Testamenti
2656 2565 3096 2612 recensiones

604 2652 874 2701 institutas
913 2666 1045 2711 esse,
1084 2666 1185 2700 sua
1221 2656 1411 2715 sponte
1449 2668 1507 2717 se
1545 2652 1699 2701 offert
1737 2667 1844 2717 qua
1890 2652 2069 2713 talem,
2109 2666 2248 2716 quae
2296 2653 2449 2701 iustis
2493 2652 2818 2716 argumentis
2870 2652 3089 2715 probari

605 2738 816 2802 nequit3
850 2741 902 2786 et
926 2738 1125 2786 Textus
1151 2737 1399 2787 historias
1427 2754 1491 2786 ex
1514 2740 1730 2803 ingenio
1757 2739 1952 2803 11011118,
1991 2753 2150 2803 quam
2177 2754 2206 2787 e
2231 2739 2547 2788 testimoniis
2573 2737 2834 2787 conficere
2861 2738 3089 2787 videtur.

608 2823 743 2873 Sunt
778 2823 1020 2889 plurima,
1058 2828 1269 2888 praeter
1308 2839 1373 2873 ea
1409 2839 1546 2888 quae
1581 2825 1638 2873 in
1676 2826 1854 2889 specie
1892 2826 2194 2874 monuimus
2235 2841 2274 2874 s.
2303 2841 2354 2889 p.
2396 2825 2510 2873 105.
2549 2840 2608 2886 8.,
2649 2839 2788 2889 quae
2824 2825 2990 2874 etiam
3025 2826 3098 2873 in

605 2912 985 2959 universum
1023 2925 1232 2959 0111110111
1268 2910 1404 2959 hanc
1444 2912 1748 2977 opinionem
1785 2913 2103 2961 incertam
2141 2910 2384 2960 reddunt.
2431 2912 2568 2959 Nam
2605 2926 2650 2959 a.
2681 2911 2886 2975 absque
2927 2911 3090 2960 dubio

607 3001 831 3058 constat,
871 2996 997 3046 olim
1033 2998 1138 3045 iam
1188 2997 1403 3047 alterius
1450 3002 1623 3047 terrae
1675 2999 1886 3048 codices
1923 3001 1977 3048 in
2015 2998 2236 3048 alteram
2273 3003 2600 3048 transvectos
2639 3014 2772 3049 esse.
2825 2998 3094 3048 Constan-

606 3085 750 3133 tinus
790 3083 1002 3149 quidem
1038 3084 1276 3134 Eusebio
1316 3084 1668 3135 Caesareensi
1703 3087 1882 3136 iussit:
1942 3087 2470 3151 „quinquaginta
2507 3086 2780 3135 codices
2817 3086 3093 3135 Divina-

605 3187 743 3219 rum
783 3169 1301 3235 Scripturarum,
1352 3174 1417 3220 in
1453 3172 1852 3223 membranis
1901 3174 2106 3237 probe
2145 3174 2508 3237 apparatis,
2559 3174 2638 3222 ab
2677 3172 3094 3222 artificibus

605 3258 1039 3321 antiquariis
1076 3263 1368 3308 venuste
1405 3259 1765 3308 scribendi
1803 3261 2262 3324 peritissimis
2302 3259 2660 3309 describi.“
2706 3259 3092 3320 Theodoretus,

606 3344 756 3393 Eccl.
782 3344 921 3393 Hist.
946 3345 990 3405 I,
1020 3346 1101 3394 16.
1129 3344 1211 3395 0(1.
1237 3345 1355 3395 Val.
1382 3363 1433 3410 p.
1458 3346 1541 3395 45.
1568 3345 1744 3395 addit:
1787 3344 1861 3406 „C
1879 3350 2168 3407 eterum,
2206 3348 2322 3410 ipse
2345 3346 2615 3394 Eusebius
2641 3349 2840 3407 narrat,
2881 3345 2947 3394 de
2986 3348 3096 3394 vita

608 3430 961 3480 Constantini.
998 3432 1090 3493 IV,
1130 3434 1214 3481 37.
1250 3448 1303 3496 p.
1341 3433 1477 3493 544„
1534 3433 1684 3480 eius
1723 3433 1903 3480 dicta
1939 3433 2274 3481 continuo
2312 3433 2522 3495 ipsum
2559 3446 2721 3495 opus
2759 3433 3090 3495 excepit.“

604 3517 885 3567 Ecclesiae
935 3533 1031 3583 pro
1082 3519 1215 3567 inita
1264 3520 1488 3567 arctiore
1538 3520 1796 3567 societate
1835 3524 1886 3568 et
1921 3524 2104 3567 mutuo
2155 3519 2486 3579 commercio,
2537 3517 2865 3581 exemplaria
2912 3532 3096 3567 secum

608 3604 1099 3668 communicabant3
1139 3609 1192 3653 et
1226 3606 1302 3653 ita
1336 3606 1522 3669 priscis
1560 3607 1667 3654 iam
1704 3606 2034 3670 temporibus
2071 3605 2283 3654 codices
2321 3606 2589 3653 variorum
2637 3605 3092 3653 librariorum

605 3719 670 3726 —
710 3706 814 3755 quo
864 3690 1075 3739 nomine
1126 3690 1497 3755 intelligimus:
1549 3692 1841 3755 quemlibet
1886 3692 1948 3741 L.
1995 3692 2060 3741 L.
2107 3690 2160 3740 8.
2208 3692 2260 3741 8.
2307 3691 2712 3753 dictantem,
2761 3706 3020 3756 recogn
3037 3707 3094 3740 o-

606 3782 894 3827 scentem
931 3777 1019 3826 vel
1056 3777 1564 3840 describentem,
1592 3806 1658 3813 —
1683 3780 1739 3826 in
1777 3794 1886 3827 una
1912 3777 2205 3843 eademque
2230 3778 2448 3842 regione
2477 3778 2801 3827 ferebantur.
2853 3776 2941 3827 810
2979 3777 3097 3827 fieri

604 3864 792 3927 potuit,
830 3868 889 3912 ut
925 3863 1237 3928 apographa
1274 3864 1340 3913 ab
1377 3865 1615 3915 Eusebio
1654 3869 1842 3913 curata
1879 3880 1912 3913 a
1948 3880 2005 3913 se
2041 3866 2271 3913 invicem
2314 3863 2695 3935 discreparent.
2755 3864 2945 3929 Neque
2983 3864 3097 3913 ulla

604 3951 739 3999 ratio
789 3950 1091 3999 existimare
1138 3952 1353 3999 suadet:
1402 3966 1509 3999 uno
1558 3956 1702 4000 certo
1742 3951 2030 4017 exemplari
2067 3953 2306 4017 principe
2343 3967 2468 4001 usos
2507 3952 2674 4001 fuisse
2713 3967 2896 4001 omnes
2933 3950 3094 4000 libra-

603 4038 725 4085 rios.
764 4037 815 4085 b.
843 4036 1039 4085 Omnes
1068 4037 1276 4099 eruditi,
1316 4039 1405 4102 qui
1434 4037 1662 4100 codices,
1689 4039 1977 4099 versiones,
2017 4038 2252 4102 allegata
2275 4054 2316 4087 8.
2341 4036 2559 4087 Patrum
2591 4039 2884 4088 secundum
2907 4054 3094 4086 recen-

604 4124 784 4172 siones
813 4123 1050 4172 diversas
1077 4128 1327 4172 accurate
1353 4124 1631 4189 disponere
1663 4125 1962 4186 voluerunt,
2001 4124 2101 4173 hac
2137 4126 2369 4173 maxima
2405 4124 2718 4174 difficultate
2755 4130 3094 4188 premuntur3

604 4209 749 4273 quod
787 4209 992 4259 nullum
1030 4213 1201 4272 exiis,
1242 4226 1378 4275 quae
1417 4216 1643 4260 aetatem
1683 4210 1919 4260 tulerunt
1953 4216 2130 4261 textus
2167 4212 2232 4259 N.
2259 4212 2320 4260 T.
2359 4212 2712 4272 monimentis,
2751 4210 2916 4258 ullam
2956 4211 3094 4259 eius-

602 4296 745 4344 modi
782 4298 1150 4346 recensionem
1186 4297 1437 4346 exhibeat
1472 4312 1660 4361 puram
1699 4302 1752 4346 et
1786 4299 2060 4362 integram.
2109 4297 2308 4347 Tcxtus
2345 4298 2409 4345 N.
2436 4298 2496 4345 Τ.
2525 4297 3092 4345 conformationes

606 4384 822 4432 omnino
850 4398 1009 4448 supp
1025 4388 1309 4433 onuntur
1332 4384 1516 4448 magis,
1540 4398 1698 4448 quam
1721 4384 2170 4447 demonstrantur3
2198 4398 2320 4433 nam
2342 4384 2581 4431 codicum
2604 4384 2834 4431 varietas
2855 4398 2966 4431 non
2985 4387 3095 4431 tam

605 4484 671 4518 ex
709 4470 866 4520 certis
904 4470 1323 4532 recensionibus‚
1362 4484 1587 4534 quarum
1622 4486 1674 4519 u.
1701 4487 1751 4519 v.
1777 4488 1829 4535 p.
1859 4473 1973 4519 105.
2001 4486 2041 4519 8.
2081 4486 2234 4518 1101110
2274 4484 2510 4534 unquam
2546 4470 2801 4517 Veterum
2837 4471 3094 4531 meminit,

606 4556 849 4607 consulto
886 4556 1070 4622 factis;
1110 4556 1204 4606 sed
1230 4572 1258 4605 0
1284 4558 1591 4607 successiva
1626 4558 1873 4621 congerie
1904 4555 2204 4623 glossarum
2229 4561 2281 4605 01
2306 4554 2574 4605 scribendi
2600 4570 2838 4605 errorum
2872 4554 3092 4605 fortuito
