3309 5300
558 424 682 488 122
1272 437 1507 478 comment.
1537 435 1591 477 de
1618 437 1664 478 S.
1685 436 1844 486 Script.
1875 447 1970 488 cap.
2001 447 2087 477 sec.
2116 437 2246 478 tract.
2273 437 2310 478 Ι.
2401 481 2408 488 ,

554 610 625 660 ad
660 613 721 660 Τ.
759 611 875 682 Act.
915 612 1018 676 Ep.
1059 627 1103 660 6.
1151 616 1206 660 et
1250 611 1310 660 P.
1348 611 1417 660 H.
1458 613 1607 661 1798.
1655 628 1734 677 pr.
1784 629 1834 677 p.
1876 615 1956 662 14.
2011 612 2154 677 Hug,
2203 612 2384 662 Freib.
2426 613 2481 661 Z.
2522 615 2674 663 1834.
2718 615 2838 676 VH,
2881 616 2971 664 86.
3014 631 3056 663 s.

552 698 881 748 Vaticana
918 696 970 746 S.
1007 698 1333 747 Romanae
1370 698 1718 748 Ecclesiae
1755 698 2184 749 Bibliotheca
2220 714 2350 764 prae
2381 701 2573 750 ceteris
2611 703 2841 766 optimos
2883 701 3060 750 habet

555 784 783 846 codices,
822 799 887 832 ex
925 785 1119 849 quibus
1145 785 1371 834 Textum
1395 786 1459 838 N.
1487 786 1548 835 Τ.
1577 786 1823 856 originali
1861 787 2019 836 nitori
2055 787 2332 839 restituere
2373 801 2646 851 queamus.
2683 787 3060 852 Reperiuntur

552 873 609 920 in
645 872 979 934 Vaticana,
1018 872 1197 922 stricte
1234 873 1313 921 sic
1350 872 1508 935 dicta,
1548 873 1760 922 codices
1797 875 1968 923 mssi.=
2005 874 2122 922 349.
2161 875 2280 922 351.
2321 875 2438 922 354.
2477 875 2595 922 356.
2629 875 2745 924 358.
2773 875 2899 924 359.
2927 875 3056 923 360.

552 960 671 1008 361.
710 960 827 1008 363.
866 950 983 1009 364.
1023 960 1139 1008 365.
1179 960 1296 1008 665.
1338 961 1453 1008 756.
1494 961 1609 1008 757.
1651 961 1766 1009 758.
1809 961 1958 1010 1067.
1989 961 2138 1009 1158.
2167 961 2318 1010 1160.
2349 962 2498 1011 1210.
2528 962 2678 1010 1229.
2708 962 2865 1010 1254.
2895 961 3058 1009 1548.

551 1047 783 1096 numeris
810 1046 1030 1111 signati3
1055 1046 1181 1094 item
1208 1045 1421 1095 codices
1451 1046 2117 1095 Palatino-Vaticani
2153 1063 2194 1095 S.
2220 1063 2273 1095 n.
2301 1049 2347 1095 5.
2376 1049 2459 1096 89.
2491 1048 2605 1096 136.
2635 1048 2749 1096 171.
2779 1048 2902 1097 189.
2931 1047 3058 1096 220.

552 1135 671 1183 227.
710 1135 844 1195 229.,
896 1133 1088 1198 quibus
1126 1133 1225 1182 sub
1275 1133 1541 1182 Urbano
1578 1133 1725 1182 VIII.
1776 1132 1914 1182 dono
1952 1133 2390 1182 Maximiliani
2437 1134 2702 1184 Electoris
2746 1138 2917 1183 aucta
2954 1133 3062 1181 fuit

551 1219 888 1270 Bibliotheca
906 1221 1183 1269 Vaticana.
1221 1219 1405 1284 Magni
1426 1217 1485 1267 fit
1509 1219 1678 1268 codex
1703 1224 1832 1269 nota
1857 1222 1904 1268 2.
1932 1219 2210 1269 distinctus
2231 1220 2649 1285 Evangeliorum
2669 1219 3062 1270 Bibliothecae

551 1306 1244 1369 Urbino·Vaticanae,
1291 1322 1447 1371 quem
1484 1305 1782 1356 Clemens
1820 1306 1938 1355 VII.
1975 1306 2181 1356 Urbino
2217 1307 2443 1356 Romam
2478 1307 2764 1357 transtulit.
2803 1311 2862 1357 et
2899 1307 3061 1356 Vati-

552 1408 721 1442 canae
757 1392 1126 1442 Bibliothecae
1164 1394 1401 1443 inseruit.
1450 1392 1814 1442 Aestimantur
1850 1394 2008 1442 etiam
2042 1391 2268 1442 Codices
2297 1393 2715 1458 Evangeliorum
2749 1395 2806 1443 in
2844 1392 3060 1442 Biblio-

552 1481 711 1530 theca
734 1480 1143 1529 Barberiana
1168 1480 1427 1529 asservati
1453 1496 1494 1529 s.
1508 1495 1559 1528 n.
1576 1481 1624 1529 8.
1641 1481 1689 1528 9.
1707 1482 1788 1529 10.
1813 1483 1892 1529 11.
1917 1482 1997 1529 12.
2023 1482 2103 1530 13.
2123 1482 2204 1529 14.
2222 1482 2338 1528 115.
2354 1481 2470 1529 208.
2493 1482 2628 1542 211.,
2653 1495 2786 1544 quos
2808 1495 2853 1529 s.
2876 1480 3060 1529 XVII.

555 1583 651 1632 pro
690 1566 947 1632 singulari
982 1568 1038 1615 in
1075 1567 1254 1616 literas
1292 1581 1471 1615 amore
1520 1566 1735 1630 collegit
1781 1566 1869 1615 Fr.
1906 1566 2076 1615 Barb
2093 1567 2262 1615 crini
2299 1565 2351 1616 S.
2388 1566 2453 1615 R.
2489 1567 2554 1615 E.
2595 1565 2937 1630 Cardinalis;
2993 1583 3062 1616 ex

552 1655 668 1704 istis
707 1653 822 1703 cod.
848 1669 972 1703 mss.
1009 1655 1159 1703 iussu
1186 1653 1421 1702 eiusdem
1444 1653 1639 1702 Emssi.
1678 1653 1776 1702 viri
1801 1652 2056 1703 lectiones
2083 1653 2152 1702 ad
2177 1653 2470 1702 curandum
2506 1653 2570 1703 N.
2597 1655 2660 1702 Τ.
2697 1654 3063 1720 congregavit

552 1741 603 1790 J.
628 1740 699 1789 M.
729 1740 894 1804 Cary
907 1740 1186 1806 ophilus,
1222 1741 1289 1789 D.
1318 1756 1368 1805 q.
1393 1757 1445 1804 p.
1475 1740 1589 1788 114.
1627 1739 1713 1788 De
1749 1739 1830 1787 his
1856 1740 2011 1788 sicuti
2037 1745 2090 1789 et
2115 1740 2180 1789 de
2206 1740 2321 1789 cod.
2347 1755 2469 1789 mse.
2498 1740 2649 1790 Rom.
2678 1739 2732 1790 8.
2757 1741 2976 1789 Mariae
3001 1741 3060 1788 in

555 1826 953 1889 Vallicella‚
990 1826 1381 1892 Angelicae‚
1430 1826 1980 1876 Hieromonachorum
2026 1825 2078 1877 S.
2115 1827 2327 1888 Basilii,
2378 1826 2765 1891 Borgianis3
2813 1828 2954 1876 item
2991 1828 3060 1876 de

551 1913 1060 1976 Laurentianis,
1098 1913 1513 1962 Florentinis
1550 1918 1712 1978 atque
1737 1914 2004 1962 Venetis
2042 1913 2160 1963 fuse
2187 1919 2239 1962 et
2269 1915 2476 1963 erudite
2503 1913 2634 1962 dixit
2659 1913 2794 1963 And.
2821 1913 3056 1976 Birch,

548 2001 603 2048 in
624 2000 755 2065 prol.
778 2000 847 2050 ad
867 2017 916 2064 q.
938 2001 1038 2050 Ev.
1060 2017 1135 2065 gr.
1156 2017 1207 2065 p.
1229 2002 1415 2050 3-57,
1453 2001 1586 2048 Item·
1610 2001 1666 2048 in
1690 2014 1800 2048 var.
1826 2000 1950 2049 lect.
1977 2000 2046 2048 ad
2070 2004 2106 2048 t.
2127 1999 2291 2064 Apoc.
2320 2001 2496 2049 Havn.
2522 2001 2672 2050 1800.
2693 2001 2831 2065 prol.
2858 2017 2914 2065 p.
2941 2001 2993 2049 8.
3015 2016 3058 2048 s.

549 2086 699 2136 Adde
737 2087 804 2136 ad
829 2087 1283 2147 Florentinos,
1324 2102 1415 2136 eos
1442 2102 1574 2151 quos
1600 2086 1662 2135 A.
1688 2087 1861 2135 Maria
1896 2087 2322 2148 Biosconius,
2360 2087 2500 2136 Bibl.
2532 2087 3058 2138 Mediceo-Lauren—

548 2175 727 2222 tianae
766 2174 922 2223 catal.
948 2173 1093 2222 Flor.
1122 2175 1272 2223 1777.
1298 2173 1366 2222 Π.
1398 2189 1447 2222 V.
1488 2173 1723 2237 dig'essit.
1765 2172 2032 2234 Codicem,
2062 2175 2153 2238 qui
2191 2189 2224 2222 a
2262 2173 2538 2238 Stephano
2574 2175 2845 2239 Borgia‚
2887 2173 3058 2223 olim

553 2260 839 2325 Collegii
874 2261 1127 2310 Urbani
1174 2259 1239 2309 de
1276 2260 1379 2309 fide
1417 2259 1768 2325 propaganda
1805 2273 1838 2308 a
1875 2261 2112 2320 secretis,
2162 2260 2467 2324 appellatur
2510 2261 2771 2326 tituloque
2806 2261 2853 2309 Ι.
2892 2277 2941 2310 s.
2982 2261 3047 2309 Τ.

550 2348 851 2412 insignitur,
880 2352 1129 2396 accurate
1156 2347 1320 2396 edidit
1346 2347 1405 2395 A.
1430 2346 1491 2395 A.
1520 2345 1778 2410 Georgi.
1816 2347 1966 2396 Rom.
1995 2347 2146 2396 1789.
2178 2346 2377 2396 Thebis
2404 2346 2786 2411 Aegyptiorum
2811 2347 3050 2396 Romam

556 2434 811 2483 advectus
852 2435 1221 2499 pretiosissimi
1266 2433 1469 2482 saeculi
1504 2437 1563 2481 ut
1599 2432 1808 2481 videtur
1845 2433 2032 2497 quinti,
2081 2433 2446 2497 Evangeliarii
2495 2433 2794 2498 fragmenta
2835 2449 2904 2482 ex
2945 2434 3052 2482 Ev.

553 2522 749 2570 Joann.
788 2523 836 2582 6,
876 2523 957 2570 28.
1008 2521 1044 2570 f.
1092 2537 1136 2569 c.
1177 2523 1221 2569 7.
1260 2522 1293 2570 1.
1334 2525 1386 2569 et
1420 2521 1469 2580 8,
1512 2522 1696 2568 1-23,
1754 2519 2060 2568 charactere
2115 2519 2316 2568 unciali
2370 2534 2562 2584 graeco
2618 2521 2674 2568 in
2727 2521 3054 2569 membrana

550 2606 921 2672 complectitur
931 2627 943 2670 ;
970 2607 1162 2657 Textui
1188 2607 1473 2672 originario
1500 2606 1712 2656 adiecta
1737 2611 1818 2655 est
1841 2607 2014 2657 versio
2043 2605 2337 2672 Coptica.
2368 2607 2514 2655 Inter
2541 2595 2768 2657 Codices
2793 2607 3052 2672 Regios

552 2696 737 2758 dictos,
778 2710 911 2759 quos
948 2696 1094 2759 regia
1144 2710 1285 2743 nunc
1333 2694 1621 2759 imperialis
1669 2693 2100 2743 Bibliotheca
2145 2695 2550 2745 Parisiensis
2599 2694 2856 2760 possidet,
2910 2710 3048 2759 quo-

551 2798 773 2846 rumque
811 2784 999 2847 ingens
1036 2786 1117 2831 est
1152 2796 1419 2842 numerus,
1456 2782 1739 2831 memorari
1775 2786 2010 2830 meretur
2045 2782 2162 2830 cod.
2201 2781 2264 2829 K.
2302 2797 2353 2830 n.
2391 2783 2475 2830 63.
2513 2782 2769 2845 signatus,
2808 2780 3055 2846 plerum-

554 2885 656 2935 que
694 2868 975 2933 Cyprius
1013 2869 1201 2929 dictus,
1240 2870 1365 2932 quia
1403 2884 1469 2917 ex
1504 2867 1682 2917 insula
1707 2868 1882 2934 Cypro
1910 2882 1958 2917 a.
1990 2870 2140 2918 1673.
2175 2870 2232 2917 111
2261 2867 2649 2917 Bibliothecam
2675 2866 3052 2917 Colbertinam

554 2956 760 3005 delatus
788 2960 883 3004 est.
921 2956 1163 3016 Quatuor
1188 2956 1343 3005 nobis
1362 2956 1586 3019 praebet
1603 2955 1920 3019 Evangelia,
1947 2954 2145 3003 unciali
2171 2955 2477 3003 charactere
2505 2954 2736 3019 oblongo
2764 2961 2820 3003 et
2844 2959 3050 3003 erecto.

553 3041 635 3091 Cf.
661 3042 1025 3103 Montfaucon,
1064 3042 1346 3107 Palaeogr.
1372 3058 1447 3107 gr.
1473 3042 1569 3103 ΠΙ,
1596 3044 1643 3091 6.
1671 3058 1722 3105 p.
1750 3044 1867 3092 231.
1905 3041 2366 3106 Palaeographiae
2391 3042 2547 3106 periti
2574 3041 2626 3090 S.
2652 3041 2746 3090 IX.
2781 3042 3050 3108 scriptum

551 3128 832 3177 affirmant.
878 3129 1045 3177 Plura
1071 3128 1136 3177 de
1160 3130 1262 3177 hoc
1286 3144 1409 3177 mss.
1438 3129 1655 3193 exponit
1681 3127 1888 3190 Scholz,
1915 3133 2195 3177 comment.
2220 3128 2287 3177 de
2313 3127 2512 3177 Codice
2539 3128 2749 3192 Cyprio.
2788 3127 3048 3177 Heidelb.

555 3218 704 3265 1820.
770 3215 1022 3266 Celebres
1072 3220 1195 3265 sunt
1242 3217 1473 3280 quinque
1509 3216 1841 3265 Laudiani
1890 3216 2119 3277 codices,
2169 3231 2304 3280 quos
2357 3216 2496 3263 inter
2547 3216 2775 3263 maxime
2829 3214 3052 3263 excellit

550 3320 602 3351 n.
656 3304 832 3365 1119„
896 3303 987 3368 qui
1034 3302 1411 3367 Apostolorum
1458 3302 1595 3351 Acta
1612 3339 1625 3364 ,
1683 3302 2070 3367 graeco-latina
2121 3302 2308 3363 habet,
2368 3294 2492 3350 κατὰ
2543 3298 2670 3359 λέξιν
2725 3300 3048 3349 charactere

551 3390 869 3455 perantiquo
908 3394 962 3438 et
997 3390 1308 3439 maiuscu10.
1348 3389 1426 3438 Cf.
1456 3388 1627 3438 Catal.
1653 3389 1801 3438 Libr.
1826 3404 1949 3439 mss.
1974 3389 2198 3453 Angliae
2237 3392 2290 3437 et
2325 3389 2447 3438 Hib.
2483 3387 2654 3437 Oxon.
2683 3389 2837 3436 1697.
2875 3404 2930 3452 p.
2959 3389 3048 3436 65.

550 3477 827 3540 Integrum
878 3475 1022 3525 hunc
1075 3476 1312 3525 codicem
1366 3477 1505 3540 typis
1556 3476 1787 3525 describi
1833 3476 1961 3525 fecit
2008 3475 2400 3525 oxoniensibus
2437 3475 2535 3523 Th.
2573 3475 2846 3525 Hearnius
2889 3476 3046 3524 1715.

551 3563 717 3611 Liber
752 3562 1030 3627 insigniter
1064 3577 1233 3623 rarus,
1286 3563 1438 3611 cuius
1474 3567 1682 3611 tanturn
1720 3564 1802 3612 20.
1841 3577 2005 3627 supra
2043 3564 2158 3612 100.
2209 3563 2468 3612 sumtibus
2508 3560 2727 3611 editoris
2764 3578 2794 3611 e
2832 3561 3048 3611 theatro

554 3648 945 3698 Scheldoniano
983 3649 1227 3713 prodiere
1260 3649 1597 3714 exemplaria.
1638 3648 1718 3699 Cf.
1743 3650 1823 3699 Le
1848 3650 2019 3715 Long,
2045 3648 2184 3699 Bibl.
2211 3664 2251 3697 s.
2279 3650 2320 3711 Ι,
2352 3651 2466 3698 183.
2493 3648 2576 3698 ed.
2601 3648 2808 3711 Masch‚
2837 3665 2889 3713 p.
2919 3650 3042 3698 323.

550 3735 773 3785 Nobiles
813 3750 1133 3801 quamquam
1172 3740 1347 3785 aetate
1396 3738 1718 3786 recentiores
1766 3741 1890 3786 sunt
1927 3736 2155 3785 Codices
2191 3737 2255 3785 N.
2291 3736 2354 3785 F.
2393 3737 2572 3800 graeci
2608 3737 2664 3784 in
2703 3735 3048 3785 Caesarea

551 3822 720 3871 Bibl.
757 3822 1274 3872 Vindobonensi
1312 3824 1555 3887 repositi3
1595 3838 1817 3887 quorum
1857 3823 2100 3872 notitiam
2137 3824 2336 3887 primus
2374 3822 2520 3871 dedit
2555 3823 2696 3871 Dan.
2735 3823 2802 3871 de
2829 3822 3044 3883 Nessel‚

554 3909 794 3974 Catalog.
832 3924 955 3958 mss.
994 3926 1069 3974 gr.
1110 3926 1184 3959 or.
1222 3910 1360 3959 Bibl.
1401 3909 1459 3958 C.
1488 3910 1646 3959 Vind.
1675 3912 1825 3960 1690.
1863 3928 1914 3975 p.
1942 3911 2024 3959 42.
2051 3926 2111 3972 s.,
2151 3910 2462 3974 ampliorem
2498 3910 2727 3959 reddidit
2762 3910 2823 3958 P.
2861 3910 3046 3959 Lam-

552 3998 815 4058 becius,
855 3996 1147 4046 Comment.
1187 3997 1235 4045 d.
1262 3996 1323 4045 A.
1349 3996 1411 4045 B.
1440 3996 1497 4045 C.
1524 3997 1680 4046 Vind.
1715 3997 1813 4046 111.
1852 3998 1932 4046 ed.
1972 3997 2062 4046 alt.
2103 3998 2253 4046 1776.
2294 3999 2340 4045 1.
2378 4013 2439 4057 s.,
2478 3996 2726 4061 supplere
2765 3998 3046 4045 conversis

550 4085 607 4132 in
655 4099 811 4133 usum
860 4099 1011 4133 suum
1062 4082 1356 4148 posthumis
1402 4083 1679 4133 Lambecii
1727 4083 1937 4134 schedis
1987 4086 2130 4149 cepit
2164 4084 2226 4133 A.
2261 4082 2351 4132 Fr.
2389 4080 2646 4144 Kollar,
2684 4081 2843 4132 Vind.
2885 4085 3044 4133 1790.

548 4171 591 4231 Ι,
620 4172 700 4220 10.
726 4186 769 4219 S.
809 4170 1197 4219 Celeberrimus
1236 4174 1317 4219 est
1352 4170 1411 4219 C.
1437 4170 1620 4219 Theol.
1661 4187 1735 4237 gr.
1761 4171 2197 4220 membranaceus
2236 4175 2290 4220 et
2327 4172 2558 4236 optimae
2595 4174 2756 4219 notae
2795 4170 2888 4219 fol.
2919 4172 3044 4220 623.

550 4257 619 4306 ab
655 4257 716 4305 A.
754 4256 1130 4306 Busbeckio
1176 4256 1299 4305 olim
1338 4256 1801 4322 Constantinopoli
1838 4261 2192 4322 comparatus,
2229 4257 2300 4305 ab
2339 4258 2488 4305 initio
2529 4262 2708 4306 tamen
2747 4261 2802 4320 et
2837 4258 2894 4305 in
2931 4256 3043 4305 fine

548 4344 781 4393 mutilus.
837 4342 1191 4395 Continentur
1227 4360 1289 4393 eo
1327 4343 1507 4393 Biblia
1542 4343 1595 4393 S.
1633 4345 1696 4393 V.
1739 4349 1792 4394 et
1826 4346 1890 4393 N.
1929 4346 1987 4393 T.
2028 4359 2144 4393 cum
2185 4344 2418 4409 antiquis
2454 4344 2595 4393 notis
2632 4343 3044 4407 marginalibus.

549 4431 714 4480 Juxta
741 4430 989 4479 Codicem
1014 4430 1483 4480 Vindobonensem
1507 4431 1695 4480 Lamb.
1721 4432 1761 4479 Ι.
1789 4432 1940 4480 Ness.
1969 4433 2068 4492 23.,
2099 4446 2242 4497 saec.
2268 4431 2333 4479 X.
2362 4430 2448 4479 vel
2474 4430 2586 4492 XL,
2612 4429 2827 4479 Novum
2850 4429 3042 4479 Testa-

550 4523 782 4566 mentum
820 4517 1011 4566 additis
1057 4517 1181 4567 lect.
1219 4534 1328 4567 var.
1368 4533 1433 4567 ex
1478 4518 1595 4567 aliis
1634 4518 1750 4566 cod.
1789 4534 1863 4582 gr.
1913 4522 1963 4566 et
2012 4518 2179 4567 tribus
2231 4517 2447 4567 Slavon.
2500 4533 2635 4581 quos
2682 4522 2932 4566 recenset
2964 4516 3040 4577 H,

553 4605 703 4652 1202.
742 4605 807 4664 3.,
844 4604 983 4668 typis
1020 4604 1259 4677 vulgavit
1292 4604 1381 4654 Fr.
1421 4604 1480 4654 C.
1516 4603 1724 4667 Alter,
1761 4604 1904 4653 Prof.
1944 4602 2133 4668 Gymn.
2173 4602 2327 4653 Vind.
2368 4606 2416 4653 2.
2453 4608 2490 4656 t.
2529 4618 2576 4653 a.
2619 4604 2771 4653 1787.
