3309 5300
1070 425 1268 472 Nomina.
1299 424 1479 473 divisio,
1507 426 1688 467 effectus
1716 428 1761 467 S.
1792 428 1837 467 S.
2614 417 2699 481 65

231 598 484 664 Megilloth
508 626 576 635 -
599 599 896 649 secundum
933 614 1050 649 eam
1078 602 1284 663 seriem,
1322 616 1431 666 qua
1466 602 1522 650 in
1559 616 1700 651 anno
1739 618 1830 651 eos
1865 600 2029 653 libros
2065 602 2197 669 legit
2232 602 2519 669 Synagoga
2552 606 2699 654 vide-

233 690 356 738 licet:
392 686 696 747 Canticum,
730 688 892 750 Ruth,
928 677 1144 750 Threni,
1182 688 1556 751 Ecclesiastes,
1595 688 1795 739 Esther
1828 717 1896 726 -
1932 690 2144 753 Daniel,
2190 692 2347 753 Ezra,
2395 692 2699 742 Nehemias.

232 777 299 825 Ex
327 778 501 825 mente
535 774 908 825 Hebraeorum
946 774 1000 825 S.
1037 773 1336 840 Scripturas
1372 775 1584 826 Veteris
1619 777 1952 827 Testamenti
1998 778 2186 828 eadem
2231 778 2343 829 fere
2379 781 2543 843 serie,
2591 779 2699 829 col-

229 865 348 913 locat
380 860 436 911 S.
461 862 803 927 Hieronymi:
855 862 1212 928 „Prologus
1251 861 1640 914 Galeatus.“

408 950 568 999 Licet
609 949 767 1015 plura
811 950 1017 1015 possint
1044 947 1120 998 ‘in
1163 964 1360 1015 genere
1407 950 1584 1000 adhuc
1631 950 1697 1000 de
1746 953 2033 1015 partitione
2078 953 2361 1003 Librorum
2400 953 2453 1005 S.
2488 955 2699 1004 Veteris

231 1037 462 1089 Foederis
499 1038 790 1099 observari,
826 1038 930 1087 nisi
953 1038 1229 1088 brevitatis
1257 1037 1490 1088 studium
1514 1037 1662 1087 aliud
1688 1039 1962 1102 suaderet3
2001 1038 2103 1088 hoc
2125 1054 2290 1089 unum
2314 1046 2496 1090 tamen
2521 1041 2699 1090 obser-

231 1141 334 1175 vare
365 1125 474 1176 nisi
508 1126 840 1175 censuimus:
890 1124 996 1187 „de
1049 1125 1224 1175 serie
1279 1124 1764 1191 chronologica
1808 1125 2283 1190 Prophetarum
2329 1126 2695 1177 Minorum.“

232 1212 342 1261 Sunt
387 1211 694 1277 Prophetae
739 1212 998 1275 Minores,
1055 1214 1213 1262 sicuti
1258 1228 1324 1261 ex
1370 1213 1635 1277 prioribus
1671 1228 1725 1277 p.
1764 1214 1847 1261 64.
1894 1211 2078 1278 liquet,
2132 1229 2352 1264 numero
2402 1214 2699 1276 duodecim,

231 1298 474 1349 Hebraeis
516 1299 614 1368 Ἲῒρξ
637 1298 777 1366 ῦξὲῐρς
825 1297 1112 1349 Chaldaeis
1157 1306 1246 1345 Ἴου
1269 1306 1369 1361 ἱππ,
1419 1304 1473 1349 et
1522 1303 1793 1349 contracte
1830 1305 1992 1367 ἿῼΌξὶς
2032 1298 2252 1349 Graecis
2287 1294 2343 1349 τὸ
2388 1296 2701 1369 δωδεκαπρό-

232 1409 358 1463 φητον
395 1394 551 1443 dicti:
593 1396 682 1456 „in
715 1395 891 1457 unius,
928 1399 990 1443 ut
1013 1396 1196 1445 scribit
1225 1410 1266 1444 s.
1292 1395 1649 1458 Hieronymus
1676 1394 1920 1458 Paulino,
1957 1394 2241 1445 voluminis
2280 1398 2529 1461 angustia
2556 1411 2703 1445 coar—

233 1483 387 1531 ctati.“
450 1482 632 1531 Unum
665 1480 860 1531 librum
907 1497 1024 1531 esse
1062 1481 1341 1531 duodecim
1376 1481 1765 1547 Prophetarum
1800 1482 1957 1531 docet
1993 1498 2207 1548 quoque
2242 1484 2279 1533 J
2281 1483 2537 1547 osephus,
2580 1483 2701 1533 adv.

231 1570 402 1633 Apion.
439 1568 481 1631 1,
507 1569 556 1617 8.
593 1568 664 1631 Π,
695 1570 816 1617 441.
873 1566 979 1617 Sed
1013 1573 1074 1617 ut
1108 1568 1247 1617 idem
1285 1584 1326 1618 s.
1362 1569 1567 1619 Doctor
1601 1569 1769 1633 praef.
1806 1571 1865 1617 in
1897 1570 2003 1618 XII
2038 1569 2235 1634 Proph.
2270 1571 2501 1620 monuit:
2544 1585 2703 1631 „non

233 1661 314 1705 est
345 1655 514 1703 idem
552 1655 708 1704 ordo
746 1655 1089 1704 duodecim
1123 1654 1596 1720 Prophetarum
1633 1656 1804 1721 apud
1839 1656 2206 1719 Hebraeos,
2253 1658 2361 1722 qui
2399 1663 2497 1708 est
2534 1657 2702 1723 apud

231 1746 379 1803 nos“,
415 1740 667 1790 videlicet
703 1740 1051 1791 Christianos.
1110 1742 1397 1792 Enimvero
1434 1743 1491 1790 in
1527 1742 1703 1792 Textu
1740 1741 2041 1808 Originario
2086 1743 2191 1793 hoc
2239 1744 2424 1795 ordine
2468 1760 2525 1795 se
2564 1746 2701 1793 exci-

231 1831 394 1893 piunt:
431 1828 586 1891 Osee,
611 1828 753 1891 Joel,
791 1829 969 1889 Amos,
1006 1828 1224 1889 Abdias,
1260 1828 1446 1891 Jonas,
1484 1828 1777 1891 Michaeas,
1804 1830 2031 1891 Nahum,
2069 1830 2346 1894 Habacuc,
2386 1830 2701 1896 Sophonias,

231 1916 476 1980 Aggasus,
527 1914 832 1977 Zacharias,
882 1914 1194 1964 Malachias.
1257 1914 1315 1964 Si
1351 1931 1417 1964 ex
1451 1919 1691 1979 tempore
1728 1930 1763 1964 a
1800 1916 1953 1965 nobis
1990 1918 2047 1965 in
2083 1917 2323 1967 Historia
2356 1918 2420 1966 R.
2445 1918 2514 1967 D.
2550 1918 2614 1967 V.
2640 1918 2703 1967 T.

234 2019 267 2051 s.
297 2004 335 2050 i.
367 2002 402 2051 l.
437 2006 663 2064 statute,
715 2003 971 2067 cuiusque
1021 2001 1170 2051 locus
1219 2002 1582 2066 disponendus
1630 2002 1797 2051 foret:
1850 2003 1887 2052 J
1897 2019 1927 2052 o
1942 2002 2000 2053 el
2046 2005 2315 2069 primus3
2372 2020 2438 2055 se
2453 2005 2703 2055 cundus

234 2090 419 2139 Jonas
455 2104 571 2138 esse
598 2089 885 2152 debuerat3
921 2094 1044 2154 post
1079 2088 1176 2139 hos
1203 2088 1360 2151 Osee,
1391 2089 1571 2151 Amos,
1597 2088 1872 2138 Michaeas
1908 2092 2189 2140 memorari
2214 2093 2473 2155 oportuit3
2512 2091 2703 2141 deinde

234 2176 516 2225 Nahumum
535 2181 588 2225 et
605 2176 836 2225 Abdiam
859 2190 1143 2240 suppares3
1169 2181 1291 2242 post
1315 2191 1448 2242 quos
1474 2176 1739 2226 Habacuc
1764 2181 1817 2225 et
1842 2175 2168 2242 Sophonias3
2196 2179 2430 2227 omnium
2453 2179 2705 2243 postremi

235 2268 432 2313 manent
463 2263 732 2329 Aggaeus,
772 2262 1059 2313 Zacharias
1097 2269 1150 2313 et
1192 2263 1505 2325 Malachiae,
1551 2264 1644 2328 qui
1682 2262 1925 2314 absoluto
1964 2264 2123 2313 exilio
2159 2264 2375 2314 fuerunt
2408 2266 2703 2315 vaticinati.

235 2352 298 2400 Et
328 2352 420 2399 iste
455 2350 671 2415 quidem
709 2350 863 2410 ordo,
913 2352 958 2399 si
1005 2366 1127 2400 cum
1174 2350 1266 2399 illo
1306 2350 1540 2401 Canonis
1590 2350 1921 2413 conferatur,
1966 2353 2035 2401 ab
2076 2368 2139 2401 eo
2186 2353 2245 2401 in
2282 2352 2427 2402 Osca
2475 2356 2529 2401 et
2562 2352 2599 2401 J
2602 2366 2707 2402 ona

238 2437 524 2487 collocando
550 2437 770 2487 recedit.
811 2438 883 2487 At
905 2438 999 2486 ubi
1024 2438 1422 2500 attenderimus,
1459 2442 1592 2487 tres
1628 2439 1855 2487 inveniri
1882 2440 2037 2503 quasi
2071 2438 2458 2503 Prophetarum
2492 2441 2705 2504 perio—

239 2526 360 2575 dos:
393 2526 660 2590 primam
699 2540 818 2574 cum
854 2525 1065 2574 vatibus
1094 2524 1268 2587 Joele,
1304 2525 1464 2587 Jona‚
1493 2524 1652 2587 Osea,
1692 2525 1905 2587 Amoso,
1936 2524 2200 2588 Michaea,
2226 2526 2488 2588 NahumO,
2513 2526 2705 2588 Abdia‚

239 2614 378 2675 Isaia,
414 2614 554 2662 circa
603 2614 1016 2662 invasionem
1064 2611 1505 2676 Assyriorum3
1550 2627 1685 2678 quos
1721 2613 1973 2663 maiorem
2010 2612 2196 2678 populi
2230 2613 2467 2663 hebraici
2502 2618 2708 2679 partem

240 2702 288 2748 in
320 2699 524 2749 exilium
561 2700 779 2749 duxisse
813 2701 1075 2750 novimus.
1125 2699 1160 2749 S
1174 2700 1488 2749 ecundam
1525 2700 1668 2765 quod
1704 2701 1909 2762 attinet,
1947 2716 2067 2750 cum
2096 2701 2370 2765 prophetis
2395 2700 2707 2763 HabacucO,
2774 2707 2781 2714 '

241 2787 506 2852 Sophonia,
554 2789 808 2849 Jeremia,
853 2787 1156 2850 Ezechiele,
1202 2786 1431 2836 Daniele
1481 2789 1622 2836 circa
1666 2789 1735 2836 in
1751 2803 1780 2836 c
1795 2788 1986 2838 ursio
2001 2803 2038 2836 n
2051 2803 2080 2836 e
2095 2803 2120 2836 s
2170 2787 2211 2836 C
2228 2787 2265 2835 h
2278 2787 2391 2836 ald
2404 2802 2437 2836 a
2450 2803 2479 2836 e
2494 2803 2525 2837 o
2540 2802 2679 2836 rum
2694 2824 2707 2849 ,

243 2877 322 2940 qui
341 2875 572 2925 Judaeos
618 2877 677 2924 in
713 2876 1076 2940 captivitatem
1107 2873 1454 2939 deportarunt
1475 2873 1946 2938 Jerosolymasque
1980 2873 2369 2936 destruxerunt,
2404 2875 2708 2939 ponendam

245 2977 346 3011 esse
379 2961 538 3013 dubio
564 2967 726 3012 caret.
777 2961 1030 3012 Ultimam
1055 2967 1248 3024 autem,
1288 2963 1401 3011 sive
1425 2961 1703 3026 periodum
1738 2963 2030 3024 tertiam,
2068 2965 2220 3026 post
2256 2961 2531 3010 exilium
2567 2963 2711 3011 circa

245 3051 608 3100 restitutionem
643 3048 973 3114 reipublicae
1010 3063 1196 3099 sacrae
1235 3053 1290 3098 et
1327 3049 1586 3114 profanae
1624 3064 1745 3098 cum
1779 3048 2016 3114 Aggaeo,
2064 3049 2323 3097 Zacharia
2360 3048 2619 3113 occipere,
2659 3052 2712 3097 et

245 3137 490 3186 Malachia
533 3135 702 3199 finire,
752 3151 838 3185 res
885 3137 1006 3200 ipsa
1051 3141 1324 3186 monstrat.
1387 3137 1550 3197 Queis
1603 3134 1743 3184 ultro
1801 3137 2086 3196 concessis,
2140 3137 2206 3184 in
2260 3135 2321 3184 di
2337 3150 2405 3200 sp
2420 3136 2615 3184 esitio
2631 3151 2709 3184 ne

245 3224 720 3288 Prophetarum
779 3223 1108 3273 Minorum
1169 3224 1480 3273 ordinem
1551 3222 2125 3288 chronologicum
2196 3221 2710 3272 collectoribus

250 3310 528 3360 Canonis
565 3312 985 3376 observatum
1021 3311 1258 3372 fuisse,
1296 3309 1511 3359 facile
1548 3309 1921 3375 largiemur.
1973 3310 2129 3360 Unde
2165 3311 2417 3359 miramur
2452 3309 2712 3375 quosdam

250 3398 370 3448 adeo
405 3398 763 3448 conclamasse
787 3425 855 3433 —
879 3398 1196 3447 novissimus
1223 3395 1282 3446 C.
1305 3397 1394 3446 Fr.
1420 3397 1558 3460 Keil,
1593 3397 1734 3446 Bibl.
1762 3396 1963 3446 Comm.
1992 3402 2045 3446 ii.
2072 3397 2120 3446 d.
2147 3397 2310 3446 zwfflf
2327 3397 2489 3446 klein.
2518 3397 2711 3461 Proph.

249 3485 414 3550 Leipz.
448 3487 596 3536 1866.
628 3502 681 3550 p.
717 3487 765 3535 6.
793 3514 858 3521 -
895 3484 960 3534 de
999 3483 1157 3534 effato
1194 3483 1286 3534 illo
1325 3500 1366 3534 s.
1404 3485 1734 3549 Hieronymi,
1770 3483 1805 3533 l.
1844 3499 1885 3533 s.
1924 3500 1998 3534 c.:
2052 3484 2159 3547 „In
2207 3484 2446 3550 quibus
2483 3488 2645 3533 aute
2660 3499 2713 3531 m

251 3577 476 3638 tempus
510 3589 640 3623 non
675 3572 1065 3638 praefertur
1097 3573 1164 3620 in
1198 3571 1423 3622 titulo:
1461 3572 1577 3621 sub
1611 3571 1754 3620 illis
1792 3587 1901 3621 eos
1934 3573 2217 3637 regibus
2251 3571 2713 3636 prophetasse,

254 3661 357 3709 sub
392 3661 627 3726 quibus
667 3665 730 3709 et
766 3659 854 3722 hi,
911 3661 1020 3725 qui
1073 3664 1226 3709 ante
1272 3675 1381 3708 eos
1430 3659 1691 3709 habent
1726 3659 2007 3722 titulos,
2062 3659 2709 3724 prophetaverunt.“

255 3744 345 3794 Sed
367 3748 517 3797 obvia
541 3747 678 3796 haec
704 3752 852 3810 sunt3
889 3745 1044 3810 plura
1078 3749 1262 3811 petere
1297 3745 1401 3794 hac
1426 3745 1491 3794 de
1518 3762 1574 3794 re
1605 3751 1658 3794 et
1681 3747 1924 3795 invenire
1959 3745 2087 3794 licet
2121 3745 2265 3810 apud
2288 3745 2386 3794 Th.
2411 3745 2473 3793 F.
2499 3744 2713 3809 Jaeger,

255 3832 310 3880 de
343 3833 515 3883 ordine
551 3833 804 3898 Prophet.
839 3834 1025 3882 minor.
1064 3832 1246 3884 chron.
1280 3833 1324 3880 I.
1361 3832 1432 3881 11.
1469 3832 1605 3882 Tub.
1644 3833 1795 3882 1823.
1833 3835 1915 3882 27.
1963 3832 2028 3882 F.
2069 3832 2119 3880 D
2134 3847 2163 3880 e
2178 3830 2449 3893 litzsch,
2498 3832 2554 3879 in
2592 3845 2716 3879 ann.

255 3919 456 3969 Zeitsch.
493 3921 530 3970 f.
568 3919 704 3970 luth.
739 3919 926 3970 Theol.
967 3920 1116 3970 1842.
1153 3920 1196 3982 Ι,
1237 3921 1318 3968 15.
1359 3919 1510 3969 1851.
1546 3920 1590 3982 I,
1629 3921 1714 3969 91.

250 4173 299 4250 ξ.
341 4175 440 4238 22.
500 4170 858 4236 Codicis
920 4169 987 4234 S.
1033 4170 1249 4234 Novi
1311 4170 1855 4234 Testamenti
1917 4169 2167 4233 varia
2228 4167 2714 4255 dispositiO.

435 4363 575 4413 Novi
610 4363 938 4414 Testamenti
973 4362 1166 4412 Libros
1202 4364 1390 4428 viginti
1427 4378 1491 4412 ac
1527 4367 1749 4428 septem,
1785 4377 1895 4411 una
1941 4359 2073 4411 cum'
2096 4361 2441 4427 scriptoribus
2478 4363 2602 4424 suiS,
2640 4363 2719 4410 sic

253 4455 510 4500 enumerat
546 4449 846 4500 Concilium
881 4449 1078 4498 Tride
1089 4450 1364 4530 utinum:
1407 4450 1681 4511 „Quatuor
1703 4478 1771 4484 —-
1796 4463 1935 4514 quae
1971 4453 2031 4498 ut
2065 4449 2248 4498 scribit
2284 4448 2334 4496 d.
2372 4447 2719 4513 Augustinu8‚

251 4537 300 4584 in
321 4537 530 4602 speculo
555 4554 610 4602 p.
640 4539 774 4600 754„
815 4541 976 4600 caput
998 4538 1056 4585 in
1081 4535 1301 4586 Canone
1325 4537 1391 4586 N.
1415 4535 1478 4584 F.
1503 4540 1807 4586 tenuerunt.
1826 4564 1895 4571 —
1918 4534 2235 4601 Evangelia,
2264 4529 2553 4584 secundum
2584 4534 2719 4584 Mat·
2766 4543 2773 4550 '

252 4622 466 4687 thaeum,
501 4621 770 4686 Marcum,
796 4624 1016 4686 Lucam,
1041 4624 1336 4687 Joannem3
1374 4623 1539 4673 Actus
1563 4622 1955 4687 Apostolorum,
1992 4623 2059 4670 D.
2090 4620 2248 4670 Pauli
2286 4621 2541 4686 epistolae
2567 4621 2719 4670 XIV:

347 4715 539 4764 Danko.
569 4717 688 4757 Hist.
718 4716 1012 4757 Revelationis
1039 4716 1227 4756 divinae.
1255 4715 1335 4756 111.
2308 4711 2338 4756 5
