3309 5300
77 1636 84 1921 Ψ

1036 438 1097 477 De
1125 438 1559 488 interpretationibus
1587 440 1779 489 Syriacis
1807 440 1859 481 V.
1891 442 1940 481 Τ.
2609 432 2733 496 179

266 609 596 692 Utriusque
645 608 1052 674 Testamenti
1097 612 1329 677 Versio
1378 635 1599 676 rursus
1649 612 1896 700 duplex
1945 625 2074 699 est3
2130 616 2258 680 alia
2302 619 2734 703 antiquior,

265 721 375 785 alia
414 743 567 784 vero
617 725 1045 787 recentior.
1109 724 1471 806 Vetustate,
1522 728 1926 809 auctoritate,
1972 728 2232 813 linguae
2264 728 2482 794 indole
2533 729 2735 794 cele-

263 834 589 898 berrima
646 844 764 898 est
815 836 1383 923 interpretatio
1442 836 1505 923 S.
1564 837 2089 925 Scripturarum¹
2132 841 2554 924 ,Peschito‘
2599 845 2637 906 i.
2675 866 2731 906 e.

263 949 401 1028 ,sim
411 946 490 1032 pl
510 950 626 1010 ex‘
673 958 909 1013 vocata
928 951 982 1032 23
1034 950 1187 1033 quia
1216 952 1860 1035 interpretationibus
1893 952 2256 1037 allegoricis
2289 977 2367 1018 ac
2396 956 2686 1040 mysticis
2711 955 2735 998 3

263 1060 561 1145 opposita.
594 1060 824 1125 Bibliis
852 1060 1067 1125 Sacris
1102 1062 1561 1126 convertendis
1584 1065 1651 1127 in
1675 1064 2100 1129 vernaculum
2132 1089 2522 1149 sermonem,
2554 1070 2735 1131 initia

261 1174 427 1257 quasi
456 1175 632 1237 iacta
678 1185 828 1238 sunt
856 1174 1268 1239 Literaturae
1302 1174 1708 1241 Christianae
1755 1177 1930 1263 apud
1962 1177 2163 1263 Syros
2183 1182 2227 1261 4,
2277 1202 2446 1265 quae
2493 1179 2732 1244 deinde

258 1307 293 1347 a
316 1286 503 1349 variis
535 1288 852 1371 varioque
884 1308 1128 1371 genere
1175 1309 1414 1372 magno
1464 1288 1678 1353 studio
1711 1298 1992 1353 tractata
2022 1291 2112 1353 ita
2155 1291 2610 1376 profecerunt,
2660 1302 2733 1356 ut

256 1396 501 1462 saeculo
550 1408 783 1483 quarto
833 1409 899 1463 et
945 1401 1168 1483 quinto
1218 1423 1368 1464 eum
1411 1393 1838 1486 profectionis
1884 1401 2162 1487 gradum
2208 1406 2558 1488 attigerint,
2621 1406 2732 1489 qui

254 1521 469 1597 postea
520 1520 773 1575 tantum
830 1512 1017 1577 abest
1068 1522 1140 1576 ut
1201 1523 1544 1601 superatus
1604 1513 1829 1597 fuerit,
1891 1524 1963 1578 ut
2013 1538 2096 1579 ne
2159 1515 2406 1580 servari
2467 1515 2732 1601 quidem

257 1624 539 1710 potuerit.
582 1623 875 1709 Opressa
906 1624 1228 1710 siquidem
1250 1648 1371 1710 per
1398 1624 1764 1691 Saracenos
1791 1626 2105 1712 Syrorum
2128 1627 2449 1711 libertate,
2475 1628 2728 1713 Religio

259 1746 315 1800 et
350 1736 614 1800 Literae
676 1738 1062 1800 sacratiores
1122 1738 1189 1800 in
1250 1736 1485 1801 abditis
1534 1737 2046 1803 Coenobitarum
2106 1740 2470 1804 recessibus
2525 1740 2730 1804 latere

258 1848 609 1912 debuerunt
629 1852 671 1912 5.
750 1848 1089 1915 Saeculo
1156 1849 1406 1915 altero
1471 1872 1510 1913 a
1561 1850 1979 1916 Natalibus
2040 1852 2359 1916 Domini
2418 1852 2601 1915 Libri
2663 1852 2728 1917 S.

258 1963 371 2024 iam
399 1960 791 2025 Antiochiae
823 1964 1232 2047 potissimum
1269 1961 1422 2025 lecti
1455 1971 1519 2026 et
1548 1965 1953 2049 transscripti
2000 1974 2168 2046 sunt,
2214 1962 2366 2028 inde
2414 1975 2633 2028 autem
2664 1966 2732 2027 in

264 2074 497 2159 Syriam
532 2071 936 2139 Orientalem
973 2097 1101 2138 una
1132 2097 1279 2137 cum
1311 2073 1674 2159 Evangelio
1709 2074 1884 2139 allati
1914 2075 2198 2139 fuerunt.
2244 2068 2335 2140 At
2367 2100 2524 2141 vero
2560 2100 2729 2163 quae

264 2186 616 2271 saepissime
651 2208 794 2266 esse
826 2186 994 2252 solet
1021 2196 1319 2250 veterum
1352 2188 1673 2271 originum
1707 2188 2098 2270 obscuritas3
2149 2187 2378 2253 eadem
2424 2199 2522 2252 est
2569 2192 2730 2252 anti-

266 2300 586 2385 quissimae
632 2300 948 2363 versionis
996 2297 1306 2384 Syriacae
1328 2303 1370 2362 6.
1435 2299 1745 2364 Ceterum
1789 2300 1916 2365 hoc
1948 2302 2102 2364 satis
2135 2300 2546 2386 exploratum
2594 2312 2726 2366 est:

447 2528 485 2592 ¹)
523 2528 644 2589 Qua
688 2527 852 2593 vulgo
902 2526 1035 2591 Syri,
1085 2528 1397 2591 Maronitae,
1446 2529 1642 2577 Libani
1691 2528 1924 2591 accolae,
1978 2544 2090 2579 una
2137 2545 2258 2579 cum
2306 2528 2622 2579 Christianis
2663 2529 2718 2579 S.

261 2616 473 2666 'rhomae
508 2616 565 2665 in
601 2614 759 2664 India
784 2620 1017 2664 extrema
1040 2619 1273 2665 utuntur.
1337 2614 1377 2682 ²)
1414 2617 1589 2679 smmis,
1630 2615 1750 2666 coll.
1790 2615 1975 2666 Chald.
2003 2616 2114 2666 rad.
2146 2618 2280 2681 mm,
2319 2617 2464 2682 apud
2499 2618 2724 2668 Buxtor-

261 2703 383 2764 fium,
420 2720 459 2754 s.
488 2703 539 2752 h.
565 2719 617 2753 v.
691 2703 733 2766 3)
773 2702 919 2763 Quas
954 2705 1085 2771 &3379
1104 2703 1316 2752 ‚Judaei
1354 2703 1614 2753 dixerunt.
1687 2704 1730 2770 4)
1769 2702 1850 2753 Cf.
1887 2705 2180 2767 Assemani,
2219 2704 2358 2754 Bibl.
2397 2705 2488 2754 Or.
2525 2705 2567 2768 1,
2603 2708 2720 2755 203.

261 2815 297 2848 s.
328 2800 435 2847 351.
470 2814 510 2847 s.
547 2799 641 2860 IV,
694 2800 773 2848 70.
811 2815 853 2848 s.
890 2801 1011 2848 428.
1049 2815 1089 2848 S.
1129 2800 1247 2848 924.
1286 2815 1325 2848 s.
1401 2799 1440 2864 5)
1478 2799 1641 2849 Plura
1689 2799 1790 2848 hac
1837 2800 1904 2848 de
1952 2817 2010 2849 re
2059 2801 2289 2850 dabunt!
2345 2800 2397 2849 J.
2437 2799 2497 2850 C.
2537 2800 2722 2850 Wich-

258 2876 607 2948 manshausen,
647 2885 711 2934 de
752 2892 915 2949 myra-¹
944 2893 1053 2931 1:7⁸.
1102 2885 1370 2950 Viteberg.
1412 2886 1563 2935 1711.
1623 2885 1722 2935 Τ11.
1761 2886 1813 2936 S.
1843 2887 2035 2951 Bayer,
2072 2887 2314 2937 Historia
2351 2887 2633 2936 Osrhoena
2670 2892 2724 2936 et

260 2972 512 3021 Edessena
566 2988 632 3022 ex
684 2974 911 3022 nummis
964 2971 1245 3022 illustrata.
1300 2973 1513 3036 Petrop.
1569 2975 1720 3022 1734.
1769 2990 1820 3037 p.
1863 2975 1978 3022 104.
2017 2988 2057 3022 S.
2113 2975 2228 3023 173.
2279 2975 2397 3023 358.
2460 2973 2718 3036 Schriick,

262 3059 551 3109 christliche
599 3058 1016 3125 Kirchengesch.
1054 3059 1121 3120 Π,
1162 3061 1245 3106 34.
1283 3075 1323 3108 s.
1385 3059 1449 3108 N.
1486 3060 1780 3122 Wiseman,
1827 3060 2008 3109 Horae
2058 3061 2326 3124 Syriacae.
2375 3060 2528 3110 Rom.
2570 3061 2722 3110 1828.

260 3164 303 3212 p.
328 3148 431 3196 100.
458 3161 498 3196 s.
536 3145 595 3195 C.
623 3161 669 3196 a.
696 3146 995 3211 Lengerke,
1034 3145 1100 3194 de
1126 3146 1416 3210 Ephraemi
1442 3145 1563 3210 Syri
1592 3151 1707 3195 arte
1744 3146 2156 3196 hermeneutica.
2182 3147 2421 3212 Regiom.
2455 3147 2542 3196 Pr.
2571 3149 2724 3196 1831.

256 3249 303 3298 p.
327 3234 401 3282 81.
426 3251 465 3284 s.
515 3234 567 3282 J.
594 3233 957 3296 Wichelhaus,
997 3233 1063 3282 de
1088 3234 1151 3283 N.
1179 3233 1240 3282 T.
1265 3233 1510 3282 versione
1538 3235 1747 3296 syriaca
1771 3235 1991 3299 antiqua
2016 3249 2173 3300 quam
2186 3233 2483 3284 „Peschitho
2510 3239 2722 3283 vocant.

256 3320 365 3369 Hal.
392 3321 537 3370 1850.
562 3337 615 3385 p.
642 3322 726 3369 51.
753 3335 795 3368 s.
823 3321 938 3369 122.
966 3336 1005 3369 s.
1045 3321 1330 3369 verissime
1366 3319 1720 3382 Miniscalchi,
1756 3320 1791 3370 l.
1821 3335 1861 3370 s.
1889 3336 1934 3369 c.
1961 3338 2012 3386 p.
2039 3322 2104 3370 X.
2131 3337 2171 3370 s.
2214 3321 2466 3382 „Incertis
2506 3321 2724 3385 quippe,

255 3413 309 3455 ut
349 3408 523 3456 scribit
572 3407 637 3456 de
684 3423 743 3456 re
790 3407 1062 3456 literarum
1110 3421 1272 3455 aram.
1330 3407 1555 3456 Assem
1569 3421 1756 3468 anus,
1805 3408 1862 3455 in
1907 3407 2025 3456 ded.
2063 3408 2202 3458 Bibl.
2243 3407 2534 3457 Orientalis
2571 3406 2614 3456 Ι.
2654 3407 2723 3455 ad

258 3491 565 3542 Clementem
601 3494 712 3556 XL,
752 3494 991 3544 fontibus
1040 3498 1183 3554 nata,
1233 3508 1329 3559 per
1376 3492 1519 3542 mille
1566 3498 1728 3558 atque
1767 3499 2046 3543 sexcentos
2083 3509 2252 3542 annos
2290 3509 2486 3559 magna
2521 3493 2721 3542 littera-

254 3586 410 3628 torum
446 3581 724 3630 affluentia
760 3581 1003 3630 excurrit.
1051 3581 1333 3629 Persarum
1369 3585 1571 3645 postea,
1612 3583 1666 3629 et
1692 3579 2016 3630 Graecorum
2055 3581 2414 3630 dominatione
2452 3582 2722 3646 angustio-

253 3669 383 3716 ribus
429 3669 663 3716 coercita
708 3669 837 3732 ripis
883 3668 984 3717 iter
1033 3668 1223 3732 coegit,
1273 3666 1443 3716 donec
1487 3668 1741 3716 Romanis
1779 3667 2097 3732 Parthisque
2146 3667 2442 3717 alternante
2491 3667 2722 3729 fortuna,

253 3755 633 3819 imperantibuS‚
673 3760 868 3804 terram
902 3769 1161 3819 praeceps
1199 3754 1376 3802 subiit.
1419 3753 1547 3802 Mox
1585 3753 2038 3804 Christianae
2073 3754 2452 3819 Religionis
2490 3755 2722 3803 favore

255 3843 561 3891 emersit.“
640 3840 781 3891 Sane
836 3843 988 3891 brevi
1039 3845 1279 3905 tempore
1332 3845 1455 3905 post
1502 3845 1778 3905 acceptam
1826 3840 1984 3890 fidem
2032 3841 2414 3903 Christianam,
2471 3840 2722 3904 Syrorum

253 3944 435 3978 sacra
484 3931 721 3994 poesis
777 3933 894 3978 orta
948 3932 1053 3991 est3
1114 3929 1373 3976 varietate
1430 3933 1483 3976 et
1537 3927 1806 3992 elegantia
1859 3945 1968 3978 non
2019 3931 2194 3979 minus
2245 3943 2406 3993 quam
2459 3929 2721 3992 gravitate

252 4017 471 4080 insignis,
528 4031 666 4080 quae
715 4031 874 4080 quam
922 4017 1147 4064 maxime
1195 4013 1527 4064 Psalmorum
1576 4015 1638 4064 V.
1690 4015 1752 4063 F.
1803 4017 1945 4080 sapit
1989 4017 2276 4080 ingenium,
2329 4021 2383 4065 et
2427 4016 2497 4064 ad
2542 4030 2723 4063 eorum

252 4102 502 4167 exemplar
538 4108 619 4152 est
656 4103 965 4168 composita.
1027 4101 1240 4165 Ubique
1276 4102 1507 4165 Moyses,
1553 4086 1876 4166 Prophetae,
1918 4102 2222 4167 Evangelia
2259 4106 2312 4151 et
2345 4100 2722 4166 Apostolorum

251 4189 510 4253 Epistulae
548 4189 737 4254 lingua
771 4185 1029 4237 nationali
1067 4186 1505 4237 describebantur
1542 4192 1594 4236 et
1630 4188 2103 4236 transferebantur.
2153 4188 2299 4236 Editi
2335 4191 2459 4237 sunt
2493 4187 2549 4234 in
2587 4184 2640 4235 S.
2669 4186 2720 4235 S.

254 4273 629 4336 commentarii,
669 4274 899 4337 Scholia,
938 4273 1233 4337 Homiliae3
1272 4273 1571 4338 singulares
1609 4275 1735 4323 item
1771 4275 2126 4323 Historiarum
2161 4275 2223 4323 V.
2264 4279 2317 4322 et
2351 4274 2417 4323 N.
2443 4274 2504 4322 Τ.
2543 4278 2721 4338 partes

253 4361 444 4426 hymnis
472 4367 525 4412 et
548 4364 770 4412 canticis
794 4362 1215 4412 illustrabantur.
1266 4360 1307 4427 ⁶)
1333 4362 1416 4410 De
1438 4365 1676 4426 tempore
1696 4377 1802 4426 quo
1827 4361 2004 4410 Biblia
2023 4360 2074 4410 S.
2097 4378 2161 4410 ex
2180 4360 2430 4409 Hebraeo
2451 4362 2506 4408 in
2527 4375 2720 4408 sermo—

253 4464 362 4496 nem
396 4463 570 4524 syrum
607 4448 879 4498 transfusa
915 4453 1039 4496 sunt
1074 4447 1585 4497 Bar-Hebraeus
1624 4476 1690 4483 —
1727 4447 1958 4496 Praefat.
2008 4447 2077 4496 ad
2111 4446 2333 4496 Librum
2385 4445 2721 4507 „Thesaurus

252 4533 612 4597 Arcanorum“‚
647 4536 738 4601 qui
764 4535 1197 4584 commentarium
1223 4533 1438 4583 exhibet
1460 4535 1517 4582 in
1542 4539 1708 4583 totam
1734 4533 2061 4598 Scripturam
2091 4531 2142 4580 S.
2171 4532 2315 4596 apud
2339 4531 2720 4592 Wisemanum‚

252 4620 355 4672 hor.
379 4638 478 4688 syr.
502 4623 572 4673 11.
610 4622 885 4688 symbolae
923 4621 1049 4686 phil.
1089 4622 1158 4672 ad
1193 4623 1331 4672 Hist.
1358 4623 1507 4671 Vers.
1533 4638 1637 4686 syr.
1667 4624 1715 4683 ξ.
1733 4624 1791 4670 ,2.
1817 4638 1868 4686 p.
1895 4622 1978 4670 90.
2004 4648 2070 4656 --
2097 4619 2236 4668 hanc
2271 4619 2434 4667 refert
2470 4618 2723 4683 Syrorum
2765 4687 2772 4696 .

2313 4704 2410 4756 12*
