3309 5300
1210 418 1273 463 De
1301 418 1584 463 Versionibus
1610 419 1797 470 Latinis.
2619 406 2748 471 205

282 597 459 677 Quod
504 594 834 659 saeculo
882 595 1269 677 secundo,
1317 596 1620 681 auspiciis
1654 634 1738 643 --
1769 605 1840 660 ut
1872 596 2133 659 omnino
2169 592 2478 658 credibile
2513 602 2628 657 est.
2664 631 2749 639 —

279 711 366 775 Pii
393 709 615 793 Papae
649 708 702 771 I.
730 712 749 751 ¹
794 716 1062 771 auctore
1108 709 1356 772 incerto
1406 706 1614 789 ,Itala‘
1663 709 1744 771 sit
1788 716 1968 789 nata3
2016 706 2274 792 plurimi
2321 714 2583 770 sumunt
2626 706 2749 769 viri

281 821 492 887 eruditi
511 822 553 882 ².
622 820 819 885 Certo
868 819 1044 884 haud
1086 820 1287 885 multo
1322 829 1471 905 post
1517 819 1766 885 obitum
1796 820 1896 883 Pii
1927 820 1978 882 I.
2030 820 2352 883 exstitisse
2381 818 2749 909 Evangelia

280 945 337 1001 et
382 931 710 1018 Epistolas
766 932 829 997 S.
881 932 1070 997 Pauli
1133 955 1218 997 ex
1277 932 1401 996 hac
1464 931 1886 997 translatione
1947 927 2398 996 manifestum:
2466 955 2519 995 α.
2577 930 2651 994 fit
2701 954 2746 995 ⁴e

277 1047 494 1110 Latino
529 1044 804 1110 Oanone
835 1044 1219 1127 Marcionis,
1263 1046 1373 1131 qui
1402 1044 1558 1109 nihil
1590 1045 1768 1108 aliud
1800 1054 1955 1128 erat,
1991 1066 2188 1129 quam
2222 1043 2534 1110 haeretici
2565 1044 2747 1107 istius

277 1180 497 1244 graeco
546 1135 881 1244 adaptata,
932 1160 1205 1235 ,mutatis
1249 1157 1596 1239 mutandiS,
1654 1157 1824 1221 Itala
1865 1157 2078 1221 versio
2104 1159 2146 1220 3.
2222 1156 2409 1219 Idem
2457 1156 2750 1241 sequitur

278 1273 323 1347 β.
372 1292 405 1333 e
448 1268 667 1333 latino·
702 1268 768 1333 S.
816 1270 1073 1334 Irenaei
1118 1271 1473 1356 interprete
1520 1271 1988 1355 antiquissimO.
2063 1268 2350 1332 Plurima
2396 1290 2551 1332 sane
2599 1276 2749 1332 sunt

274 1383 424 1464 loca,
470 1383 537 1445 in
572 1382 809 1467 quibus
864 1382 929 1446 S.
962 1381 1219 1446 Irenaei
1247 1384 1569 1468 interpres
1601 1381 1896 1464 LatinuS,
1943 1391 2008 1446 et
2037 1382 2454 1446 vetustissimi
2486 1380 2748 1445 codices

275 1518 410 1560 mss
465 1492 650 1557 latini
706 1496 941 1559 sinceri
999 1495 1414 1559 conveniunt.
1492 1493 1802 1558 Ceterum
1861 1516 2027 1580 quae
2087 1496 2154 1556 in
2216 1493 2487 1557 latinum
2541 1491 2747 1556 fluxe-

274 1616 409 1670 runt
452 1628 825 1670 sermonem
861 1606 926 1671 S.
961 1606 1027 1671 S.
1060 1608 1648 1692 interpretationes,
1699 1628 1924 1669 omnes
1972 1628 2056 1669 ex
2098 1604 2358 1669 Graeca
2401 1614 2508 1667 τῶν
2541 1610 2569 1667 6
2601 1613 2749 1669 sunt

277 1718 623 1783 confectae.
700 1718 919 1782 Etiam
979 1717 1147 1781 Itala
1206 1718 1287 1782 V.
1322 1717 1397 1781 T.
1446 1718 1679 1782 Versio
1727 1718 1902 1782 facta
1948 1727 2045 1782 est
2092 1740 2178 1782 ex
2225 1716 2484 1782 Graeco
2530 1716 2744 1781 LXX.

275 1832 521 1895 Etenim
555 1854 605 1895 S.
640 1829 906 1896 Praesul
936 1830 1381 1916 Hipponensis
1422 1831 1594 1894 clare
1626 1833 1970 1894 testatur4:
2018 1853 2128 1913 ,ex
2155 1830 2278 1893 hac
2312 1828 2748 1916 Septuaginta

272 1945 815 2028 interpretatione,
864 1945 1057 2007 etiam
1103 1945 1171 2006 in
1213 1943 1481 2007 latinam
1526 1943 1816 2028 linguam
1859 1945 2356 2028 interpretatum
2404 1951 2519 2025 est,
2571 1942 2747 2028 quod

272 2056 598 2120 Ecclesiae
646 2056 921 2120 Latinae
981 2058 1229 2121 tenent‘
1250 2060 1292 2120 5.
1367 2056 1427 2119 E
1476 2055 1735 2121 Graeco
1795 2063 1902 2117 τῶν
1950 2055 2163 2119 LXX.
2212 2064 2400 2120 textu
2443 2078 2744 2120 manasse

274 2168 554 2251 ,Italam‘,
632 2169 850 2255 prodit
916 2167 1234 2234 indoles
1304 2169 1820 2253 fragmentorum
1880 2168 2163 2251 illorum,
2243 2190 2411 2254 quae
2477 2168 2562 2233 ad
2625 2192 2744 2233 nos

272 2303 463 2366 usque
509 2291 974 2367 pervenerunt.
1053 2281 1239 2361 Quae
1288 2306 1437 2346 cum
1480 2285 1572 2347 ita
1618 2306 1688 2347 se
1734 2282 2051 2347 habeant:
2097 2281 2265 2345 Itala
2309 2282 2743 2365 Usitataess,

272 2393 366 2456 vel
410 2394 608 2456 etiam
654 2393 1090 2478 ,Vulgatae‘
1138 2403 1203 2457 et
1236 2394 1616 2459 Communis
1642 2398 1665 2437 ⁷
1710 2418 1947 2459 nomen
1986 2396 2271 2481 accepit3
2321 2396 2474 2480 quia
2519 2394 2604 2458 ad
2648 2396 2747 2472 τὴν

272 2507 441 2582 κοινὴν
489 2508 705 2567 ἔκδοσιν
748 2513 855 2567 τῶν
901 2510 929 2567 ὁ
976 2506 1296 2571 adornata
1343 2517 1499 2572 erat.
1568 2507 1978 2572 Pedetentim
2025 2507 2136 2571 ubi
2182 2531 2356 2572 nova
2408 2507 2744 2571 translatio

271 2610 605 2704 prodiisset
636 2642 686 2683 s.
718 2618 1125 2705 Hieronymi,
1165 2621 1232 2683 in
1278 2622 1686 2706 oppositione
1735 2610 1821 2684 ad
1868 2642 2012 2684 eam
2045 2621 2340 2704 ,Vetus‘
2363 2624 2386 2664 8
2425 2621 2748 2686 nominari

274 2730 532 2796 solebat.
622 2732 793 2796 Novi
854 2732 1257 2797 Testamenti
1317 2735 1533 2819 prisca
1592 2736 2039 2820 interpretatio
2103 2734 2386 2798 Textum
2457 2735 2748 2819 sequitur

272 2843 615 2908 admodum
659 2854 989 2910 vetustum
1034 2846 1325 2911 nondum
1370 2849 1786 2930 recensitum,
1835 2848 1946 2931 qui
1978 2869 2216 2933 expers
2251 2847 2371 2910 fuit
2402 2846 2748 2911 multarum

272 3132 320 3176 et
350 3127 671 3190 Blanchinii,
708 3128 909 3194 proleg.
943 3147 993 3194 p.
1020 3131 1103 3179 66.
1129 3147 1221 3178 —-:
1260 3144 1435 3194 neque
1475 3128 1704 3178 evictum
1741 3132 1836 3190 est,
1875 3143 2049 3194 neque
2086 3133 2147 3178 ut
2183 3129 2475 3194 opinamur,
2512 3143 2747 3194 unquam

271 3215 551 3264 evincetur.

473 3301 511 3366 ¹)
541 3303 605 3352 V.
633 3302 833 3352 Comm.
859 3320 908 3368 p.
935 3305 1017 3352 53.
1074 3301 1113 3368 2)
1139 3303 1275 3352 Erat
1300 3302 1513 3368 quidem
1538 3303 1667 3351 Pius
1692 3301 1861 3352 Italus
1887 3308 2061 3367 gente,
2100 3307 2153 3351 et
2176 3303 2489 3352 Latinorum
2521 3303 2746 3367 primus3

272 3389 355 3452 qui
404 3388 714 3438 cathedram
764 3387 813 3437 d.
850 3389 992 3438 Petri
1032 3417 1096 3425 -—
1132 3390 1237 3454 ipsi
1286 3390 1425 3438 enim
1478 3387 1766 3438 Pontifices
1816 3391 2017 3453 priores
2066 3389 2344 3454 hucusque
2393 3390 2504 3438 fere
2555 3389 2747 3438 Graeci

269 3475 477 3524 fuerunt
504 3503 569 3512 —
596 3476 924 3537 conscendit,
974 3481 1135 3540 atque
1183 3477 1381 3525 diutius
1427 3474 1589 3540 paulo
1615 3505 1683 3512 ——
1708 3491 1805 3540 per
1841 3490 2010 3526 annos
2050 3475 2352 3541 quindecim
2378 3505 2444 3512 —
2469 3476 2746 3525 Ecclesiae

271 3577 349 3610 res
384 3562 797 3612 administrarat.
873 3561 913 3627 3)
952 3563 1045 3612 Uti
1090 3579 1307 3612 cernere
1357 3567 1437 3612 est
1486 3579 1550 3611 ex
1592 3563 1901 3628 fragmentis
1952 3563 2097 3628 apud
2133 3563 2521 3612 Tertullianum
2557 3564 2746 3612 obviis.

270 3649 308 3712 ⁴)
344 3649 426 3698 De
466 3647 583 3699 Civ.
620 3651 739 3699 Dei.
778 3649 975 3712 XVIII,
1013 3651 1097 3700 45.
1134 3667 1186 3714 p.
1225 3651 1344 3699 288.
1406 3650 1457 3715 ,5)
1497 3650 1617 3699 Hoc
1665 3651 2037 3713 testimonium,
2089 3651 2132 3699 si
2183 3665 2304 3699 cum
2351 3649 2456 3698 alio
2508 3649 2746 3699 eiusdem

270 3734 560 3798 Praesulis,
613 3734 679 3785 de
726 3735 889 3785 doctr.
941 3735 1049 3785 chr.
1099 3737 1177 3798 ΙΙ,
1219 3737 1299 3785 15.
1348 3753 1401 3801 p.
1450 3736 1565 3784 47.:
1623 3737 1726 3797 „Et
1772 3737 1980 3787 Latinis
2030 3737 2355 3802 quibuslibet
2404 3737 2747 3790 emendandis

272 3820 459 3871 Graeci
496 3822 869 3885 adhibeantur,
920 3824 975 3871 in
1013 3824 1207 3888 quibus
1246 3823 1597 3888 Septuaginta
1644 3825 2007 3888 interpretum,
2061 3824 2204 3888 quod
2251 3824 2320 3872 ad
2355 3817 2524 3873 Vetus
2562 3824 2746 3872 Testa-

272 3913 499 3957 mentum
542 3910 756 3970 attinet,
796 3909 1006 3958 excellit
1040 3910 1393 3972 auctoritas“;
1446 3909 1775 3974 copulatum,
1824 3912 2098 3960 verissime
2153 3909 2392 3959 conficit:
2443 3909 2678 3958 Italam
2717 3925 2745 3958 e

272 3995 448 4044 fonte
508 3993 983 4045 translationis
1046 3993 1737 4061 Septuagintaviralis
1789 3997 2089 4046 fluxisse.
2165 3996 2204 4061 ⁶)
2261 3996 2520 4058 „Codices
2578 3996 2746 4046 eccle-

272 4081 465 4131 siastici
514 4082 966 4147 interpretationis
1014 4082 1293 4131 usitatae.“
1358 4081 1410 4132 S.
1447 4082 1794 4147 Augustinus,
1843 4085 1909 4133 de
1957 4099 2100 4134 cons.
2148 4084 2354 4148 Evang.
2400 4083 2470 4132 H.
2509 4086 2591 4146 66,
2633 4085 2746 4132 128.

271 4183 319 4231 p.
355 4169 439 4217 84.
514 4167 553 4234 ⁷)
593 4169 751 4233 Apud
789 4168 838 4217 d.
877 4168 1276 4232 Hieronymum,
1314 4169 1370 4218 in
1405 4169 1529 4218 Isai.
1561 4171 1641 4230 14,
1678 4171 1760 4218 29.
1797 4187 1848 4234 p.
1879 4171 1998 4218 182.
2023 4171 2107 4231 49,
2135 4171 2182 4218 5.
2220 4187 2271 4234 p,
2299 4172 2416 4220 563.
2492 4169 2532 4234 8)
2570 4169 2747 4218 Praef.

271 4255 323 4302 in
355 4255 469 4304 Jos.
510 4256 578 4305 ab
615 4255 733 4320 ipso
772 4254 823 4304 S.
849 4256 1205 4320 Hieronym03
1244 4257 1369 4320 item
1408 4270 1441 4304 a
1478 4255 1526 4304 d.
1564 4254 1821 4320 Gregorio
1846 4256 1918 4304 M.
1945 4272 2029 4322 ep.
2059 4256 2126 4306 ad
2152 4257 2454 4306 Leandrum
2492 4256 2524 4304 l.
2559 4255 2747 4305 Moral.

272 4356 463 4404 praem.
515 4357 560 4390 c.
598 4343 647 4391 5.
682 4342 735 4404 Ι,
774 4344 821 4391 6.
886 4341 1123 4403 „Novam
1178 4357 1305 4391 vero
1360 4341 1765 4391 translationem
1814 4343 2046 4407 disser03
2103 4344 2197 4394 sed
2247 4359 2366 4392 cum
2420 4343 2748 4407 probationis

274 4442 433 4478 causa
470 4429 648 4494 exigit,
699 4444 844 4478 nunc
880 4443 1076 4478 novam
1114 4444 1255 4478 nunc
1292 4429 1539 4478 Veterem
1574 4444 1672 4493 per
1707 4431 2011 4480 testimonia
2047 4445 2286 4492 assumo,
2335 4435 2396 4478 ut
2432 4431 2559 4494 quia
2594 4429 2749 4478 sedes

275 4515 582 4579 apostolica,
634 4517 723 4564 cui
758 4511 877 4564 Deo
916 4520 1131 4565 auctore
1168 4515 1467 4580 praesidem,
1511 4520 1738 4580 utraque
1783 4517 1965 4577 utitur,
2011 4517 2114 4566 mei
2151 4531 2364 4581 quoque
2401 4516 2555 4565 labor
2589 4516 2752 4566 studii

275 4615 336 4649 ex
371 4606 597 4668 utraque
634 4600 931 4653 fulciatur.“
