3309 5300
556 393 640 457 96
1280 405 1515 446 comment.
1548 403 1601 445 de
1628 406 1674 446 S.
1695 404 1852 456 Scripta.
1885 415 1980 454 cap.
2011 415 2097 448 sec.
2127 404 2256 444 tract.
2279 403 2314 443 1.

557 579 945 632 vetustissimum
1000 579 1350 645 apographum·
1402 597 1453 630 n.
1504 581 1625 630 634.
1683 579 1938 630 continens
1993 579 2111 630 Lev.
2161 582 2248 640 21,
2302 581 2378 630 19.
2420 607 2480 616 -
2530 577 2682 632 Num.
2735 581 2790 641 1,
2837 580 2920 627 50.
2981 574 3058 625 ad

554 667 808 717 saeculum
830 683 985 732 usque
1010 673 1287 717 octavum
1310 666 1485 731 refert.
1540 667 1700 717 Pauci
1722 667 1922 718 interim
1953 666 2156 716 docente
2179 665 2351 717 eodem
2369 663 2568 728 Rossio,
2589 682 2642 730 p.
2669 668 2751 714 16.
2776 669 3053 725 supersunt

556 753 895 818 antiquissimi
928 753 1149 816 codices3
1196 753 1284 818 qui
1316 771 1434 804 vero
1469 753 1543 804 ad
1576 753 1902 816 Graecorum,
1941 753 2257 814 Latinorum,
2306 751 2566 818 Syrorum,
2607 749 2874 816 Ooptorum
2919 750 3054 800 anti-

558 843 796 906 quitatem
830 839 1121 903 ascendunt,
1158 841 1342 890 nulli.
1392 841 1577 892 Plures
1610 841 1756 890 nobis
1791 840 2013 905 abripuit
2048 845 2204 901 aetas,
2240 839 2382 904 lonye
2406 839 2589 902 plures
2618 837 3056 888 Talmudistarum

547 927 923 992 praescriptum
959 929 1015 976 in
1049 933 1193 977 tract.
1232 926 1514 992 Sopherim,
1564 945 1662 992 quo
1697 933 1896 977 cautum
1933 934 2005 979 est
2039 933 2124 978 ut.-
2181 926 2408 990 „Libri
2441 943 2483 976 s.
2521 939 2850 989 eorumque
2893 927 3056 974 inte-

554 1020 844 1081 9umenta
878 1013 937 1063 si
972 1015 1201 1065 attrita
1237 1013 1400 1077 sint,
1446 1014 1906 1078 sepeliantur.“
1960 1014 2043 1062 Ita
2077 1013 2224 1062 multi
2259 1011 2455 1062 codices
2489 1011 2886 1062 isderciderunt!
2936 1007 3048 1060 Nec

557 1100 997 1152 verisimilitudine
1033 1107 1180 1163 caret,
1217 1119 1251 1152 a
1274 1101 1491 1151 Judaeis
1521 1102 1777 1152 nonnullis
1809 1099 2318 1164 superstitiosioribus
2352 1099 2544 1150 deletos
2581 1085 2734 1149 etiam
2767 1099 2949 1148 multos
2987 1114 3056 1147 ex

558 1187 919 1254 antiquissimis
954 1187 1219 1250 codicibus,
1257 1189 1317 1238 ob
1341 1187 1399 1238 id
1422 1205 1601 1238 unum:
1641 1187 1804 1252 qnod
1839 1185 2317 1248 amasorethici,
2353 1203 2454 1236 non
2489 1185 2757 1246 emendati,
2792 1184 3058 1250 illeyitimi

560 1275 876 1326 haberentur.
938 1274 1023 1325 Ad
1058 1275 1179 1326 haec
1194 1293 1212 1323 .-
1258 1274 1423 1324 minus
1473 1275 1676 1326 exculta
1722 1291 1756 1324 a
1791 1273 2007 1324 Judaeis
2041 1272 2232 1336 studia,
2267 1275 2588 1337 rarior-esque
2614 1279 2889 1338 propterea
2933 1277 3058 1321 ante

560 1363 817 1413 saeculum
844 1361 1191 1412 duodecimum
1228 1361 1422 1412 codices
1457 1362 1694 1425 opinatur
1728 1359 1864 1411 idem
1899 1361 1982 1410 vir
2016 1360 2368 1410 celeberrimus
2400 1359 2466 1410 de
2490 1359 2670 1422 Rossi5
2703 1365 2876 1408 contra
2917 1362 3056 1408 circa

560 1449 696 1499 illud
746 1455 940 1514 tempus
988 1448 1264 1498 doctiorum
1318 1451 1650 1514 interpretum
1705 1447 1987 1498 eruditione
2039 1447 2303 1513 insiyniter
2355 1446 2611 1498 adauctos.
2686 1445 2816 1498 Inde
2869 1462 3054 1495 rursus

558 1538 801 1601 sequitur,
848 1534 983 1601 quod
1019 1535 1091 1585 ad
1127 1542 1339 1586 aetatem
1388 1535 1581 1598 attinet,
1630 1551 1866 1601 maynum
1910 1534 2164 1585 hebraicos
2204 1533 2336 1586 inter
2371 1539 2418 1584 et
2454 1534 2584 1584 alios
2618 1532 2810 1584 codices
2856 1539 3051 1582 veteres

563 1623 878 1688 deprehendi
905 1623 1187 1673 discrimen.
1228 1623 1363 1672 Nam
1401 1639 1524 1686 quos
1556 1639 1698 1673 secus
1736 1614 1960 1684 „medii
1993 1623 2160 1672 aevi“
2191 1621 2314 1686 fere
2349 1621 2578 1685 dicimus,
2616 1621 2664 1670 si
2697 1623 3056 1684 antiquitatem

560 1709 882 1772 attendimus,
922 1709 977 1761 hi
999 1709 1140 1774 apud
1165 1709 1429 1760 Hebraeos
1452 1708 1776 1759 vetustissimi
1807 1711 1984 1758 merito
2020 1709 2281 1758 habentur.
2329 1708 2393 1760 Ut
2419 1709 2656 1772 antiquus
2679 1705 3056 1772 quodammodo

560 1796 665 1846 dici
708 1803 855 1861 queat
909 1796 1169 1846 hebraicus
1216 1795 1403 1858 codex,
1442 1813 1547 1846 esse
1591 1795 1736 1846 debet
1771 1797 1948 1846 saltem
2001 1795 2190 1846 saeculi
2240 1795 2398 1846 XIII.
2453 1795 2532 1846 vel
2588 1797 2806 1844 ineuntis
2859 1793 3016 1845 XIV.
3031 1811 3052 1854 ‚·

560 1885 855 1934 recentiores
902 1899 1117 1947 namque
1161 1889 1275 1932 sunt
1322 1881 1517 1933 codices
1550 1900 1589 1931 s.
1628 1882 1776 1935 XIV.
1825 1885 2054 1932 exeuntis
2098 1888 2145 1932 et
2182 1881 2337 1944 XV.,·
2383 1881 2714 1932 recentissimi
2758 1898 2818 1930 ac
2859 1881 3056 1930 nullius

560 1987 679 2020 usus
716 1971 803 2034 qui
833 1977 947 2034 post
981 1987 1111 2020 saec.
1149 1969 1208 2018 X
1220 1969 1274 2020 V.
1314 1968 1593 2034 conscripti.
1677 1969 1778 2030 Qui
1809 1970 2062 2020 saeculum
2097 1969 2226 2018 XII.
2265 1967 2525 2032 excedunt,
2572 1967 2891 2019 remotissimi
2938 1969 3060 2018 aevi

560 2055 764 2106 dicendi
818 2061 961 2117 sun-t5
1012 2055 1223 2120 ideoque
1274 2055 1550 2118 rarissimi,
1604 2071 1824 2120 veraque
1872 2055 2282 2106 bibliothecarum
2336 2053 2577 2124 κειμήλια.
2641 2053 2937 2106 Cuiusmodi
2984 2059 3058 2104 est

564 2141 735 2194 Codex
772 2141 1167 2193 Vindobonensis
1189 2143 1444 2194 Kenicotti
1465 2146 1583 2194 590.
1628 2143 1698 2194 D.
1723 2160 1771 2208 q.
1796 2158 1842 2193 v.
1869 2141 1931 2192 A.
1968 2142 2164 2208 Krafft,
2206 2141 2477 2209 Gataloqus
2505 2141 2560 2194 C.
2586 2140 2744 2192 MSS.
2771 2141 2907 2192 Bibe.
2933 2141 3058 2194 Pal.

572 2229 780 2281 Vindob.
820 2229 892 2279 ΙΙ.
942 2228 1089 2280 Vind.
1133 2231 1281 2280 1847.
1317 2248 1366 2280 n.
1407 2233 1458 2281 3.
1498 2229 1637 2298 [15.]
1665 2247 1722 2294 p.
1765 2233 1815 2281 9.
1852 2247 1891 2280 s.
1929 2229 2044 2284 coll.
2087 2229 2294 2291 Pinner‚
2332 2229 2636 2292 Prospectus
2670 2227 2765 2279 der
2801 2227 3061 2279 Odessiier

571 2315 843 2369 Gesellsch.
870 2317 921 2381 f.
958 2316 1021 2367 G.
1060 2335 1109 2366 u.
1147 2316 1209 2366 A.
1231 2316 1405 2382 yehb'r.
1440 2317 1530 2367 alt.
1562 2317 1702 2367 hebr.
1727 2334 1776 2366 u.
1801 2317 1942 2368 rabb.
1980 2316 2237 2368 Manuscr.
2276 2315 2483 2367 Odessa.
2509 2318 2664 2366 1845.
2701 2333 2752 2366 n.
2777 2317 2830 2364 3.
2866 2315 3064 2365 saeculi

560 2403 628 2453 X.
665 2406 699 2453 i.
727 2419 765 2453 e.
800 2405 915 2452 916.
938 2421 994 2468 p.
1025 2402 1077 2454 0.
1114 2405 1234 2454 item
1268 2402 1411 2470 apud
1446 2403 1769 2454 Kenicottum
1803 2421 1853 2454 n.
1889 2406 2012 2452 591.
2051 2403 2243 2454 Psalm.
2281 2402 2394 2453 Job.
2432 2403 2588 2452 Prov.
2627 2401 2763 2453 Dan.
2801 2419 2866 2453 ex
2901 2402 3058 2452 aesti-

560 2493 778 2540 matione
813 2489 878 2540 de
916 2489 1078 2553 Rossi,
1116 2491 1152 2541 l.
1189 2507 1229 2540 c.
1257 2507 1317 2554 p.
1358 2493 1434 2540 16.
1470 2491 1561 2541 sub
1596 2490 1796 2540 initium
1833 2507 1960 2540 saec.
1997 2489 2096 2539 XI.
2135 2495 2393 2542 exaratus.

772 2575 921 2638 Quod
956 2593 1073 2628 vero
1108 2575 1181 2626 ad
1222 2583 1409 2628 notas
1444 2578 1637 2641 attinet,
1677 2595 1702 2628 e
1739 2576 1918 2642 quibus
1963 2583 2141 2628 aetas
2189 2575 2414 2627 codicum
2464 2577 2812 2627 hebraicorum
2849 2576 3058 2642 diqnos-

562 2666 721 2715 citur.-
754 2668 811 2714 in
829 2682 1011 2729 genere
1034 2681 1100 2715 ex
1123 2664 1403 2716 conditione
1435 2668 1551 2731 ipsa
1574 2665 1896 2731 superstitum
1933 2665 2160 2715 codicum
2193 2671 2412 2715 remotae
2440 2664 2760 2729 antiquitatis
2786 2671 3058 2730 petuntur,

562 2758 775 2817 suntque
802 2751 921 2816 fere
957 2758 1247 2816 sequentes.-
1282 2752 1535 2817 scriptura
1567 2752 1752 2803 rudior
1785 2752 2075 2818 inelegans,·
2125 2752 2420 2802 membrana
2443 2752 2605 2816 flava,
2643 2768 2834 2811 crassa,
2875 2752 3058 2813 mollis,

562 2844 804 2889 vetustate
858 2854 1095 2901 corrosa5
1145 2844 1484 2889 atramentum
1536 2855 1835 2890 evanescens
1889 2855 2155 2901 exaesum3
2213 2838 2393 2890 literae
2445 2839 2696 2890 obsoletae
2749 2840 3026 2902 rescriptae
3040 2856 3062 2898 ,-

566 2923 778 2975 Masora
824 2926 969 2975 nulla
1012 2926 1093 2976 vel
1140 2928 1405 2976 rarissima
1417 2944 1438 2988 ;
1489 2927 1683 2977 nullum
1731 2926 1812 2976 vel
1859 2926 2172 2975 rarissimum
2219 2924 2291 2975 ad
2344 2925 2621 2992 marqinem
2665 2933 2739 2989 ³71?
2751 2944 2771 2988 3
2823 2926 3061 2974 lectiones

564 3012 875 3078 mai-qinales
910 3014 966 3062 in
1010 3018 1199 3063 textum
1242 3020 1470 3077 receptae
1481 3032 1501 3075 ‚·
1546 3018 1991 3079 tetrayrammaton
2031 3030 2210 3063 nomen
2244 3020 2346 3059 mn*
2381 3030 2485 3076 pro
2521 3018 2620 3059 '278
2655 3028 2809 3077 saepe
2853 3011 3054 3061 adhibi-

564 3104 699 3161 tum,·
734 3104 919 3148 matres
953 3098 1181 3149 lectionis
1215 3104 1467 3161 retentae,·
1502 3100 1698 3149 nullum
1723 3100 1802 3150 vel
1825 3102 2060 3165 emiquum
2096 3101 2229 3150 inter
2263 3099 2418 3149 libros
2451 3116 2512 3149 ac
2540 3102 2780 3151 sectiones
2814 3098 3059 3163 epatium.

571 3184 835 3249 Quidquid
870 3192 1085 3236 ceterum
1120 3188 1185 3235 sit
1222 3185 1285 3236 de
1322 3185 1549 3236 codicum
1590 3192 1871 3236 nostrorum
1917 3191 2097 3249 aetate,
2144 3186 2278 3237 illud
2315 3202 2378 3235 ex
2411 3202 2528 3237 vero
2566 3186 2830 3250 affirmari
2855 3191 3055 3251 potest:

565 3271 757 3321 codices
802 3271 1102 3323 recentiores
1139 3289 1289 3337 quam
1334 3274 1556 3323 maxime
1601 3272 1888 3323 simillimos
1933 3274 2182 3323 exstitisse
2229 3272 2542 3339 apoqraphis
2587 3276 2809 3324 vetustis.
2883 3272 3062 3323 Obiter

565 3376 836 3421 monemus,
875 3359 1009 3423 quod
1044 3378 1079 3409 a
1114 3377 1209 3424 quo
1244 3365 1467 3424 tempore
1509 3358 1682 3410 Canon
1728 3359 1784 3410 V.
1828 3360 1882 3412 T.
1923 3360 2212 3425 obsiynatus
2237 3360 2364 3423 fuit,
2401 3360 2458 3410 hi
2492 3360 2614 3411 libri
2646 3378 2741 3410 usu
2770 3359 2976 3425 publico
3013 3364 3062 3409 et

561 3446 765 3511 privato
802 3447 1011 3496 sollicite
1046 3445 1469 3500 custodiebantur.
1530 3446 1867 3498 Provide-ntia
1900 3446 2100 3497 Divina
2143 3446 2201 3497 id
2245 3464 2368 3498 sane
2405 3448 2692 3513 postulasse
2738 3446 2957 3505 videtur,
3004 3452 3062 3495 ut

556 3532 747 3589 ⁴datam
794 3535 885 3583 abs
928 3550 983 3584 se
1029 3533 1399 3584 Revelationem
1446 3534 1589 3584 Deus
1632 3533 1904 3603 custodiret
1949 3534 2196 3600 integram
2210 3571 2222 3595 ,
2275 3550 2364 3584 nec
2415 3534 2699 3598 depravari
2737 3536 3061 3598 permitteret

569 3620 919 3671 Hebraeos
956 3620 1264 3682 Codices5
1310 3638 1419 3671 cum
1465 3620 1599 3685 quod
1642 3622 1804 3685 ipsius
1839 3620 1941 3671 Dei
1985 3622 2042 3669 in
2090 3620 2292 3671 Verbo
2340 3638 2452 3671 suo
2500 3638 2656 3671 eausa
2704 3628 2902 3687 aqatur,
2955 3628 3061 3671 tum

570 3706 704 3772 quod
741 3723 803 3757 ex
836 3708 943 3757 illis
978 3706 1212 3759 deberent
1247 3708 1475 3757 convinci
1495 3707 1693 3758 Judaei
1715 3707 1787 3757 ad
1811 3706 2116 3757 credendum
2139 3707 2194 3757 in
2223 3707 2490 3760 Christum.
2532 3708 2657 3759 Ooll.
2684 3708 2865 3759 Matth.
2892 3711 2980 3769 23,
3007 3712 3060 3758 3.

568 3793 753 3844 Joann.
795 3796 845 3859 5,
884 3796 967 3843 39.
1023 3792 1388 3859 Antiquissima
1420 3796 1662 3844 memoria
1697 3794 1752 3843 in.
1787 3794 1940 3859 Leyis
1975 3796 2202 3859 apicibus
2239 3794 2593 3845 conservandis
2627 3796 2920 3860 scrupulosa
2946 3796 3063 3859 fuit

570 3880 887 3931 Judaeorum
910 3879 1181 3931 industria.
1230 3880 1423 3947 Maqna
1458 3896 1576 3931 vero
1613 3882 1727 3931 licet
1764 3887 1885 3931 esset
1921 3880 2188 3946 vigilantia
2211 3898 2428 3946 curaque
2453 3880 2701 3943 adhibita,
2727 3882 3063 3932 librariorum

567 3969 673 4018 sive
708 3966 998 4033 iynorantia
1033 3970 1139 4017 sive
1174 3970 1441 4018 oscitantia
1471 3998 1530 4005 -‹
1560 3969 1621 4017 ob
1658 3985 1902 4018 summam
1941 3968 2072 4018 inter
2107 3984 2160 4018 se
2193 3968 2575 4019 similitudinem
2603 3998 2666 4007 —-
2693 3969 2966 4019 literarum
3000 3986 3063 4019 ac

566 4070 739 4105 vocum
775 4053 1213 4117 transpositionem
1227 4074 1246 4117 ,-
1282 4061 1329 4105 et
1367 4054 1495 4105 adeo
1530 4054 1842 4105 variantium
1879 4056 2142 4105 lectionum
2179 4056 2322 4120 copia
2361 4054 2649 4120 irrepserat.
2717 4055 2796 4106 Ne
2834 4055 3066 4105 dicamus

566 4140 797 4191 Judaeos
832 4142 1073 4192 maluisse
1108 4147 1337 4193 extrema
1373 4142 1544 4191 omnia
1574 4144 1714 4207 pati,
1765 4159 1914 4207 quam
1951 4148 2004 4191 ut
2041 4142 2242 4207 aliquid
2277 4142 2333 4193 in
2371 4134 2550 4193 Codice
2585 4160 2730 4193 sacro
2775 4150 3063 4194 mutaretur

567 4234 655 4277 aut
692 4228 796 4278 loco
830 4246 920 4277 suo
954 4235 1253 4279 moveretur.
1314 4228 1419 4280 Sed
1452 4230 1542 4279 hoc
1577 4236 1922 4294 aryumentum
1969 4230 2227 4294 ampliora
2269 4232 2438 4294 spatia
2488 4232 2715 4295 requirit,
2757 4230 3031 4281 videantur
3046 4251 3066 4281 .-

567 4314 621 4367 J.
668 4314 731 4366 G.
781 4315 947 4381 Vogel,
998 4316 1062 4366 de
1106 4316 1352 4366 matribus
1402 4316 1627 4366 lectionis
1681 4314 2008 4366 librariorum
2059 4318 2180 4367 olim
2232 4316 2445 4367 arbitrio
2497 4317 2686 4367 relictis
2732 4318 2859 4371 Hal.
2911 4320 3063 4368 1767.

570 4401 632 4452 G.
660 4401 860 4469 Mayer,
896 4405 1010 4452 inst.
1048 4402 1261 4467 interpr.
1288 4420 1327 4453 s.
1364 4402 1513 4453 Vind.
1545 4406 1696 4453 1789.
1712 4420 1773 4467 p.
1802 4406 1912 4454 144.
1941 4421 1981 4453 s.
2032 4404 2095 4458 G.
2125 4404 2185 4453 L.
2215 4404 2402 4467 Bauer,
2445 4403 2632 4455 Oritica
2655 4423 2696 4455 s.
2729 4404 2874 4471 Lips.
2910 4408 3064 4457 1795.

568 4488 612 4549 I,
649 4491 769 4539 343.
825 4487 887 4539 A.
934 4490 1135 4557 Geiqer,
1186 4490 1439 4554 Urschrift
1466 4508 1525 4554 p.
1565 4492 1678 4540 261.
1716 4508 1755 4539 s.
1812 4489 2024 4553 Reinke,
2063 4491 2302 4556 Beitriiye
2350 4490 2465 4553 VII,
2503 4494 2588 4544 51.
