3309 5300
618 417 748 489 2⁷2
1316 430 1550 473 Commeat.
1578 428 1635 471 de
1663 432 1706 471 S.
1727 429 1942 481 scriptur.
1973 440 2067 481 cap.
2097 430 2201 471 tert.
2230 428 2339 469 sect.
2370 426 2403 469 1.

618 607 691 669 11,
728 609 849 657 204.
886 622 929 656 s.
990 606 1061 657 H.
1101 604 1453 667 Scharrau,
1504 606 1571 655 de
1612 605 1686 672 pl.
1723 606 1904 673 pasch.
1943 608 2008 657 ei.
2046 610 2218 671 myst„
2258 606 2316 655 in
2354 604 2482 655 Obs.
2521 622 2564 656 s.
2602 605 2800 655 Lubec.
2840 604 2974 653 1733.
3005 602 3070 671 11,

619 695 739 744 317.
778 710 820 743 s.
880 692 967 743 W.
1004 692 1226 755 Smits,
1276 693 1341 744 L.
1386 693 1563 743 Exodi
1610 693 1803 743 elucid.
1853 694 2012 745 Antv.
2064 694 2216 746 1757.
2265 692 2308 755 Ι,
2356 694 2476 745 238.
2525 709 2568 743 s.
2627 692 2682 741 J.
2717 692 2803 741 Fr.
2837 689 3070 743 Frischv

620 779 751 830 bibl.
788 780 925 831 Abh.
962 796 1013 830 v,
1050 779 1421 830 Osterlamme.
1458 781 1642 845 Leipz.
1683 782 1836 831 1758.
1871 782 1934 831 Β.
1959 781 2312 848 Ugolinus,
2347 785 2406 833 in
2440 780 2600 831 Thes.
2633 779 2811 843 Antiq.
2847 778 2896 827 S.
2926 776 3074 831 XVII,

623 868 775 918 1178.
824 882 866 917 s.
930 866 990 917 C.
1030 866 1092 916 C.
1128 866 1213 917 W.
1250 867 1315 916 F.
1350 866 1551 928 Biihr,
1607 866 1886 931 Symbolik
1935 868 2028 919 des
2077 871 2211 926 Mos.
2259 870 2400 921 Cult.
2449 868 2608 918 Heid.
2659 866 2808 915 1839.
2853 863 2928 925 II,
2973 864 3074 911 627.

619 954 672 1005 J.
708 954 779 1003 H.
816 953 1147 1015 Kalthoff,
1186 954 1401 1003 Handb.
1439 954 1489 1003 d.
1527 952 1676 1005 hebr.
1711 953 1933 1005 Alterth.
1969 956 2168 1008 Mflnst.
2209 960 2362 1009 1840.
2399 974 2450 1023 p.
2479 958 2596 1007 209.
2635 970 2678 1003 s.
2729 951 2782 1001 S.
2817 951 2866 1001 J.
2903 949 2992 999 Ch.
3023 948 3075 997 B.

620 1041 1007 1103 Hoffmann,
1046 1040 1240 1091 Weiss.
1276 1057 1329 1090 u.
1366 1039 1561 1091 Erfun.
1598 1041 1782 1092 Nurtu.
1813 1044 1964 1093 1841.
1989 1043 2032 1105 1,
2062 1047 2178 1095 123.
2205 1061 2247 1095 s.
2283 1046 2370 1095 Ei.
2409 1042 2822 1093 Schriftbeweis.
2856 1038 2924 1087 ib.
2950 1036 3076 1085 1853.

620 1127 693 1177 11.
732 1131 779 1191 1,
819 1129 937 1179 268.
978 1144 1021 1178 s.
1076 1128 1301 1193 Krflger,
1340 1128 1437 1177 das
1475 1126 1796 1179 Osterlamm
1831 1131 1888 1177 in
1923 1129 2019 1179 der
2053 1132 2188 1181 Tub.
2227 1131 2590 1194 Quartalschr.
2631 1129 2784 1178 1854.
2820 1143 2870 1192 p.
2905 1126 3012 1173 200.
3043 1138 3076 1170 s.

622 1217 743 1266 263.
780 1230 823 1265 s.
878 1215 1045 1278 Bade,
1092 1214 1285 1265 Christ.
1332 1216 1431 1277 111,
1482 1217 1601 1265 316.
1661 1216 1750 1266 Fr.
1787 1216 2178 1285 Htilskamp‚
2226 1218 2600 1271 Bohrbachers
2648 1210 3077 1276 Universalgesch.

622 1301 675 1351 d.
711 1303 765 1351 k.
804 1301 1019 1352 Kirche.
1056 1303 1312 1351 Miinster.
1353 1302 1505 1353 1860.
1542 1302 1585 1366 1,
1624 1304 1742 1355 378.
1781 1320 1823 1354 s.
1881 1302 1942 1353 C.
1967 1305 2058 1355 Fr.
2094 1306 2276 1369 Keil,
2311 1304 2442 1357 bibl.
2481 1303 2686 1355 Comm.
2723 1306 2778 1351 ii.
2814 1301 2863 1350 d.
2896 1297 3077 1349 Biicher

624 1388 823 1441 Moses.
858 1390 1042 1455 Leipz.
1084 1390 1233 1441 1861.
1270 1389 1313 1451 1,
1352 1390 1471 1439 384.
1509 1404 1551 1440 s.

627 1634 687 1712 ἓ.
738 1633 881 1699 115.
944 1630 1003 1695 Ε
1064 1653 1296 1697 sensu
1352 1630 1752 1717 spirituali
1816 1635 2146 1699 sumitur
2205 1635 2515 1699 efficax
2575 1636 3076 1716 argumentum

1346 1743 1444 1807 ad
1498 1744 1947 1830 probandas
2003 1770 2127 1813 res
2181 1744 2394 1813 fidei.

837 1920 923 1969 Ex
958 1921 1041 1982 iis,
1080 1935 1218 1986 quae
1260 1920 1521 1971 hactenus
1566 1922 1810 1987 exposita
1849 1926 1990 1984 sunt,
2039 1924 2307 1988 sequitur:
2353 1936 2628 1973 sensum
2669 1915 3078 1987 spiritualem

628 2007 911 2073 perinde
949 2007 1028 2056 ad
1062 2006 1407 2072 probanda
1441 2006 1607 2056 fidei
1639 2012 1838 2073 atque
1867 2024 2112 2059 morum
2141 2009 2448 2075 dogmata
2481 2008 2734 2070 valere3
2773 2011 2928 2069 atque
2951 2018 3009 2051 ex
3027 2015 3076 2049 eo

630 2107 799 2158 aeque
846 2092 1055 2143 firmum
1090 2099 1455 2159 argumentum
1493 2093 1641 2156 duci,
1687 2096 1827 2144 sicut
1873 2110 1940 2145 ex
1983 2110 2148 2147 sensu
2183 2096 2395 2147 literali.
2465 2096 2753 2145 Enimvero
2791 2108 2836 2141 α.
2872 2106 2980 2141 cum
3009 2088 3078 2137 hic

628 2194 821 2231 sensus
858 2196 967 2231 non
1002 2182 1177 2231 minus
1212 2195 1249 2231 a
1271 2180 1473 2247 Spiritu
1510 2180 1563 2231 S.
1589 2182 1826 2233 intentus
1863 2184 1947 2246 sit,
1985 2172 2146 2248 q'uam
2179 2183 2432 2247 literalis3
2471 2184 2516 2233 si
2551 2181 2714 2231 talem
2743 2180 2902 2230 habet
2927 2180 3078 2225 aucto-

632 2282 761 2329 rem,
799 2268 986 2333 nequit
1009 2282 1117 2317 non
1144 2283 1261 2318 esse
1292 2268 1646 2319 certissimus:
1687 2270 1732 2319 si
1756 2286 1884 2320 vero
1911 2271 2236 2321 certissimus
2263 2275 2359 2331 est,
2396 2271 2606 2335 ineptus
2631 2283 2754 2318 esse
2777 2282 2890 2336 non·
2905 2264 3076 2329 poterit,

632 2370 701 2404 ex
736 2368 844 2420 quo
883 2358 1198 2420 argumenta
1232 2354 1511 2404 ducantur.
1574 2352 1680 2405 Sed
1719 2361 1772 2405 et
1807 2354 1850 2421 β.
1890 2356 1992 2406 hoc
2027 2358 2146 2421 ipso
2182 2361 2610 2422 argumentorum
2647 2368 2842 2419 genere
2876 2352 2950 2401 usi
2981 2352 3079 2399 sunt

630 2443 738 2506 ipsi
775 2439 1085 2507 Scriptores·
1112 2442 1394 2492 Sacrorum
1430 2440 1744 2493 Bibliorum.
1799 2444 1864 2492 E.
1903 2460 1952 2509 g.
1989 2443 2178 2493 Matth.
2205 2446 2254 2505 2,
2285 2446 2365 2493 15.
2413 2443 2564 2491 Rom.
2603 2444 2652 2503 9,
2681 2442 2728 2489 7.
2777 2439 2820 2489 Ι.
2846 2438 2957 2487 Cor.
2979 2438 3020 2497 9,
3039 2436 3078 2483 9.

632 2528 799 2579 Hebr.
848 2531 898 2592 4,
948 2532 997 2579 3.
1069 2529 1227 2579 Unde
1282 2535 1597 2595 argumenta
1650 2546 1718 2579 ex
1771 2545 1934 2581 sensu
1987 2530 2250 2595 spirituali
2305 2544 2413 2579 non
2467 2527 2624 2578 modo
2682 2528 3080 2576 concionatorum

632 2615 965 2668 discursibus
1009 2617 1332 2678 inserviunt,
1380 2616 1474 2666 sed
1520 2631 1586 2666 ea
1620 2618 1728 2668 iam
1775 2633 1870 2684 per
1907 2632 1964 2667 se
2001 2616 2133 2666 illud
2180 2620 2611 2682 argumentorum
2656 2629 2824 2680 genus
2869 2609 3080 2677 suppedi-

635 2707 775 2764 tant,
826 2703 970 2768 quod
1008 2719 1041 2754 a
1076 2705 1341 2754 vaticiniis
1378 2705 1490 2753 sive
1530 2719 1563 2753 a
1602 2720 1777 2754 rerum
1821 2705 2117 2755 futurarum
2155 2704 2608 2769 praedictionibus
2647 2701 2770 2751 duci
2807 2699 2950 2750 solet.
3013 2696 3080 2746 Sic

635 2789 801 2838 verba
835 2790 1011 2839 Exodi
1050 2793 1131 2852 12,
1169 2793 1283 2844 46.·
1318 2790 1427 2850 „Os
1466 2807 1573 2841 non
1610 2791 1928 2858 frangetis“3
1969 2792 2034 2841 de
2073 2806 2211 2856 agno
2261 2790 2502 2856 paschali
2537 2789 2764 2854 scripta,
2814 2791 2942 2836 teste
2983 2784 3079 2832 divo

635 2875 848 2925 Joanne
884 2877 984 2926 Ev.
1014 2879 1094 2939 19,
1121 2880 1205 2927 36.
1244 2877 1591 2943 spiritualiter
1626 2878 2031 2944 significabant:
2069 2877 2266 2930 Christi
2303 2893 2459 2927 crura
2494 2892 2604 2926 non
2639 2874 2931 2940 frangenda
2963 2885 3080 2932 esse3

634 2968 691 3011 et
744 2963 905 3028 plane
958 2963 1013 3012 id
1068 2963 1307 3014 efficiunt
1360 2965 1690 3030 praedictum
1749 2966 1871 3015 olim
1928 2981 1962 3014 a
2007 2967 2196 3030 Moyse
2243 2965 2434 3026 fuisse,
2491 2962 2635 3028 quod
2689 2963 2885 3012 factum
2937 2961 3084 3008 narrat

636 3049 691 3100 S.
715 3050 973 3102 JoanneS.
1010 3052 1075 3100 V.
1102 3068 1154 3117 p.
1180 3054 1298 3102 268.
1326 3053 1444 3101 270.
1492 3052 1633 3102 Illud
1658 3052 1728 3102 ad
1755 3058 2044 3102 extremum
2071 3053 2434 3103 annotandum
2459 3056 2564 3100 est:
2597 3065 2716 3100 cum
2743 3049 2800 3100 S.
2825 3049 3084 3098 Literarum

635 3137 865 3204 dignitas
904 3143 957 3188 et
993 3140 1282 3188 auctoritas
1322 3154 1355 3188 a
1390 3140 1591 3205 Spiritu
1628 3139 1681 3189 S.
1719 3144 1972 3204 tanquam
2021 3144 2239 3189 auctore
2277 3139 2526 3204 primario
2571 3137 2772 3187 Sacrae
2815 3135 3083 3199 Scripturae

636 3225 920 3291 procedat3
971 3225 1109 3276 ultro
1149 3226 1431 3292 colligitur,
1474 3229 1710 3276 omnium
1757 3228 1971 3276 minime
2019 3242 2242 3277 necesse
2289 3239 2433 3286 esse,
2483 3228 2544 3273 ut
2593 3237 2784 3274 sensus
2831 3218 3084 3288 spiritualis

636 3312 885 3362 distincte
936 3313 1253 3364 secundario
1302 3315 1532 3375 auctori,
1582 3315 1696 3364 sive
1743 3313 2156 3380 Hagiographo,
2205 3314 2366 3363 fuerit
2415 3313 2677 3377 cognitus.
2739 3309 2881 3360 Satis
2927 3311 2998 3358 est
3033 3303 3085 3353 ad

636 3400 894 3450 rationem
932 3400 1327 3466 Hagiographi,
1373 3402 1709 3450 instrumenti
1743 3401 1871 3450 licet
1907 3402 2129 3450 animati
2167 3400 2392 3465 Spiritus
2429 3399 2510 3462 S.,
2553 3404 2614 3448 ut
2649 3399 2720 3448 sit
2753 3399 2812 3446 in
2845 3398 2932 3458 iis,
2973 3405 3084 3458 quae

638 3486 825 3536 scribit
859 3486 1163 3550 intelligens
1202 3492 1257 3536 et
1291 3488 1453 3551 liber3
1504 3487 1605 3537 hoc
1643 3492 1822 3540 autem
1859 3493 1966 3538 estz
2015 3489 2060 3536 si
2097 3488 2264 3537 verba
2298 3492 2360 3536 ut
2393 3491 2610 3548 sonant,
2659 3499 2790 3550 prae
2826 3499 2884 3534 se
2917 3479 3084 3538 habuit,

640 3576 845 3624 retento
874 3575 1033 3622 etiam
1061 3579 1113 3622 et
1137 3590 1247 3624 non
1271 3577 1660 3631 communicato
1685 3576 1788 3624 sibi
1817 3575 2092 3624 intellectu
2128 3589 2315 3624 sensus
2351 3572 2658 3640 spiritualis.
2709 3571 2924 3621 Interim
2951 3566 3087 3618 multa

640 3662 877 3726 cogimur
900 3661 959 3710 in
982 3660 1179 3710 talibus
1206 3662 1559 3726 rebus,.quae
1585 3662 1654 3711 ad
1679 3663 1941 3712 internam
1973 3661 2327 3712 conditionem
2353 3659 2852 3726 Hagiographorum
2881 3658 3085 3712 attinent,

636 3748 914 3812 ignorare3
968 3753 1020 3796 et
1064 3763 1194 3796 sane
1236 3748 1497 3797 malumus
1540 3748 1756 3797 modum
1797 3749 2160 3814 inspirationis
2205 3747 2470 3799 humiliter
2513 3747 2748 3807 nescire,
2795 3760 2944 3810 quam
2982 3742 3087 3790 citra

638 3833 869 3884 Divinae
906 3834 1271 3884 Revelationis
1308 3835 1662 3900 axiopistiam,
1702 3835 1991 3900 quidquam
2029 3834 2272 3900 amplius,
2311 3833 2546 3884 definire.

636 4077 703 4156 ἓ.
754 4077 898 4142 116.
960 4073 1083 4138 An
1130 4085 1208 4139 et
1256 4077 1393 4161 qui
1447 4084 1793 4160 praeter
1843 4073 2414 4140 literalem'et
2459 4072 2985 4161 spiritualem
3022 4069 3092 4131 in

1008 4187 1352 4252 Divinis
1409 4187 1736 4253 Literis
1789 4189 2350 4274 reperiantur
2405 4187 2759 4254 sensus?

850 4364 1071 4415 Praeter
1108 4379 1278 4429 genus
1314 4363 1701 4429 interpretandi
1738 4363 1790 4414 S.
1819 4363 2144 4429 Scripturam
2181 4359 2384 4413 literale
2423 4366 2476 4412 et
2509 4363 2806 4426 mysticum,
2843 4375 2876 4410 a
2907 4355 3092 4424 quibus-

638 4449 767 4499 dam
804 4449 1173 4516 distinguitur:
1212 4465 1625 4514 consequens
1664 4454 1728 4499 et
1763 4449 2335 4499 accommodatum.
2382 4448 2448 4497 In
2484 4459 2592 4512 qua
2627 4447 2958 4497 distinctione
2982 4439 3094 4491 illud

641 4536 805 4586 facile
842 4537 1201 4599 concedimus,
1238 4536 1353 4586 fieri
1388 4551 1498 4586 non
1522 4537 1637 4586 sine
1661 4549 1857 4602 magna
1891 4537 2152 4587 utilitate:
2189 4541 2248 4585 ut
2285 4551 2349 4584 ex
2371 4535 2438 4583 iis
2463 4548 2694 4599 quoque,
2735 4533 2948 4598 quaein
2969 4527 3093 4578 Sacri

639 4622 859 4674 Codicis
894 4623 1126 4674 lectione
1162 4625 1339 4674 media
1386 4639 1413 4673 r
1426 4625 1566 4674 atio
1581 4641 1610 4674 c
1624 4625 1692 4674 in
1707 4639 1740 4673 a
1752 4626 1804 4673 ti
1819 4639 1850 4674 o
1863 4641 1900 4672 n
1915 4641 1944 4673 e
1993 4623 2313 4688 colliguntur
2326 4655 2340 4684 ‚
2383 4620 2453 4670 ad
2498 4625 2728 4671 mentem
2771 4620 3092 4670 doctrinarum
