3309 5300
453 394 536 457 24
1153 403 1386 444 comment.
1417 402 1470 443 de
1497 402 1542 443 S.
1563 401 1770 452 Scriptor.
1802 413 1896 454 cap.
1926 400 2051 453 prim.
2082 401 2189 442 sect.
2219 400 2253 441 1.

452 584 594 632 orbis
631 581 885 630 Romam
923 581 1136 645 saepius
1173 579 1420 639 adivisse,
1457 578 1775 627 testimoniis
1812 576 1991 626 multis
2035 576 2330 628 docuimus.
2378 578 2442 626 V.
2480 578 2550 626 H.
2590 578 2651 627 R.
2678 578 2746 626 D.
2773 578 2837 627 N.
2876 578 2946 626 T.

451 687 502 734 p.
531 670 648 717 342.
675 684 716 717 s.
753 670 872 716 452.
899 684 939 717 s.
991 666 1133 727 Quid
1170 666 1236 715 de
1269 664 1554 730 Scripturis
1581 665 1633 715 S.
1660 665 1723 714 V.
1750 664 1810 713 F.
1852 666 2133 726 censuerit,
2171 680 2300 729 prae
2340 666 2585 714 omnibus
2624 664 2875 714 discimus
2918 680 2952 712 e

454 772 494 805 s.
513 754 626 804 Cle
640 758 874 815 mente,
898 754 1048 802 cuius
1071 756 1272 817 quanta
1290 752 1522 802 fueritin
1541 752 1773 802 ecclesia
1794 752 2165 816 antiquissima
2185 753 2490 813 auctoritas,
2512 752 2665 801 divus
2686 751 2951 800 Irenaeus

457 842 588 890 dixit
624 842 686 889 L.
714 841 833 889 adv.
861 840 1006 889 haer.
1031 839 1129 888 III.
1157 842 1204 902 3,
1233 842 1280 889 3.
1321 857 1372 905 p.
1399 841 1517 888 431.
1565 839 1620 887 Is
1644 840 1701 888 in
1727 854 1826 887 sua
1862 838 1931 887 ad
1970 838 2273 888 Corinthios
2311 838 2540 903 epistola
2574 838 2617 899 I,
2645 866 2711 874 —
2738 838 2801 887 de
2840 852 2955 903 qua

452 928 584 977 nihil
633 927 807 977 adhuc
857 926 1004 975 dubii
1053 931 1299 991 superest
1341 953 1405 963 —
1444 927 1661 991 saepius
1709 927 2014 975 testimonia
2062 942 2128 974 ex
2174 925 2257 975 his
2314 926 2671 975 controversis
2722 925 2951 990 Scriptis

454 1016 601 1080 petit.
638 1014 702 1062 V.
729 1030 774 1062 c.
803 1013 1111 1078 Sapientiae
1138 1015 1186 1075 2,
1215 1014 1298 1062 24.
1328 1014 1408 1075 11,
1440 1015 1519 1062 12.
1551 1016 1630 1075 12,
1662 1014 1740 1061 12.
1778 1012 1865 1061 Pr.
1894 1028 1976 1076 ep.
2001 1012 2100 1061 111.
2132 1012 2355 1061 XXVII.
2383 1012 2496 1061 LV.
2525 1029 2577 1077 p.
2605 1012 2688 1061 57.
2715 1014 2797 1061 91.
2828 1012 2951 1060 128.

459 1101 716 1151 Judithae
756 1116 967 1165 quoque
1006 1104 1060 1149 et
1093 1100 1355 1150 Estherae
1403 1098 1885 1149 additamentorum
1924 1100 2177 1148 meminit.
2222 1100 2354 1148 Post
2391 1098 2716 1148 Clementem
2752 1099 2952 1148 Roma-

459 1205 583 1239 num
619 1190 676 1237 in
714 1188 944 1238 ecclesia
979 1187 1300 1237 occidentali
1337 1188 1393 1237 in
1430 1201 1472 1235 s.
1498 1187 1864 1236 Irenaeum
1898 1186 2199 1247 incidimus,
2238 1186 2558 1251 discipulum
2589 1202 2631 1236 s.
2656 1185 2951 1250 Polycarpi

455 1282 509 1326 et
560 1275 808 1338 aliorum,
856 1277 947 1341 qui
997 1291 1116 1323 cum
1159 1274 1432 1339 Apostolis
1479 1274 1681 1323 versati
1730 1278 1896 1323 erant.
1957 1273 2012 1321 Is
2048 1274 2104 1321 in
2139 1272 2271 1335 illis,
2320 1273 2411 1337 qui
2459 1274 2614 1323 nobis
2662 1275 2957 1337 supersunt

452 1364 602 1413 libris
641 1363 897 1412 adversus
933 1362 1184 1411 haereses
1217 1360 1546 1426 Sapientiam
1583 1363 1630 1422 6,
1663 1362 1743 1409 19.
1771 1362 1853 1409 20.
1899 1359 1992 1421 IV,
2022 1362 2104 1409 38.
2132 1362 2180 1409 3.
2208 1377 2258 1425 p.
2290 1361 2404 1409 702.
2453 1359 2756 1408 Baruchum
2781 1361 2831 1419 4,
2860 1361 2951 1419 36,

455 1456 510 1499 et
544 1466 589 1499 c.
628 1451 677 1499 5.
713 1454 884 1499 totum
920 1449 983 1498 V.
1010 1450 1095 1510 35,
1126 1452 1170 1498 1.
1210 1466 1259 1514 p.
1287 1450 1405 1497 814.
1454 1447 1701 1497 Danielis
1739 1446 1858 1497 add.
1898 1450 1946 1509 3,
1974 1449 2057 1496 24.
2083 1463 2125 1495 s.
2175 1446 2265 1495 IV.
2304 1448 2387 1508 20,
2429 1448 2509 1495 11.
2548 1463 2599 1511 p.
2639 1447 2757 1495 631.
2793 1446 2857 1494 V.
2895 1447 2952 1494 5.

457 1540 505 1586 2.
544 1554 594 1601 p.
634 1537 750 1585 729.
797 1536 1028 1585 Divinae
1077 1536 1383 1601 Scripturae
1421 1536 1632 1584 nomine
1671 1539 1724 1583 et
1759 1534 2079 1584 auctoritate
2118 1532 2331 1598 alleg-at.
2392 1534 2619 1583 Latinae
2655 1533 2955 1583 Bibliorum

458 1628 701 1673 veterum
737 1624 996 1673 versionis
1035 1627 1222 1672 auctor
1245 1622 1391 1672 haud
1417 1626 1671 1687 apparet3
1710 1636 1885 1687 neque
1925 1626 2075 1671 aetas
2101 1625 2249 1669 certa
2273 1620 2513 1683 habetur,
2552 1636 2733 1670 verum
2768 1625 2955 1669 tamen

456 1713 500 1760 si
531 1726 703 1775 aequo
730 1710 926 1759 iudicio
956 1711 1220 1759 coniicere
1245 1709 1488 1771 velimus,
1517 1709 1772 1759 credibile
1800 1712 1881 1757 est
1906 1708 2122 1758 saeculo
2150 1708 2386 1758 secundo
2415 1706 2483 1757 ad
2508 1707 2667 1756 finem
2694 1712 2953 1773 vergente

453 1797 600 1846 illam
627 1811 744 1845 esse
772 1801 958 1857 ortam,
976 1800 1114 1844 —ut
1132 1812 1229 1846 suo
1254 1796 1375 1846 loco
1400 1795 1620 1845 uberius
1640 1795 2122 1845 demonstrabimus
2138 1796 2273 1844 —in
2298 1810 2405 1859 qua
2424 1796 2691 1844 communi
2716 1795 2953 1843 omnium

459 1883 783 1933 eruditorum
809 1884 1162 1932 consensione
1186 1883 1463 1948 leguntur:
1503 1880 1829 1947 Sapientiae,
1855 1881 2241 1944 Ecclesiastici,
2274 1883 2471 1947 gemini
2494 1880 2953 1931 Machabaeorum

461 1970 584 2019 libri
619 1984 730 2019 una
766 1985 886 2019 cum
918 1969 1199 2035 prophetia
1234 1969 1482 2019 Baruchi.
1533 1968 1643 2020 Sub
1684 1967 1883 2018 Severo
1923 1970 2215 2019 222-235.
2252 1970 2587 2034 imperatore,
2626 1968 2952 2019 christianae

456 2056 730 2105 doctrinae
767 2056 881 2105 zelo
918 2056 1158 2120 vigebat:
1208 2055 1611 2121 Hippolytus
1647 2056 1952 2121 Episcopus
1981 2060 2165 2120 portus
2202 2057 2425 2117 romani,
2458 2072 2493 2119 *e
2520 2056 2673 2105 cuius
2698 2056 2949 2120 genuinis

457 2144 667 2208 scriptis
718 2142 1012 2207 colligitur,
1065 2158 1198 2207 quos
1249 2160 1290 2193 s.
1327 2142 1625 2192 Bibliorum
1679 2141 1844 2192 libros
1896 2141 2198 2191 Canonicos
2247 2142 2509 2192 habuerit.
2584 2143 2658 2193 Ut
2714 2142 2949 2191 divinam

456 2245 672 2295 prorsus
711 2228 1037 2294 Scripturam
1077 2230 1207 2279 citat
1242 2229 1545 2279 Baruchum
1593 2246 1638 2278 c.
1676 2230 1922 2279 Noetum.
1962 2232 2009 2291 3,
2039 2231 2121 2279 36.
2173 2228 2254 2279 ed.
2292 2230 2352 2279 P.
2390 2230 2451 2278 A.
2488 2230 2738 2295 Lagarde
2774 2247 2823 2295 p.
2862 2231 2950 2278 44.

456 2317 694 2367 eiusdem
731 2318 779 2378 3,
808 2318 1028 2366 36—38.
1067 2316 1138 2365 ib.
1165 2335 1215 2382 p.
1243 2318 1325 2366 47.
1378 2315 1615 2382 Sapient.
1644 2318 1693 2379 2,
1725 2319 1770 2366 1.
1800 2318 2019 2367 12—16.
2058 2317 2316 2367 demonst.
2350 2317 2419 2367 ad
2443 2317 2568 2367 Jud.
2594 2335 2645 2383 p.
2673 2319 2755 2367 67.
2806 2317 2951 2367 Sira-

457 2404 629 2452 cidem
666 2406 748 2466 31,
788 2406 871 2453 27.
911 2404 978 2453 ad
1017 2404 1253 2453 Graecos
1304 2421 1354 2469 p.
1395 2405 1477 2453 84.
1517 2408 1585 2453 et.
1625 2406 1672 2465 1,
1712 2405 1795 2453 26.
1836 2404 1894 2452 ἰῐι
1929 2404 2127 2454 Psalm.
2166 2421 2216 2469 p.
2258 2406 2375 2454 192.
2425 2405 2652 2455 Tobiam
2689 2406 2736 2466 3,
2777 2405 2857 2452 17.
2895 2405 2959 2451 in

459 2489 739 2541 Susannae
779 2507 827 2555 p.
871 2492 986 2540 154.
1026 2489 1178 2539 Cant.
1216 2495 1253 2540 t.
1292 2506 1438 2555 puer.
1479 2493 1527 2553 3,
1567 2493 1650 2539 34.
1709 2491 1907 2540 Comm.
1945 2492 2000 2539 in
2036 2492 2176 2540 Dan.
2213 2508 2264 2556 p.
2307 2493 2422 2541 186.
2460 2492 2601 2540 Dan.
2643 2492 2723 2539 14.
2762 2487 2827 2547 εἰς
2863 2486 2957 2553 τὴν

456 2573 734 2625 Σωσάνναν.
775 2594 825 2642 p.
857 2578 973 2627 145.
1024 2578 1085 2626 L.
1123 2578 1185 2626 L.
1223 2577 1677 2628 Machabaeorum
1714 2576 1902 2628 laudat
1940 2578 2006 2627 de
2043 2578 2381 2628 Antechristo
2419 2577 2489 2627 ΙΙ.
2516 2580 2564 2639 9,
2592 2579 2641 2627 9.
2678 2594 2729 2643 p.
2757 2578 2839 2628 25.
2876 2577 2955 2625 ib.

457 2665 499 2714 Ι.
530 2669 575 2726 1,
603 2667 685 2714 41.
723 2681 775 2730 p.
814 2667 895 2714 30.
934 2666 1018 2727 τῆς
1056 2665 1142 2713 τοῦ
1179 2661 1378 2729 Δανιὴλ.
1417 2665 1458 2714 Ι.
1499 2667 1547 2728 2,
1588 2665 1810 2714 33-38.
1848 2682 1900 2731 p.
1942 2667 2057 2714 163.
2102 2666 2175 2715 ib.
2213 2665 2255 2714 Ι.
2298 2668 2343 2728 1,
2384 2668 2432 2715 9.
2470 2682 2521 2730 p.
2563 2666 2678 2714 178.

663 2751 869 2816 Insigni
906 2753 1114 2800 ratione
1150 2751 1251 2801 hoc
1287 2751 1426 2801 idem
1463 2753 1730 2818 praestitit
1765 2769 1806 2802 s.
1844 2753 2338 2817 Hieronymus3
2391 2751 2457 2802 de
2496 2753 2647 2802 cuius
2684 2753 2959 2802 sententia

456 2838 615 2904 plura
653 2837 881 2887 dicenda
918 2842 1088 2887 erunt.
1148 2839 1435 2888 Enimvero
1475 2840 1568 2904 qui
1603 2839 1758 2889 nobis
1806 2840 2179 2902 adversantur,
2233 2841 2387 2903 quasi
2429 2855 2523 2904 pro
2574 2855 2631 2888 se
2683 2839 2952 2888 stantibus

457 2929 676 2974 utuntur
723 2942 765 2974 s,
803 2925 1116 2990 Hieronymi
1151 2925 1345 2975 verbis.
1405 2925 1756 2990 Producimus
1805 2926 1891 2976 hic
1938 2926 2087 2976 locos
2120 2913 2166 2976 s.
2205 2926 2407 2988 Patris,
2459 2926 2651 2990 quibus
2694 2926 2952 2974 Divinam

458 3013 813 3062 controversis
849 3011 1027 3060 Libris
1065 3013 1438 3062 auctoritatem
1477 3013 1691 3076 tribuit3
1741 3012 1961 3062 inferius
2000 3010 2194 3062 deinde
2232 3012 2600 3062 ostendemus:
2640 3017 2734 3062 aut
2769 3027 2981 3061 secum·

456 3099 572 3163 ipso
623 3113 664 3146 s.
701 3097 1216 3162 Hieronymum,
1267 3098 1410 3163 quod
1454 3100 1617 3161 absit,
1669 3103 1763 3148 aut
1812 3104 1997 3148 contra
2044 3103 2255 3150 nostros
2308 3099 2644 3150 adversarios
2694 3114 2953 3165 pugnare.

457 3185 725 3250 Legamus
773 3186 934 3250 igitur
982 3185 1263 3250 epistolam
1313 3185 1381 3234 ad
1421 3184 1695 3234 Salvinam
1744 3185 1827 3234 ed.
1864 3185 2003 3235 Vall.
2041 3186 2093 3248 I,
2132 3187 2254 3235 504.
2292 3185 2358 3235 de
2400 3185 2525 3235 libri
2559 3185 2843 3249 Judithae;
2896 3191 2953 3234 et

459 3272 609 3336 epist.
649 3271 719 3320 ad
753 3272 1125 3320 Innocentium
1160 3272 1203 3321 Ι.
1229 3288 1280 3320 n.
1307 3273 1355 3320 9.
1396 3289 1446 3336 p.
1478 3273 1557 3321 15.
1583 3287 1624 3320 s.
1666 3271 1732 3321 de
1769 3272 2023 3322 historiae
2060 3274 2219 3322 trium
2255 3289 2539 3338 puerorum
2579 3279 2633 3323 et
2669 3272 2953 3323 Susannae

459 3359 791 3408 auctoritate.
839 3357 1099 3408 Estherae
1136 3358 1438 3408 additiones
1479 3361 1559 3420 14,
1596 3360 1676 3408 16.
1716 3363 1775 3408 ut
1809 3359 2041 3409 Divinae
2077 3365 2356 3410 sumuntur
2394 3360 2622 3425 epistola
2656 3361 2726 3411 ad
2754 3361 2952 3411 Deme-

460 3445 681 3493 triadem
716 3444 788 3493 ib.
828 3447 974 3509 972.3
1013 3445 1250 3495 eiusdem
1289 3448 1369 3507 14,
1399 3448 1479 3495 11.
1520 3445 1721 3495 Comm.
1760 3447 1815 3494 in
1849 3446 2047 3495 Ezech.
2074 3446 2267 3496 XXVI.
2294 3447 2357 3496 V.
2388 3447 2504 3496 869.
2556 3448 2762 3497 Tobiae
2790 3451 2871 3510 12,
2902 3450 2950 3497 7.

459 3533 760 3582 testimonio
811 3534 977 3582 utitur
1026 3537 1084 3581 ut
1119 3533 1334 3595 Divino,
1387 3532 1587 3583 Comm.
1635 3535 1691 3582 in
1736 3533 1973 3582 Ecclstn.
2011 3533 2109 3596 ΙΙΙ,
2148 3535 2267 3584 451.
2327 3534 2571 3584 Danielis
2610 3551 2656 3584 c.
2699 3537 2778 3584 13.
2826 3551 2949 3600 pro·

461 3618 622 3680 ducit,
661 3620 718 3667 in
756 3618 954 3667 Comm.
991 3619 1061 3669 ls.
1101 3622 1149 3681 3,
1179 3622 1224 3668 2.
1262 3620 1355 3683 IV,
1383 3621 1467 3670 48.
1530 3619 1839 3686 Sapientiae
1877 3626 1931 3669 et
1964 3620 2336 3672 Ecclesiastici
2373 3620 2524 3669 libris
2560 3623 2618 3670 in
2656 3623 2798 3671 omni
2836 3622 2950 3672 fere

460 3707 953 3755 commentariorum
989 3707 1188 3771 pagina
1222 3706 1391 3770 lect-or
1429 3711 1663 3757 attentus
1702 3708 1947 3757 occurrit.
2010 3707 2271 3756 Videatur
2308 3706 2434 3773 Sap.
2473 3710 2520 3769 6,
2562 3711 2608 3757 7.
2646 3708 2717 3758 ad
2753 3709 2857 3759 Isa.
2900 3713 2947 3759 1.

459 3808 510 3856 p.
550 3794 631 3840 27.
664 3794 746 3841 28.
787 3791 1023 3841 eiusdem
1061 3792 1130 3841 ad
1165 3792 1290 3842 Mal.
1330 3795 1378 3855 2,
1407 3795 1454 3842 2.
1493 3810 1542 3858 p.
1569 3794 1689 3844 955.
1740 3792 1866 3858 Sap.
1905 3796 1953 3855 3,
1984 3796 2063 3842 12.
2102 3795 2160 3842 in
2197 3793 2337 3844 Osee
2379 3797 2459 3855 10,
2487 3797 2535 3843 3.
2574 3811 2625 3859 p.
2656 3797 2771 3845 102.
2823 3794 2949 3862 Sap.

459 3881 508 3940 4,
547 3879 594 3927 8.
658 3878 816 3927 Zach.
858 3881 938 3940 14,
976 3881 1025 3928 9.
1064 3896 1114 3944 p.
1153 3881 1270 3928 924.
1331 3879 1704 3930 Ecclesiastici
1743 3883 1823 3942 11,
1863 3881 1945 3929 27.
1998 3881 2065 3929 ad
2101 3880 2171 3930 Is.
2212 3882 2293 3942 65,
2326 3883 2405 3930 17.
2436 3883 2515 3931 18.
2554 3899 2606 3946 p.
2636 3883 2751 3932 788.
2790 3885 2873 3944 26,
2902 3886 2951 3933 6.

461 3981 542 4030 ep.
574 3967 688 4015 118.
728 3965 796 4014 ad
830 3965 1032 4014 Julian.
1059 3966 1106 4035 I,
1131 3967 1246 4015 791.
1286 3968 1369 4028 32,
1402 3969 1445 4016 1.
1485 3966 1554 4016 ad
1591 3967 1788 4016 Ezech.
1817 3967 1865 4025 8,
1894 3968 1941 4016 6.
1980 3984 2029 4032 p.
2056 3969 2175 4028 207.
2231 3967 2682 4018 Machabaeorum
2723 3970 2953 4034 denique

459 4052 727 4112 historias,
766 4053 922 4102 sicuti
960 4052 1093 4102 alias
1131 4053 1414 4104 Librorum
1451 4055 1829 4118 inspiratorum
1866 4058 2061 4103 tractat
2095 4055 2152 4102 in
2188 4053 2347 4103 Zach.
2378 4057 2458 4116 10,
2486 4058 2533 4105 3.
2561 4073 2611 4121 p.
2639 4058 2755 4106 872.
2802 4057 2953 4106 Idem

388 4143 394 4149 '
459 4143 683 4203 apparet
721 4154 785 4187 ex
824 4138 1098 4203 operibus,
1139 4144 1399 4204 quotquot
1436 4141 1589 4190 nobis
1627 4144 1915 4204 supersunt
1952 4156 1991 4189 s.
2030 4141 2301 4202 Hilarii,
2342 4142 2529 4192 eodem
2564 4143 2676 4192 fere
2712 4147 2951 4208 tempore

460 4224 718 4274 ecclesiae
766 4226 1120 4276 Pictaviensis
1171 4228 1433 4292 episcopi,
1482 4228 1537 4275 in
1587 4227 1781 4291 quibus
1833 4229 2127 4277 sententias
2178 4244 2244 4277 ex
2292 4229 2377 4280 his
2432 4230 2580 4279 libris
2628 4234 2688 4279 ut
2722 4230 2949 4279 Divinas

458 4312 666 4374 retulit3
719 4317 771 4361 et
822 4310 1032 4377 quidem
1072 4329 1100 4362 e
1137 4312 1272 4363 libro
1311 4313 1515 4363 Tobiae
1553 4315 1687 4379 prol.
1727 4315 1781 4363 in
1822 4315 1910 4364 Ps.
1949 4331 2000 4363 n.
2043 4315 2123 4364 15.
2164 4320 2216 4365 et
2254 4315 2453 4366 Comm.
2490 4317 2545 4364 in
2582 4316 2669 4366 Ps.
2711 4317 2825 4365 129.
2866 4318 2948 4366 ed.

459 4398 580 4447 ben.
619 4415 669 4462 p.
711 4401 791 4447 10.
829 4400 948 4448 494.
1010 4397 1266 4448 Judithae
1304 4401 1358 4448 in
1397 4401 1484 4450 Ps.
1526 4401 1639 4451 125.
1680 4418 1731 4466 p.
1771 4401 1887 4450 459.
1951 4401 2321 4453 Ecclesiastici
2358 4403 2408 4451 in
2449 4403 2535 4451 Ps.
2579 4404 2694 4452 140.
2739 4420 2791 4469 p.
2830 4406 2950 4455 594.

461 4483 765 4549 Sapientiae
804 4487 858 4534 in
892 4486 981 4536 Ps.
1021 4487 1136 4534 127.
1175 4504 1226 4551 p.
1265 4488 1381 4537 480.
1443 4487 1616 4536 Mach.
1656 4488 1704 4548 2,
1747 4489 1792 4536 7.
1832 4489 1879 4536 9.
1917 4487 1951 4537 l.
1992 4505 2035 4537 c.
2077 4488 2255 4539 Const.
2296 4489 2363 4550 II,
2404 4489 2521 4538 565.
2560 4492 2607 4540 6.
