3309 5300
1152 362 1217 405 ne
1241 362 1475 415 memrot.
1502 362 1548 403 8.
1577 363 1621 404 8.
1650 362 1890 406 candia.
2639 352 2766 417 327

262 543 571 614 creditur3
620 540 719 621 qui
753 544 823 601 de
854 542 1169 617 allegorico
1201 561 1374 600 sensu
1422 544 1603 618 magis
1650 563 1826 620 quam
1874 544 1945 601 de
1990 544 2210 603 literali
2258 544 2559 616 sollicitae,
2605 545 2766 619 leges

259 647 413 703 artis
462 647 796 723 explicandi
840 667 957 723 non
1002 645 1182 704 semel
1228 646 1507 721 neglexit.
1556 650 1860 705 Possemus
1906 648 2141 726 quidem
2184 649 2232 706 si
2263 652 2520 725 vacaret,
2564 649 2767 723 plures

262 751 611 808 adhucdum
672 770 1016 809 enumerare
1058 750 1236 807 huius
1282 751 1411 809 aevi
1457 753 1838 827 interpretes;
1901 772 2043 831 quos
2098 753 2264 812 nobis
2319 754 2656 812 erudiendis
2701 754 2763 811 in

266 854 325 909 S.
364 853 425 913 S.
459 856 835 929 providentia
862 855 1081 914 Divina
1125 855 1315 925 dedit3
1363 858 1462 915 sed
1506 856 1604 913 isti
1649 857 1966 915 sufficiant.
2017 857 2132 921 Qui
2163 859 2314 915 serio
2346 857 2403 915 S.
2439 858 2495 915 S.
2531 859 2767 917 studere

262 958 451 1030 volet,
500 958 845 1018 celebriores
891 979 1090 1017 eorum
1137 958 1454 1033 diligenter
1498 960 1789 1036 inspiciet.

894 1282 1260 1358 AEVUM
1322 1283 2138 1361 SGHOLASTIGUM.

373 1530 430 1609 ξ.
483 1530 626 1594 147.
687 1524 1133 1589 Litera'rum
1183 1524 1605 1590 Sacrarum
1653 1526 1968 1591 cultura
2011 1528 2090 1591 in
2132 1527 2663 1593 MonasteriiS.

477 1724 533 1779 A
590 1720 823 1779 saeculo
874 1720 1045 1778 VIII.
1094 1740 1280 1798 usque
1332 1722 1405 1779 ad
1460 1722 1662 1793 XV1.;
1720 1742 1824 1780 seu
1875 1727 2104 1798 tempus
2157 1727 2504 1798 praetensae
2556 1724 2763 1782 Refor-

268 1826 559 1897 mationiS‚
613 1827 685 1884 de
744 1825 1076 1883 conditione
1120 1826 1206 1883 rei
1252 1826 1589 1899 exegeticae
1651 1825 1949 1904 aliquibus
1995 1827 2293 1902 applicare
2336 1828 2566 1903 placuit
2609 1828 2761 1886 illud

267 1933 513 1989 Poetae:
574 1932 814 2001 ,Ponto
861 1949 999 1988 nox
1045 1930 1344 1988 incubat
1388 1935 1556 1988 atra.‘
1602 1930 1714 1988 Sed
1762 1931 1810 1987 si
1852 1951 1945 1989 res
1983 1951 2091 2006 per
2120 1952 2180 1990 se
2211 1932 2396 2007 ipsam
2442 1932 2756 2005 iudicetur,

270 2036 307 2093 i.
341 2056 392 2093 e.
434 2035 483 2092 si
530 2035 671 2093 libri
715 2035 1058 2109 scriptorum
1099 2034 1277 2091 huius
1316 2033 1526 2092 aetatis
1572 2054 1723 2112 quae
1773 2036 2264 2106 ,Scholastica‘
2310 2042 2557 2095 vocatur
2600 2036 2759 2095 evol-

272 2144 489 2198 vantur
535 2144 714 2217 atque
751 2139 877 2197 sine
909 2138 1265 2213 praeiudicio
1310 2139 1603 2213 legantur,
1650 2139 1829 2196 aliam
1873 2139 2167 2218 planeque
2214 2142 2502 2199 diversam
2548 2142 2757 2198 faciem

270 2244 553 2302 scientiae
614 2243 876 2301 Biblicae
936 2243 1374 2318 conspiciemus,
1441 2243 1655 2300 Omnes
1717 2245 1820 2321 qui
1882 2246 1954 2302 de
2018 2244 2275 2302 historiis
2322 2246 2495 2303 Aevi
2541 2246 2760 2303 Medii

270 2352 497 2407 sincere
521 2352 929 2417 narraverunt,
961 2348 1229 2405 fatentur
1252 2348 1324 2404 ad
1350 2347 1647 2405 saeculum
1680 2367 1867 2425 usque
1898 2348 2074 2406 ΧΠΙ.
2110 2349 2263 2407 80108
2294 2350 2419 2407 fere
2450 2352 2761 2408 monachos

270 2453 458 2511 literis
491 2457 553 2511 et
582 2453 807 2510 artibus
839 2452 1095 2509 colendis
1126 2451 1431 2526 ingenium
1464 2454 1523 2508 et
1554 2452 1905 2509 industriam
1931 2453 2280 2511 adhibuisse.
2316 2454 2481 2517 Quae
2503 2454 2758 2525 fortuna,

270 2558 368 2636 qui
401 2561 591 2615 status
620 2557 952 2615 Literarum
984 2557 1295 2615 Sacrarum
1325 2556 1389 2613 in
1418 2556 1792 2614 Monasteriis
1823 2555 2042 2614 fuerit?
2088 2578 2162 2615 ex
2204 2577 2317 2635 quo
2351 2558 2594 2616 Barbari
2625 2558 2760 2615 feli-

268 2663 525 2720 cissimas
556 2662 828 2737 Europae
873 2660 1206 2737 provincias
1238 2661 1347 2719 sibi
1378 2662 1706 2733 subdidere,
1754 2661 2089 2736 cognovisse
2120 2683 2332 2737 operae
2363 2665 2619 2740 pretium
2651 2668 2755 2722 est.

268 2766 411 2824 Cum
459 2786 537 2824 sc.
587 2767 821 2825 saeculo
868 2785 1037 2824 aerae
1081 2760 1345 2840 vulgaris
1392 2766 1643 2842 quinto
1689 2766 1752 2823 in
1798 2767 2068 2840 regiones
2126 2768 2232 2825 has
2288 2769 2449 2826 ferae
2495 2768 2760 2825 nationes

267 2872 583 2942 irruerent,
617 2871 816 2949 eisque
846 2871 1005 2945 leges
1031 2871 1269 2940 darent3
1301 2870 1431 2928 fieri
1463 2890 1583 2927 non
1614 2871 1828 2946 potuit,
1862 2876 1930 2928 ut
1954 2891 1986 2928 0
2011 2872 2375 2930 devictorum
2406 2872 2760 2947 populorum

265 2975 475 3033 animis
522 2976 759 3033 omnino
806 2975 1104 3033 excideret
1148 2974 1205 3031 S.
1239 2975 1575 3034 Literarum
1620 2995 1783 3032 amor
1828 2976 2206 3054 studiumque
2247 2977 2612 3045 eruditioniS,
2660 2981 2752 3034 cui

264 3081 415 3137 tanti
461 3079 576 3139 viri
623 3080 769 3137 culti
814 3099 938 3137 sese
983 3082 1159 3137 antea
1187 3083 1338 3137 totos
1385 3080 1762 3138 devoverant.
1827 3081 1907 3137 Et
1951 3099 2158 3139 revera
2187 3099 2296 3155 per
2329 3081 2483 3138 idem
2529 3085 2758 3156 tempus

261 3185 525 3259 perstitit
570 3185 763 3242 adhuc
792 3184 857 3241 in
886 3183 1062 3242 Italia
1092 3183 1428 3242 scholarum
1459 3204 1616 3255 usus,
1661 3188 1723 3242 et
1762 3185 2104 3259 praesertim
2135 3186 2354 3243 Romae
2385 3185 2758 3242 Summorum

262 3288 618 3347 Pontificum
674 3289 937 3364 impensa
990 3307 1133 3346 cura
1192 3289 1339 3345 fuit:
1401 3289 1741 3359 ,iuniores
1800 3289 2134 3359 lectores,
2196 3290 2531 3367 quomodo
2595 3290 2757 3347 110111
2807 3303 2810 3308 ·

261 3397 503 3468 patres
534 3391 1030 3472 spiritualiter
1060 3393 1498 3464 nutrientes,
1540 3393 1852 3451 Psalmos
1883 3412 2160 3469 parare,
2203 3394 2468 3451 divinis
2512 3394 2755 3451 lectio-

262 3496 471 3554 nibus
502 3497 863 3566 insistere,
896 3496 1063 3574 etin
1097 3497 1251 3571 lege
1282 3497 1562 3555 Domini
1594 3498 1917 3556 erudire.‘
1949 3499 2168 3556 Verum
2192 3499 2464 3556 Barbaris
2489 3498 2755 3556 omnibus

260 3601 476 3659 sensim
508 3602 681 3659 rebus
711 3587 929 3676 potitiS,
960 3603 1019 3657 et
1050 3600 1277 3658 afflicta
1305 3601 1463 3658 inter
1485 3601 1678 3660 varios
1710 3621 1877 3659 casus
1897 3602 2091 3673 Italia,
2126 3603 2378 3661 eruditio
2411 3603 2536 3659 fere
2569 3602 2754 3660 omnis

259 3706 542 3764 exolevit.
608 3704 798 3762 Erant
842 3724 984 3763 sane
1030 3706 1222 3762 adhuc
1266 3705 1477 3763 Clerici
1524 3711 1585 3764 et
1626 3707 1817 3776 Laici,
1870 3707 1932 3764 in
1977 3707 2188 3765 Literis
2235 3707 2291 3765 S.
2342 3727 2460 3764 non
2515 3726 2752 3782 prorsus

259 3811 553 3885 hospites3
601 3810 702 3866 sed
733 3810 781 3865 si
811 3811 1055 3867 Romam
1086 3810 1463 3883 excipiamus,
1495 3811 1597 3867 ubi
1629 3831 1706 3868 ne
1735 3815 1880 3868 tunc
1913 3811 2148 3888 quidem
2177 3812 2476 3869 Canonum
2509 3811 2756 3869 scientia

262 3913 466 3984 desiit3
528 3913 793 3990 reliquae
854 3913 1112 3972 celebres
1173 3915 1348 3972 urbes
1409 3914 1644 3972 nullum
1689 3915 1884 3973 virum
1929 3916 2176 3973 scientia
2220 3915 2437 3989 insigni
2482 3919 2755 3972 ornatum

260 4019 571 4076 dederunt.
604 4019 736 4075 Hac
758 4022 1107 4094 tempestate
1131 4018 1386 4076 feliciter
1416 4020 1653 4077 tandem
1686 4020 1910 4090 accidit,
1945 4024 2012 4077 ut
2041 4018 2340 4078 Carolus
2369 4020 2468 4089 M„
2500 4039 2752 4093 perpen-

261 4123 403 4180 dens
433 4122 786 4197 optimorum
809 4123 1143 4198 principum
1169 4143 1311 4194 esse,
1342 4124 1462 4181 suis
1485 4124 1722 4198 populis
1745 4124 2090 4182 felicitatem
2112 4124 2365 4182 ethicam
2393 4142 2751 4199 comparare:

260 4231 327 4283 ut
371 4227 565 4284 studia
605 4227 661 4284 S.
696 4225 1025 4284 Literarum
1071 4227 1135 4284 in
1181 4227 1378 4301 regnis
1422 4228 1558 4298 suis,
1606 4247 1783 4305 quam
1830 4228 2109 4286 latissime
2154 4228 2282 4286 fieri
2329 4230 2540 4302 posset,
2586 4225 2752 4284 resti-

258 4334 568 4389 tuerentur
599 4331 843 4389 curavit.
894 4331 963 4388 In
1007 4331 1201 4389 Gallia
1239 4333 1602 4406 praesertim,
1645 4352 1796 4410 quae
1828 4333 1988 4407 regio
2018 4333 2136 4390 iam
2169 4331 2306 4390 olim
2351 4352 2492 4408 prae
2539 4331 2747 4389 ceteris

259 4435 488 4510 imperii
522 4434 897 4493 occidentalis
928 4436 1261 4510 regionibus
1291 4439 1575 4494 bonarum
1619 4437 1836 4495 artium
1873 4437 2083 4495 studiis
2115 4435 2418 4507 excelluit,
2450 4434 2640 4492 Caroli
2673 4435 2750 4492 M.

261 4558 437 4615 opera
465 4540 825 4614 potissimum
859 4541 1078 4597 factum
1108 4544 1226 4598 est:
1259 4545 1327 4598 ut
1357 4541 1470 4600 viri
1502 4541 1720 4599 eruditi
1765 4574 1842 4582 —
1885 4561 2026 4619 quos
2069 4540 2310 4598 clericos
2355 4541 2535 4597 fuisse
2580 4558 2749 4597 nemo
