3309 5300
582 382 660 446 18
1263 394 1500 435 comment.
1531 389 1584 433 de
1614 396 1656 432 S.
1680 390 1892 444 Scriptur.
1924 404 2016 443 cap.
2048 390 2173 443 prim.
2204 392 2314 433 sect.
2344 387 2379 432 I.

577 562 686 619 ’Aah
721 566 775 618 δὲ
809 571 894 632 τῆς
931 566 1186 626 Μωϋσέως
1222 565 1446 631 τελευτῆς
1877 566 1922 616 A
1962 566 2153 632 Moysis
2188 573 2354 617 autem
2391 566 2597 616 interitu

578 662 724 733 μέχρι
759 667 845 728 τῆς
883 660 1185 731 Ἀρταξέρξου
1221 664 1306 713 τοῦ
1347 656 1467 731 μετὰ
1501 656 1682 730 Ξέρξην
1876 652 1947 703 ad
1983 653 2247 718 imperium
2282 669 2437 717 usqae
2478 652 2794 715 Artaxerxis,
2838 654 2928 717 qui
2953 658 3073 716 post

575 758 780 828 Περσῶν
817 757 1058 825 βασιλέως
1095 754 1269 827 ἀρχῆς,
1947 740 2173 791 Xerxem

1875 828 2107 891 remoavit
2143 825 2282 891 opud
2319 826 2525 886 Persas,

1867 913 2150 977 prophetae
2186 915 2273 977 qui
2310 912 2478 979 Moysi
2520 930 2794 965 successere

1875 1016 1957 1049 res
1992 1017 2085 1049 sua
2120 1005 2283 1049 aetate
2314 1004 2482 1064 qesta&

1876 1086 2108 1137 tredecim
2144 1085 2290 1135 libris
2324 1086 2572 1150 complexi
2604 1092 2751 1135 sunt.-

1876 1180 2093 1239 quatuor
2110 1190 2227 1223 vero
2246 1170 2433 1236 reliqui
2450 1172 2655 1238 hymnos
2666 1175 2721 1222 in
2736 1172 2838 1224 Dei
2849 1171 3075 1234 tandeim

1876 1266 1922 1313 et
1948 1266 2227 1325 praecepta
2261 1261 2395 1308 vitae
2437 1258 2690 1309 hominum

575 852 623 903 oi
660 849 782 923 μετὰ
814 853 1034 919 Μωϋσῆν
1069 856 1310 923 προφῆται

574 944 636 1001 τὰ
669 948 776 1000 κατ’
814 948 988 1009 αὐτοὺς
1023 948 1299 1019 πραχθέντα

577 1043 880 1113 συνέγραψαν
919 1043 966 1095 ἐν
1003 1043 1134 1113 τρισὶ
1168 1042 1248 1094 καὶ
1285 1042 1400 1093 δέκα
1435 1039 1655 1109 βιβλίοις·

576 1138 625 1189 αἱ
661 1137 714 1190 δὲ
747 1138 916 1191 λοιπαὶ
950 1120 1180 1209 τέσσαρες
1217 1138 1396 1209 ὕμνους
1443 1136 1509 1197 εἰς
1545 1132 1626 1188 τὸν
1664 1132 1769 1187 θεὸν

575 1233 657 1285 καὶ
692 1237 791 1295 τοῖς
830 1232 1099 1304 ἀνθρώποις
1137 1233 1378 1299 ὑποθήκας

574 1332 660 1381 τοῦ
697 1328 804 1397 βίου
839 1329 1161 1401 περιέχουσιν·
1876 1348 2106 1399 exhibent
2142 1345 2428 1397 utilissima.

575 1430 688 1486 Ἀπὸ
724 1433 778 1485 δὲ
815 1432 1117 1504 Ἀρταξέρξου
1881 1434 2145 1485 Caeterum
2180 1434 2243 1484 ab
2280 1431 2491 1497 imperio
2528 1429 2837 1483 Artaxerxis

578 1529 724 1601 μέχρι
759 1532 845 1581 τοῦ
883 1530 986 1581 καθ’
1025 1530 1152 1599 ἡμᾶς
1189 1526 1370 1599 χρόνου
1876 1520 1947 1571 ael
1982 1527 2207 1572 nostram
2242 1535 2399 1584 usque
2436 1518 2724 1569 memoriam

1874 1615 1988 1659 sunt
2025 1608 2225 1673 quidem
2263 1607 2465 1671 singula
2501 1606 2662 1656 literis
2697 1605 2973 1673 nianda1a3

578 1625 843 1696 γέγραπται
881 1624 966 1695 μὲν
1004 1624 1196 1676 ἕκαστα·

1873 1694 1964 1745 sect
2000 1712 2316 1759 nequaquam
2357 1700 2549 1743 tantam
2574 1692 2737 1757 fidem
2775 1699 2820 1743 et
2856 1695 3072 1743 auctori-

523 1757 525 1759 -
573 1719 782 1781 πίστεως
820 1719 872 1771 δὲ
908 1720 1002 1791 οὐχ
1045 1716 1216 1790 ὁμοίας
1944 1788 1963 1831 ι
2000 1788 2016 1830 l

869 1818 894 1831 ..
1015 1811 1028 1831 „
1115 1814 1130 1833 ,
1176 1818 1203 1832 υ
1964 1801 1995 1830 α
2020 1799 2095 1831 em

574 1814 775 1881 ἠξίωται
810 1834 911 1875 “70²5
948 1835 1041 1885 προ
1078 1833 1254 1878 ‘mmm’
1874 1874 2174 1930 meruerunt,
2212 1874 2455 1933 quantam
2489 1868 2773 1931 superiores
2808 1866 2851 1916 ii
2882 1866 3023 1929 lilm‘,

1870 1961 2137 2020 propterea
2174 1954 2307 2020 quod
2343 1955 2509 2004 vitinus
2543 1954 2812 2019 explorata
2832 1954 2944 2017 suit

1820 2024 1826 2108 Ι
1875 2042 2117 2093 successio
2144 2042 2558 2107 prophetarum.“

577 1906 656 1961 διὰ
689 1906 744 1962 τὸ
784 1910 848 1981 μὴ
886 1911 1107 1980 γενέσθαι
1143 1910 1227 1977 τὴν
1263 1913 1363 1962 τῶν
1398 1913 1658 1980 προφητῶν

575 2002 748 2075 ἀκριβῆ
789 2006 1076 2077 διαδοχήν.“

786 2218 921 2266 Hoc
959 2218 1024 2266 in
1062 2234 1367 2280 recensu,
1415 2222 1478 2267 ut
1515 2217 1737 2267 cuilibet
1772 2221 1943 2281 patet,
1983 2233 2107 2266 non
2144 2215 2428 2266 effertur
2464 2217 2849 2280 cuiusquam
2884 2214 3073 2265 Libri

577 2302 612 2352 S
629 2320 704 2353 ac
721 2306 776 2352 ri
820 2306 884 2354 V.
935 2306 995 2353 T.
1053 2322 1132 2354 no
1149 2322 1317 2369 men3
1375 2309 1611 2354 attamen
1666 2321 1732 2353 ex
1788 2304 2025 2354 eiusdem
2078 2302 2305 2369 Josephi
2358 2303 2749 2368 Antiquitatum
2802 2302 3073 2352 volumine

579 2393 709 2441 satis
758 2393 871 2441 erui
907 2396 1099 2457 potest,
1151 2392 1398 2441 Flavium
1435 2393 1633 2457 scripta
1669 2393 1732 2442 V.
1772 2393 1833 2440 T.
1870 2393 1926 2440 in
1974 2391 2227 2440 duobus
2277 2394 2339 2439 et
2385 2391 2625 2456 viginti
2662 2389 2839 2438 Libris
2887 2404 3070 2437 nume-

578 2493 755 2527 rasse:
797 2479 1287 2543 Quinquernionem
1323 2479 1541 2543 Moysis,
1579 2479 1765 2539 Josue,
1803 2478 2023 2527 Jndices
2062 2482 2116 2526 et
2141 2476 2301 2538 Ruth,
2339 2476 2613 2549 volumina
2648 2478 2869 2541 Regum,
2906 2477 3069 2525 Para-

576 2564 907 2629 lipomenon,
958 2565 1212 2627 Esdram,
1269 2566 1614 2628 Nehemiam,
1670 2565 1978 2629 Estheram3
2028 2564 2250 2627 Isaiam,
2309 2564 2596 2613 Jeremiam
2653 2579 2771 2612 cum
2825 2562 3069 2624 Threnis,

575 2652 942 2714 Ezechielem,
980 2653 1260 2703 Danielem
1299 2659 1460 2718 atque
1499 2653 1777 2703 duodecim
1815 2652 2045 2702 minores
2084 2652 2403 2716 Propheta-83
2442 2649 2711 2713 PsalmOS,
2757 2648 3069 2711 Proverbia,

572 2739 942 2788 Ecclesiasten
973 2745 1026 2788 et
1051 2738 1331 2789 Canticum
1360 2738 1720 2790 canticorum.
1770 2741 2002 2789 Tantum
2028 2755 2153 2787 vero
2180 2739 2349 2801 abest,
2384 2742 2444 2786 ut
2468 2737 2602 2786 haec
2627 2737 2815 2786 relatio
2841 2737 3069 2801 Josephi

573 2825 750 2874 Flavii
776 2826 1127 2876 demonstret:
1154 2828 1260 2876 iam
1284 2826 1591 2876 Artaxerxis
1619 2833 1858 2892 tempore
1885 2826 2158 2876 Canonem
2188 2825 2246 2874 V.
2272 2826 2333 2874 Τ.
2361 2826 2604 2874 clausum
2628 2840 2773 2888 esse3
2803 2829 2863 2872 ut
2886 2825 3067 2889 potius

574 2912 654 2961 illi
691 2915 1136 2978 argumentationi
1174 2913 1304 2963 nihil
1355 2915 1501 2963 aliud
1538 2915 1737 2975 subsit,
1787 2915 1889 2962 nisi
1925 2913 2225 2978 vulgaris
2262 2912 2797 2974 Pharisaeorum,
2845 2927 3070 2976 quorum

575 3004 754 3049 sectae
803 3000 1048 3049 adhaesit
1088 3000 1385 3066 Josephus,
1439 3002 1660 3066 opinio
1712 3000 1918 3050 nullis
1963 3001 2341 3050 rationibus
2378 2999 2793 3048 confirmata.
2848 2999 2930 3046 Ex
2975 2998 3071 3046 illa

575 3087 713 3135 enim
759 3087 1014 3151 periocha
1057 3089 1171 3137 iure
1219 3085 1488 3152 colligitur
1525 3104 1572 3137 a.
1613 3088 1758 3154 quod
1800 3103 2051 3137 numerus
2097 3087 2187 3136 ille
2224 3087 2397 3136 XXII.
2442 3087 2727 3136 Librorum
2766 3085 3067 3147 Sacrorum,

574 3189 730 3238 quem
756 3173 917 3238 elegit
938 3175 1225 3239 Josephus,
1258 3180 1318 3223 ut
1342 3191 1461 3224 cum
1486 3191 1748 3224 numero
1780 3174 2122 3224 literarum
2151 3174 2495 3238 alphabeti
2518 3174 2816 3224 hebraici
2856 3174 3067 3238 conspi-

573 3265 733 3323 raret,
771 3276 952 3310 omnes
989 3261 1156 3311 libros
1192 3263 1400 3312 Veteris
1430 3263 1689 3312 Foederis
1726 3262 1977 3312 hebraice
2016 3263 2242 3327 scriptos
2282 3261 2689 3326 complectatur3
2731 3277 2865 3326 quos
2901 3260 3066 3310 veluti

577 3345 878 3397 Canonicos
917 3352 970 3397 et
1003 3349 1232 3398 Divinos
1278 3347 1482 3397 habuit.
1546 3347 1652 3397 Sed
1691 3352 1745 3397 et
1779 3349 1831 3397 b.
1871 3348 2275 3414 qualiscumque
2323 3347 2531 3396 demum
2570 3348 2855 3397 verborum
2891 3347 3067 3396 Flavii

575 3433 893 3499 significatio
921 3439 973 3482 et
998 3437 1288 3485 auctoritas
1327 3435 1667 3496 concedatur,
1696 3434 1921 3485 aliorum
1947 3437 2108 3484 etiam
2146 3436 2197 3484 S.
2224 3435 2506 3485 Librorum
2530 3435 2594 3483 V.
2621 3435 2682 3484 T.
2711 3435 3066 3496 existentiam,

576 3525 788 3584 praeter
812 3520 930 3570 illos
957 3522 1144 3583 XXII.,
1185 3537 1319 3586 quos
1345 3536 1508 3587 supra
1537 3524 1853 3584 numeravit,
1890 3523 2269 3572 demonstrant.
2323 3523 2609 3572 Enimvero
2648 3523 2757 3572 suis
2795 3520 3066 3586 Josephns

573 3611 801 3657 testatur
826 3609 1018 3670 verbis,
1053 3609 1196 3673 quod
1222 3609 1352 3658 alibi
1377 3625 1590 3674 quoque
1615 3608 1805 3671 firmat,
1833 3609 2113 3660 Hebraeos
2139 3611 2207 3660 ab
2233 3609 2455 3674 imperio
2482 3608 2803 3670 Artaxerxis,
2832 3613 2885 3658 et
2906 3607 3064 3670 ultra,

573 3709 672 3744 sua
709 3699 859 3759 gesta
894 3694 1060 3744 literis
1098 3695 1379 3746 tradidisse
1407 3701 1458 3744 et
1486 3698 1785 3761 posteritati
1822 3698 2195 3747 transmisisse.
2235 3695 2463 3760 Adiecit,
2500 3700 2735 3745 attamen
2772 3711 2818 3743 c.
2844 3709 3011 3760 quare
3036 3711 3066 3744 e

574 3796 672 3830 sua
709 3785 884 3830 mente
908 3781 1034 3830 libri
1058 3787 1177 3846 post
1201 3781 1547 3832 Artaxerxem
1583 3785 1768 3847 scripti
1792 3783 1886 3832 tali
1911 3782 2015 3832 fide
2041 3799 2151 3833 non
2174 3783 2461 3848 gaudeant,
2502 3783 2649 3848 quali
2673 3782 2915 3846 gaudent
2938 3786 3065 3831 ante

573 3868 876 3918 Artaxerxis
921 3883 1112 3917 aevum
1149 3871 1382 3919 exarati:
1427 3871 1679 3934 quoniam
1717 3871 1962 3919 nimirum
2009 3875 2364 3930 „accurata
2400 3870 2739 3920 successio
2786 3868 3064 3934 Prophe·

571 3958 808 4004 tarum“
851 3955 1110 4006 desiisset.
1161 3955 1358 4022 Aperte
1396 3956 1460 4005 de
1501 3955 1971 4016 „collectione“
2010 3958 2292 4007 Librorum
2330 3957 2631 4018 Sacrorum,
2670 3957 2783 4005 sive
2823 3954 3064 4017 Canone,

571 4042 721 4090 nulla
744 4043 941 4091 mentio
968 4041 1051 4106 fit3
1079 4042 1408 4092 solummodo
1440 4041 1571 4092 fides
1597 4059 1696 4108 par
1716 4043 1826 4093 illis
1853 4045 2080 4108 scriptiS,
2102 4059 2241 4109 quae
2260 4049 2449 4109 postea
2466 4044 2697 4106 fuerunt,
2726 4043 3065 4108 praeripitur.

573 4127 868 4178 Contextus
906 4129 1011 4178 loci
1049 4131 1211 4179 nostri
1250 4130 1360 4178 fere
1398 4129 1484 4179 hic
1523 4134 1629 4201 est:
1676 4132 1969 4196 antiquitas
2016 4133 2189 4196 gentis
2232 4129 2487 4194 judaicae
2530 4131 2597 4179 ab
2644 4129 2965 4179 adversariis
3006 4130 3066 4176 in

572 4215 791 4265 dubium
837 4217 1156 4278 vocabatur,
1209 4217 1428 4281 eiusque
1477 4219 1689 4282 scriptis
1740 4217 1900 4282 igitur
1944 4234 2051 4267 non
2096 4218 2395 4267 habebatur
2437 4216 2588 4266 fides.
2648 4216 2769 4266 Hoc
2805 4216 3063 4264 immerito

573 4303 771 4352 factum
807 4319 926 4353 esse
963 4303 1206 4368 perhibet
1242 4303 1529 4368 Josephns.
1567 4305 1743 4368 Negat
1790 4319 2007 4355 causam
2046 4304 2260 4366 adesse,
2309 4319 2473 4369 qnare
2517 4302 2598 4351 his
2642 4303 2792 4353 libris
2836 4301 3062 4368 gentiles

573 4387 898 4453 diffiderent3
937 4389 1099 4439 talem
1124 4395 1312 4439 contra
1347 4405 1536 4440 revera
1573 4395 1782 4440 exstare
1820 4391 2064 4453 affirmat,
2106 4391 2248 4456 quod
2285 4392 2472 4440 attinet
2497 4390 2566 4439 ad
2602 4390 2803 4455 scripta
2832 4388 3062 4439 Graeco-

569 4492 709 4537 rum,
758 4491 899 4541 quae
945 4478 1208 4526 neminem
1255 4477 1358 4526 hac
1395 4477 1462 4526 de
1497 4493 1555 4526 re
1599 4479 1878 4527 certiorem
1923 4478 2101 4528 facere
2146 4481 2410 4542 poterant.
2470 4477 2679 4527 Horum
2725 4477 2864 4526 enim
2910 4481 3062 4526 aetas

569 4563 735 4612 serior
772 4567 875 4624 est,
929 4579 1049 4612 cum
1093 4563 1358 4613 Homerus
1395 4564 1583 4629 Moyse
1629 4564 1790 4629 longe
1835 4566 2126 4627 recentior,
2177 4565 2242 4614 iis
2280 4565 2507 4632 scriptor
2550 4565 2619 4614 sit
2656 4565 2888 4614 omnium
2926 4564 3060 4615 anti-
