3309 5300
519 417 606 483 42
1206 435 1442 477 Commeat.
1471 436 1525 477 de
1556 439 1600 478 S.
1622 437 1835 489 scriptur.
1867 448 1960 489 cap.
1990 438 2117 489 prim.
2148 440 2255 481 sect.
2284 438 2321 480 1.

521 615 677 672 istud
723 634 758 671 a
802 614 966 672 nulla
1009 617 1229 692 synodo
1273 618 1475 691 peragi
1505 619 1759 692 potuisse
1791 618 2069 676 inferiore
2109 620 2442 693 generali
2486 620 2811 679 Concilio
2844 620 2882 679 ¹.
2938 623 3019 679 Et

521 738 727 777 revera
776 718 1090 775 concilium
1139 720 1588 779 Oecumenicum
1635 722 2033 779 Nicaenum
2082 726 2367 799 primum3
2417 744 2490 782 ne
2531 725 2764 783 fraudes
2810 728 3017 783 haere-

523 823 773 880 ticorum
803 822 1002 880 fideles
1033 826 1098 880 in
1129 824 1442 883 discrimen
1475 826 1689 883 erroris
1720 828 2103 885 adducerent:
2156 827 2600 903 ,catalogum
2632 830 3019 889 Librorum

522 927 954 985 Divinorum
986 932 1441 987 ·constituit.‘
1503 930 1825 988 Nicaenam
1871 932 2350 990 constitutionem
2392 933 2720 991 Bibliorum
2760 934 3015 993 Canoni-

521 1050 724 1089 corum
764 1034 1112 1105 gravissima
1152 1034 1496 1109 praeferunt
1523 1040 1890 1108 argumenta.
1941 1036 2094 1093 Nam
2134 1042 2203 1093 ut
2239 1041 2293 1093 1.
2334 1056 2369 1093 a
2410 1036 2469 1094 8.
2494 1038 2822 1095 Athanasio
2864 1038 3017 1097 inci-

522 1136 751 1212 piamus
767 1181 780 1208 ,
845 1136 948 1193 ille
975 1133 1016 1205 2,
1074 1138 1188 1195 duo
1241 1139 1312 1195 ad
1369 1159 1493 1196 rem
1525 1144 1804 1227 ¹nostram
1864 1140 2157 1199 affirmat:
2219 1140 2545 1216 Epistolam
2609 1141 2664 1199 8.
2708 1142 2882 1200 Pauli
2944 1145 3019 1201 ad

523 1241 820 1299 Hebraeos
866 1260 986 1299 esse
1025 1241 1410 1313 Canonicam3
1470 1243 1694 1302 librum
1740 1250 1936 1302 autem
1980 1246 2238 1302 Pastoris
2284 1265 2402 1303 non
2456 1264 2575 1302 esse
2628 1258 2729 1303 ex‘
2757 1245 3013 1305 Canone.

524 1345 671 1403 Cum
714 1346 953 1423 utrique
992 1347 1235 1405 veritati
1277 1349 1491 1404 Ariani
1537 1348 1829 1405 mordicus
1874 1350 2229 1420 resisterent,
2277 1354 2337 1407 et
2376 1350 2635 1407 Pastoris
2680 1351 3021 1409 testimonia

521 1455 592 1507 ut
635 1450 915 1508 canonica
963 1450 1288 1523 allegarent
1313 1448 1354 1521 3,
1412 1456 1586 1529 atque
1633 1451 1939 1528 epistolam
1980 1453 2053 1509 ad
2084 1452 2382 1511 Hebraeos
2434 1472 2569 1511 cum
2608 1453 2830 1511 Canoni
2883 1459 3019 1513 tum

522 1555 578 1611 d.
613 1554 798 1611 Paulo
839 1555 1208 1630 abriperent3
1251 1557 1509 1631 profecto
1552 1558 1918 1615 contrarium
1950 1548 2067 1614 non
2100 1561 2265 1615 tanta
2304 1558 2362 1615 S.
2397 1558 2759 1615 Athanasius
2790 1578 3018 1618 asseve-

524 1659 752 1716 ratione
783 1662 1081 1734 posuisset,
1125 1660 1241 1717 nisi
1284 1661 1608 1719 certissima
1647 1664 1828 1719 nixus
1868 1664 2234 1721 auctoritate.
2283 1661 2462 1719 Cuius
2491 1682 2631 1720 vero
2659 1652 2805 1719 haec
2834 1655 3023 1720 fuerit

523 1762 641 1820 late
679 1783 1063 1841 expresseque
1109 1764 1524 1823 enunciavit4:
1582 1768 1748 1837 ,vim
1794 1766 2069 1823 decreti
2116 1767 2449 1824 Patrum.‘
2518 1767 2611 1823 Ad
2658 1767 2903 1823 eandem
2950 1767 3023 1823 de

525 1866 584 1924 S.
612 1867 668 1923 S.
703 1868 1200 1926 examinationem
1231 1874 1291 1927 et
1319 1869 1475 1926 idem
1505 1870 1805 1927 decretum
1836 1870 2082 1927 Patrum
2112 1872 2373 1946 respexit
2406 1876 2462 1927 2.
2496 1870 2555 1928 8.
2587 1872 2959 1944 Augustinus
2976 1868 3017 1942 5,

523 1973 586 2028 111
639 1972 798 2028 hunc
849 1974 1087 2030 modum
1127 1973 1418 2031 scribens:
1475 1974 1688 2045 ‚multa
1714 2017 1726 2030 .
1758 2018 1769 2031 .
1800 2018 1814 2031 .
1843 2017 1856 2030 .
1912 1975 2021 2031 sub
2073 1950 2411 2032 nominibus
2457 1966 2879 2049 Apostolorum
2933 1976 3011 2031 ab

525 2076 836 2133 haereticis
880 2078 1279 2151 proferunt-ur,
1324 2097 1472 2155 quae
1519 2080 1717 2136 omnia
1760 2080 1999 2136 nomine
2043 2080 2515 2155 apocryphorum
2562 2081 2635 2138 ab
2666 2078 3018 2136 auctoritate

526 2179 818 2237 Canonica
861 2180 1135 2253 diligenti
1181 2183 1617 2239 examinatione
1660 2187 1885 2240 remota
1928 2185 2107 2239 sunt.‘
2166 2182 2487 2245 Quaeritur
2532 2184 2633 2241 ubi
2680 2188 2741 2239 et
2784 2183 3019 2260 quando

523 2285 770 2341 remotio
810 2283 934 2355 illa,
983 2285 1259 2343 instituto
1301 2287 1590 2358 examine,
1640 2286 1991 2345 auctoritate
2021 2287 2301 2344 canonica
2329 2292 2565 2362 peracta
2592 2285 2815 2343 fuerit?
2859 2286 3018 2343 Nam

523 2387 692 2445 illam
724 2389 797 2445 ad
827 2389 1126 2446 decretum
1157 2389 1390 2467 aliquod
1420 2391 1667 2449 Patrum
1699 2370 2065 2447 referendam
2094 2410 2231 2461 esse,
2278 2390 2431 2448 clare
2459 2391 2625 2448 docet
2654 2390 2712 2448 8.
2746 2392 3022 2448 Athana-

523 2493 644 2548 sius
671 2490 712 2547 6.
773 2493 1006 2568 Optime
1049 2494 1265 2552 idcirco
1303 2495 1455 2571 quod
1497 2497 1553 2554 d.
1591 2496 1959 2569 Augustinus
1999 2496 2349 2553 auctoritate
2395 2494 2751 2553 Canonica
2796 2495 3023 2553 factum

523 2595 700 2654 fuisse
719 2598 880 2669 dicit,
906 2598 1059 2656 illud
1076 2600 1149 2656 ad
1174 2605 1438 2675 tempora
1459 2620 1504 2659 S.
1525 2600 1844 2658 Athanasii
1858 2600 2129 2658 refertur.
2156 2600 2320 2658 Haec
2338 2600 2539 2658 omnia
2560 2604 2617 2659 3.
2640 2599 3024 2658 illustrantur

525 2706 585 2757 et
613 2701 1038 2760 confirmantur
1069 2704 1420 2762 testimoniis
1450 2705 1849 2778 gravissimis:
1892 2704 2180 2776 Rufini,
2214 2705 2271 2761 d.
2306 2704 2739 2781 Hieronymi
2770 2707 2827 2760 et
2858 2703 3022 2760 Gas-

523 2805 830 2862 siodorii
855 2803 896 2864 ⁷.
958 2807 1053 2863 Ad
1094 2808 1248 2864 hanc
1286 2808 1486 2886 itaque
1525 2811 1860 2884 opinionem
1890 2810 2403 2866 demonstrandam
2442 2827 2517 2864 ex
2555 2812 2724 2864 tanta
2752 2806 3021 2884 antiqui-

734 3065 769 3129 1)
807 3064 937 3129 Ipsa
971 3079 1106 3114 sana
1142 3067 1274 3114 ratio
1312 3075 1408 3130 pro
1447 3067 1645 3130 optimo
1684 3065 1839 3115 huius
1877 3065 2174 3114 sententiae
2212 3065 2513 3114 testimonio
2560 3069 2664 3125 est,
2714 3062 2808 3112 sed
2846 3063 3012 3112 etiam

527 3151 656 3200 certi
694 3156 747 3200 et
780 3150 1078 3215 locupletes
1115 3157 1280 3202 testes
1319 3153 1678 3217 reperiuntur,
1730 3153 1819 3216 qui
1870 3153 2002 3200 satis
2052 3166 2316 3216 superque
2368 3166 2477 3200 rem
2516 3155 2776 3200 asserunt.
2852 3149 2894 3215 2>
2932 3151 3020 3200 De

527 3237 754 3288 decretis
789 3239 1062 3288 Nicaenae
1101 3238 1317 3302 Synodi,
1356 3255 1406 3288 n.
1441 3242 1522 3289 18.
1563 3239 1664 3303 Op.
1700 3238 1781 3287 ed.
1808 3239 1979 3288 Maur.
2015 3238 2058 3298 Ι,
2087 3239 2204 3286 223.
2268 3235 2307 3302 3)
2348 3235 2430 3286 Cf.
2458 3235 2510 3286 S.
2536 3237 2831 3300 Athanasii,
2872 3236 3018 3302 apud

526 3324 933 3388 Theodoretum,
972 3325 1118 3374 Eccl.
1147 3326 1285 3374 Hist.
1311 3324 1354 3388 I,
1383 3328 1429 3375 7.
1466 3325 1564 3388 III,
1595 3327 1741 3389 761.;
1780 3329 1834 3374 et
1870 3324 2209 3386 Theodoreti,
2248 3337 2357 3388 arg.
2391 3338 2473 3388 ep.
2512 3323 2581 3372 ad
2606 3323 2773 3372 Hebr.
2797 3323 2870 3373 ib.
2900 3325 3019 3373 541.

525 3413 844 3462 testimonia.
918 3413 960 3476 ⁴)
1007 3412 1073 3460 In
1121 3412 1300 3461 festali
1349 3413 1576 3478 epistola
1623 3413 1657 3461 l.
1704 3427 1749 3461 c.
1799 3428 1849 3476 p.
1901 3412 2017 3460 936.
2094 3410 2135 3474 ⁵)
2184 3411 2269 3458 De
2320 3409 2551 3460 Civitate
2599 3411 2718 3458 Dei.
2766 3411 2884 3471 XV,
2934 3412 3021 3459 23.

527 3499 595 3560 II,
625 3501 741 3548 100.
806 3496 845 3564 6)
883 3500 944 3547 L.
972 3515 1014 3548 s.
1043 3515 1085 3548 c.
1150 3499 1188 3564 ⁷)
1227 3500 1274 3547 Ε
1315 3499 1509 3563 quibus
1544 3498 1841 3547 Rufinus
1881 3499 1970 3559 ait,
2010 3498 2234 3563 exposit.
2272 3499 2329 3545 in
2364 3498 2534 3560 symb.
2564 3496 2750 3560 Apost.
2782 3512 2833 3546 n.
2862 3499 2947 3545 36.
2978 3513 3021 3546 s.

527 3601 584 3634 se
626 3587 783 3646 „novi
831 3601 895 3634 ac
931 3587 1125 3634 veteris
1169 3586 1507 3634 instrumenti
1551 3584 1827 3634 volumina
1876 3584 1943 3632 ad
1991 3584 2393 3634 instructionem
2446 3599 2654 3645 eorum,
2703 3584 2793 3649 qui
2842 3583 3020 3648 prima

525 3672 651 3722 fidei
701 3672 963 3722 elementa
1011 3674 1333 3737 suscipiunt,
1384 3673 1523 3723 sicut
1572 3689 1636 3722 ex
1679 3674 1897 3721 Patrum
1940 3673 2277 3721 monimentis
2328 3673 2627 3736 accepimus
2678 3671 3013 3735 designare.“

525 3760 628 3809 Ed.
667 3759 824 3825 Cypr.
862 3759 1047 3810 Baluz.
1087 3776 1208 3825 app.
1247 3777 1296 3826 p.
1325 3762 1441 3809 206.
1503 3760 1887 3809 Testimonium
1925 3757 1977 3808 8.
2010 3759 2420 3822 Hieronymi,
2456 3757 2623 3822 praef.
2660 3760 2717 3807 in
2753 3757 2785 3807 Ι.
2822 3758 3019 3808 Judith

527 3848 633 3896 iam
670 3861 832 3912 supra
857 3847 923 3896 de
961 3847 1180 3897 Canone
1205 3849 1268 3897 V.
1295 3848 1357 3897 Τ.
1381 3864 1434 3912 p.
1463 3847 1545 3896 28.
1585 3846 1919 3911 disputantes
1956 3846 2247 3910 posuimus,
2297 3845 2553 3895 Addimus
2590 3845 2746 3895 modo
2780 3844 2835 3894 id
2875 3846 3023 3910 quod

528 3933 594 3983 de
629 3933 812 3983 Judith
851 3939 958 3983 tam
1007 3939 1378 3984 asseveranter
1424 3935 1501 3984 ait
1546 3932 1598 3983 8.
1635 3934 1865 3995 Doctor,
1914 3937 2054 3982 certe
2094 3948 2215 3981 eum
2250 3933 2306 3981 in
2341 3931 2446 3980 illis
2484 3933 2756 3991 Nicaenae
2794 3930 3020 3997 synodi,

528 4021 614 4070 cui
662 4023 707 4070 si
754 4037 861 4070 non
907 4021 1147 4086 aequalis
1197 4022 1410 4070 omnino
1461 4022 1731 4086 proximus
1782 4024 1957 4072 aetate
2009 4025 2145 4082 erat,
2195 4020 2325 4069 actis
2374 4019 2587 4084 legisse.
2658 4021 2743 4068 De
2794 4034 2899 4084 quo
2952 4035 3023 4068 ne

527 4109 784 4172 ancipites
821 4107 1134 4156 haereamus
1174 4106 1414 4156 efficiunt
1449 4109 1711 4170 rationes,
1763 4121 1895 4171 quas
1935 4123 1999 4155 ex
2034 4106 2141 4155 illis
2192 4105 2479 4171 depromit3
2529 4106 2623 4154 ubi
2665 4105 2865 4156 refutat
2902 4105 3023 4154 Ori-

526 4211 732 4260 genem,
769 4195 806 4244 J
808 4209 1036 4244 oannem
1059 4195 1208 4244 Hier.
1240 4201 1293 4243 et
1313 4195 1705 4244 Luciferianos.
1754 4194 1907 4242 Haec
1932 4208 2071 4258 quae
2097 4192 2357 4244 hactenus
2394 4192 2617 4242 laudata
2640 4196 2765 4242 sunt
2790 4192 2857 4242 de
2884 4189 2939 4242 S.
2968 4191 3021 4242 8.

526 4282 741 4330 Patrum
790 4280 1002 4330 decreto
1053 4282 1194 4329 circa
1243 4280 1516 4330 Canonem
1564 4281 1626 4329 V.
1665 4281 1745 4342 F„
1795 4280 2013 4329 roborat
2046 4279 2117 4328 M.
2156 4278 2469 4328 Aurelius
2522 4277 3019 4340 CassiodoriuS,

527 4369 751 4432 scriptor
787 4367 980 4416 nobilis
1017 4371 1072 4415 et
1117 4368 1356 4432 integrae
1394 4366 1531 4428 fidei,
1573 4371 1625 4416 et
1663 4366 1754 4432 q‘ui
1780 4367 1964 4431 quinto
1998 4366 2175 4414 floruit
2212 4365 2444 4416 saecu10.
2492 4365 2592 4414 Ille
2620 4364 2833 4429 quidem
2860 4365 3021 4414 claris

525 4454 704 4503 verbis
751 4458 1002 4504 testaturz
1051 4467 1085 4502 a
1129 4455 1422 4503 Nicaeno
1466 4454 1633 4518 primo
1680 4454 1913 4502 omnium
1961 4452 2409 4501 Oecumenico
2455 4450 2695 4500 Concilio
2749 4451 3021 4511 „Libros

525 4541 802 4589 Divinos
853 4541 1384 4605 competentibus
1435 4534 1869 4590 sacramentis
1918 4543 2181 4604 aptatos
2230 4542 2424 4588 esse.“
2500 4538 2583 4587 De
2628 4538 2757 4608 Inst.
2798 4538 2905 4588 div.
2944 4537 3021 4587 lit.

527 4643 570 4678 o.
612 4629 690 4676 14.
729 4626 798 4691 11,
839 4628 956 4691 51⁷·

3294 2095 3309 3107 “---·-ι-ι---ῌΙΨ-ιο-
