3309 5300
512 408 641 473 240
1226 422 1463 465 Comment.
1493 423 1547 464 de
1574 424 1617 465 S.
1638 423 1798 475 script.
1827 434 1920 474 cap.
1949 433 2037 465 sec.
2065 425 2195 466 tract.
2225 424 2281 466 11.

513 621 603 657 res
651 601 717 657 in
762 601 1053 678 liquidum
1106 603 1313 660 deduci
1358 604 1600 678 poterit,
1661 606 1842 663 donec
1886 607 2232 663 vetustiores
2275 606 2542 680 producti
2587 604 2815 662 fuerint
2860 604 3014 661 libri

514 704 899 779 manuscripti
928 703 941 741 ¹
972 707 1044 762 ad
1076 706 1231 780 leges
1263 707 1499 765 criticas
1528 710 1602 765 ab
1634 709 1882 767 eruditis
1913 709 2229 784 diligenter
2257 708 2600 767 examinati.

726 860 763 923 ¹)
802 860 901 908 His
942 860 1005 909 de
1044 860 1219 910 causis
1256 860 1506 924 indolem,
1544 861 1674 924 fata,
1730 862 1899 925 doteS,
1946 878 2207 926 usumque
2244 863 2520 912 Versionis
2558 861 2840 927 Cyrillicae
2878 877 3017 911 eno-

514 946 641 996 dare
678 961 787 996 non
823 946 1080 996 valemus.
1141 947 1229 996 Fr.
1266 944 1463 1010 Raeki,
1503 953 1564 997 tr.
1602 948 1905 1012 Knjiievan
1942 946 2059 998 Reid
2095 966 2171 999 sv.
2212 948 2380 998 Cir-ila
2413 950 2432 997 i
2467 948 2750 1010 Methoda,
2787 950 2844 997 in
2883 946 3017 997 coll.

514 1032 801 1082 Tisudnica
830 1032 972 1083 Slov.
998 1034 1179 1099 Apost.
1208 1050 1283 1083 εν.
1314 1034 1373 1084 C.
1398 1036 1433 1084 i.
1459 1035 1529 1084 M.
1558 1036 1712 1100 Zagr.
1744 1038 1892 1086 1863.
1919 1053 1969 1101 p.
1997 1039 2042 1085 3.
2071 1052 2112 1086 s.
2153 1036 2366 1101 quidem
2394 1035 2754 1085 demonstrare
2787 1036 3017 1084 nititur:

516 1119 564 1169 d.
593 1119 845 1183 Cyrillum
886 1122 1108 1169 vertisse
1134 1120 1452 1170 Psalterium
1490 1136 1691 1186 easque
1728 1123 2025 1187 pericopae,
2065 1137 2199 1185 quas
2237 1122 2345 1170 suis
2371 1122 2567 1186 linguis
2603 1118 3016 1190 λειτουργοῦντας

516 1223 650 1272 opus
696 1206 955 1269 habebat,
1004 1208 1128 1256 item
1165 1208 1653 1273 Evangelistarium
1707 1214 1760 1257 et
1795 1209 2255 1273 Praxapostolum.
2315 1209 2556 1258 Fratrem
2600 1224 2725 1258 vero
2762 1209 3016 1274 AEppm.

514 1294 843 1343 Methodium
880 1294 1282 1344 translationem
1320 1294 1842 1360 palaeoslovenicam
1881 1310 2002 1343 cum
2039 1294 2316 1358 discipulis
2353 1296 2669 1359 perfecisse3
2705 1297 2782 1345 ita
2805 1300 2866 1344 ut
2890 1300 3018 1344 tota

515 1381 695 1429 Biblia
720 1380 772 1429 S.
801 1381 1035 1445 exceptis
1072 1380 1133 1429 L.
1161 1382 1225 1431 L.
1251 1382 1471 1444 Tobiae,
1511 1382 1718 1443 Judith,
1755 1382 1966 1439 Esther,
2007 1382 2317 1446 Sapientiae
2357 1388 2515 1447 atque
2552 1382 3015 1433 Machabaeorum

516 1483 775 1517 conversa
822 1470 904 1516 sit.
968 1467 1149 1516 Codex
1197 1469 1595 1534 antiquissimus
1644 1466 1850 1518 Raekio
1903 1474 2006 1519 est:
2058 1469 2714 1534 Evangelistarium
2762 1469 3016 1519 literis

517 1555 932 1620 glagoliticis
971 1560 1303 1603 exaratum
1340 1570 1387 1604 a.
1427 1558 1752 1605 916--1050.
1779 1554 1838 1622 [ἲ]
1897 1556 1948 1605 ,1.
1975 1554 2027 1605 S.
2054 1555 2348 1605 Assemano
2387 1557 2493 1605 iam
2529 1557 2815 1621 cognitum,
2857 1554 3016 1620 quod

516 1643 657 1691 idem
692 1642 782 1691 ille
819 1641 986 1690 edidit
1022 1646 1126 1711 s.·t.
1164 1641 1493 1692 Assemanov
1530 1641 1588 1690 ili
1626 1642 1946 1691 Vatikanski
1982 1642 2361 1707 Evangelistar
2397 1644 2592 1691 iznese.
2614 1658 2684 1707 ga
2719 1658 2788 1691 na
2813 1641 3014 1705 svjetlo

518 1728 609 1777 Dr.
634 1728 723 1777 Fr.
750 1728 937 1777 Rae-ki.
964 1729 1191 1792 Zagrab.
1223 1730 1370 1778 1865.
1410 1730 1594 1778 Totius
1621 1734 1798 1777 autem
1827 1727 1878 1777 S.
1900 1727 1951 1777 S.
1982 1727 2164 1778 Codex
2189 1730 2500 1777 veterrimus
2527 1743 2575 1778 a.
2600 1730 2749 1777 1499.
2775 1733 3014 1777 aetatem

519 1829 625 1862 non
652 1815 874 1863 excedit.
924 1815 986 1862 In
1015 1831 1119 1878 quo
1146 1820 1281 1864 teste
1307 1816 1491 1864 eodem
1518 1816 1579 1863 R..
1606 1815 1872 1864 habentur
1898 1830 2080 1864 omnes
2105 1814 2168 1863 L.
2196 1816 2258 1863 L.
2287 1815 2351 1863 U.
2377 1813 2465 1876 F.,'
2492 1816 2669 1879 prouti
2695 1816 2750 1863 in
2772 1815 3018 1879 Vulgata

520 1901 871 1949 continentur.
934 1900 1085 1965 Opus
1124 1918 1240 1951 esse
1278 1901 1403 1949 dicit
1440 1903 1703 1950 variorum
1731 1906 2047 1963 auctorum,
2093 1902 2183 1965 qui
2219 1906 2458 1966 tempore
2496 1903 2714 1949 nimium
2752 1908 3017 1965 quantum

519 1987 805 2036 distabant.
842 1987 1090 2052 Denique
1113 1988 1351 2052 Cyrillici
1373 1987 1581 2037 Codicis
1606 1990 1932 2037 mentionem
1961 1992 2014 2036 et
2037 1988 2277 2037 notitiam
2303 2004 2354 2035 u.
2379 1987 2428 2036 d.
2449 2002 2612 2052 saepe
2635 1988 2776 2037 aliud
2797 1988 3015 2053 agendo

519 2074 863 2139 suppeditant
899 2068 1187 2139 scriptores
1222 2090 1395 2123 rerum
1432 2075 1501 2123 ab
1537 2074 1861 2139 Apostolicis
1893 2074 2120 2123 Slavicis
2157 2079 2454 2138 gestarum:
2495 2075 2562 2123 D.
2589 2074 3015 2139 Papebrochius,

519 2178 705 2211 comm.
730 2176 912 2230 praev.
942 2161 1007 2209 de
1034 2178 1075 2211 s.
1103 2160 1203 2226 Ap.
1230 2160 1509 2210 Slavorum
1534 2161 1568 2209 l.
1596 2176 1640 2209 c.
1667 2178 1719 2226 p.
1750 2163 1830 2210 16.
1881 2159 2046 2223 Idem,
2076 2160 2144 2209 ad
2171 2160 2537 2225 ephemerides
2565 2159 3016 2211 Graeco-moscas

517 2250 573 2297 in
600 2247 716 2297 Act.
744 2247 795 2297 S.
818 2248 947 2297 Maii
972 2247 1015 2309 Ι,
1038 2248 1179 2297 XVI.
1201 2264 1243 2297 s.
1291 2248 1342 2297 J.
1372 2246 1433 2296 G.
1461 2247 1869 2308 Stredowskius‚
1897 2246 1950 2296 S.
1976 2246 2248 2296 Moraviae
2275 2247 2516 2296 Historia
2541 2264 2582 2296 s.
2609 2248 2721 2296 vita
2747 2246 2798 2295 S.
2821 2246 3016 2311 Cyrilli

518 2341 573 2385 et
609 2334 884 2383 Methudii.
925 2332 1118 2383 Solisb.
1160 2335 1309 2383 1710.
1347 2350 1397 2399 p.
1436 2336 1551 2383 229.
1612 2334 1664 2383 J.
1691 2334 1750 2382 P.
1778 2332 1933 2395 Kohl,
1972 2334 2100 2382 Intr.
2138 2334 2194 2381 in
2230 2334 2431 2383 Histor.
2471 2338 2524 2383 et
2560 2350 2670 2383 rem
2706 2318 2781 2384 lit.
2823 2334 3014 2385 Slavo-

520 2439 634 2471 rum
685 2422 941 2486 imprimis
991 2436 1199 2469 sacram
1246 2420 1490 2470 AltonaV.
1545 2422 1694 2469 1729.
1745 2436 1796 2485 p.
1837 2422 1954 2469 106.
1993 2436 2034 2469 s.
2094 2420 2146 2469 J.
2186 2419 2238 2468 S.
2277 2420 2630 2483 Assemanus,
2680 2421 3020 2469 Kalendaria

518 2509 801 2558 Ecclesiae
838 2509 1138 2557 universae.
1164 2508 1314 2556 Rom.
1347 2510 1495 2557 1755.
1521 2508 1619 2569 ΙΙΙ,
1651 2509 1765 2556 119.
1793 2512 1898 2563 e.,t.
1923 2507 2015 2569 IV,
2047 2509 2161 2557 142.
2201 2522 2242 2556 s.
2270 2508 2379 2556 385.
2421 2523 2463 2556 s.
2511 2508 2627 2558 Jos.
2652 2508 3017 2572 Dobrowsky‚

520 2596 686 2661 Cyrill
722 2595 831 2645 und
869 2595 1090 2644 Method
1128 2594 1220 2643 der
1258 2593 1453 2644 Slaven
1489 2594 1726 2660 Apostel.
1764 2596 1922 2661 Prag.
1965 2596 2113 2643 1823.
2151 2611 2202 2661 p.
2241 2596 2325 2643 54.
2364 2609 2405 2643 s.
2467 2594 2730 2659 Philan-et,
2780 2594 3018 2660 Cyrillus

518 2701 573 2733 u.
610 2684 827 2732 Method
880 2684 965 2732 die
1001 2683 1101 2748 Ap.
1149 2682 1198 2731 d.
1239 2682 1311 2731 Sl.
1358 2683 1545 2732 Mitau.
1586 2684 1740 2733 1847.
1800 2682 1851 2731 J.
1896 2682 1957 2732 Α.
1998 2681 2209 2744 Ginzel,
2259 2682 2452 2732 Gesch.
2492 2683 2542 2732 d.
2581 2681 3017 2748 Slavenapostel.

522 2772 680 2819 wien
720 2772 868 2820 1861.
907 2787 959 2834 p.
997 2773 1080 2818 37.
1142 2753 1316 2831 stule,
1354 2769 1497 2819 ffivot
1532 2786 1608 2819 εν.
1650 2769 1852 2832 cyrilla
1889 2784 1923 2818 a
1958 2768 2245 2818 Methodia.
2290 2770 2453 2818 Brun.
2497 2771 2644 2819 1857.
2705 2770 2766 2818 B.
2805 2769 3016 2832 Dadik,

520 2857 773 2906 Mahrens
811 2856 935 2922 allg.
976 2856 1311 2906 Geschichte.
1348 2856 1547 2905 Briinn.
1589 2857 1742 2905 1860.
1778 2857 1977 2918 Ι,·151.
2005 2872 2046 2904 s.
2094 2856 2146 2905 J.
2183 2856 2483 2917 Martinow,
2525 2855 2576 2905 S.
2608 2856 2660 2905 J.
2697 2857 2834 2905 Ann.
2860 2857 3018 2906 Eccl.

524 2943 901 2994 Graeco-slav,
940 2945 1100 2993 Brux.
1143 2945 1293 2993 1863.
1332 2943 1401 2991 ad
1438 2943 1486 2991 d.
1528 2945 1609 2990 11.
1646 2941 1775 2990 Maii
1813 2959 1863 3007 p.
1905 2944 2019 2991 126.
2058 2959 2098 2992 s.
2152 2943 2251 2990 His
2297 2943 2570 3006 iungendi,
2608 2944 2698 3008 qui
2737 2943 3016 3006 symbolas

524 3033 734 3081 criticas
782 3033 838 3079 in
874 3031 1185 3080 Ver-sionem
1236 3029 1757 3094 palaeoslovenicam
1805 3029 2166 3078 contulerunt:
2215 3030 2267 3078 J.
2305 3029 2368 3079 Τ.
2407 3029 2622 3091 Elsner‚
2673 3030 2824 3078 Vers.
2865 3031 3022 3078 einer

522 3119 697 3168 bohm.
734 3117 1211 3182 Bibelgeschichte.
1248 3116 1371 3165 Hal.
1401 3118 1551 3165 1765.
1588 3117 1651 3165 F.
1684 3115 1905 3177 Dur-ich,
1944 3115 2010 3164 de
2047 3116 2503 3166 slavo-bohemica
2541 3133 2581 3166 s,
2623 3115 2836 3166 Codicis
2874 3118 3011 3166 Ver-

522 3208 687 3255 sione.
716 3206 872 3269 Prag.
902 3206 1051 3253 1777.
1099 3205 1150 3254 ,1.
1176 3205 1242 3252 D.
1268 3203 1563 3265 Michaelis,
1590 3202 1734 3252 Einl.
1760 3205 1816 3251 in
1843 3202 1890 3251 d.
1917 3219 1967 3268 g.
1995 3201 2048 3252 S.
2075 3203 2124 3252 d.
2151 3203 2215 3252 N.
2240 3202 2303 3252 B.
2329 3203 2372 3266 Ι,
2399 3204 2518 3253 488.
2567 3204 2620 3253 J.
2647 3204 3016 3269 Dobrowsky,

522 3294 577 3340 in
622 3291 900 3341 Michaelis
947 3307 998 3340 n.
1037 3307 1085 3340 ο.
1132 3290 1268 3340 Bibl.
1307 3291 1423 3342 VII.
1474 3292 1592 3340 155.
1640 3307 1682 3340 s.
1747 3290 1920 3351 Idem,
1973 3289 2264 3354 Catalogus
2316 3289 2446 3339 Cod.
2497 3289 2898 3339 slavonicorum
2947 3291 3020 3340 ad

524 3379 647 3428 Hal.
676 3394 722 3427 a.
755 3380 904 3428 1796.
934 3378 1014 3426 ed.
1044 3377 1337 3426 Griesbach
1362 3377 1426 3426 N.
1454 3378 1516 3426 Τ.
1553 3378 1595 3439 Ι,
1625 3380 1740 3426 127.
1768 3391 1808 3424 s.
1837 3377 1904 3438 II,
1933 3379 2014 3424 32.
2066 3375 2357 3425 Slovanka.
2384 3377 2540 3441 Prag.
2572 3379 2718 3427 1814.
2745 3394 2798 3442 p.
2827 3379 2944 3427 137.
2971 3394 3016 3426 s.

524 3467 592 3515 II.
636 3465 785 3514 1815.
825 3483 875 3530 p.
914 3466 1028 3514 138.
1056 3480 1097 3512 ε.
1139 3466 1252 3513 152.
1279 3481 1321 3514 s.
1362 3466 1477 3512 160.
1504 3480 1545 3514 s.
1595 3464 1646 3513 J.
1683 3465 1747 3512 L.
1785 3464 1928 3527 Hug,
1966 3461 2106 3512 Einl.
2145 3463 2186 3524 Ι,
2216 3465 2332 3512 520.
2361 3478 2401 3513 a.
2441 3464 2562 3514 coll.
2601 3465 2714 3513 obs.
2751 3465 3018 3514 Dobrow-

526 3554 744 3618 skyanis
781 3554 840 3604 in
873 3551 1093 3600 miscell.
1132 3550 1407 3600 Slovanka
1443 3551 1514 3612 II,
1556 3552 1673 3599 128.
1700 3567 1741 3599 s.
1787 3549 2182 3615 Amplissimam
2218 3555 2455 3599 veterum
2495 3550 2816 3601 slavicorum
2855 3551 3017 3601 libro-

524 3655 641 3689 rum
690 3641 897 3704 copiam
948 3639 1163 3687 exhibet
1210 3636 1498 3702 Catalogus
1546 3636 1917 3686 Bibliothecae
1969 3637 2368 3702 Seguierianae.
2429 3639 2620 3687 Exstat
2667 3639 2826 3686 etiam
2866 3639 3019 3686 iuxta

526 3727 893 3788 Whartonum,
931 3726 1241 3774 Auctarium
1276 3725 1345 3773 H.
1373 3725 1421 3773 d.
1452 3725 1652 3774 Usserii
1691 3723 1740 3772 d.
1767 3723 1820 3772 S.
1849 3740 1992 3773 vern.
2019 3741 2072 3789 p.
2098 3726 2217 3773 372.
2243 3741 2366 3774 mss.
2405 3725 2574 3774 codex
2595 3726 2651 3773 in
2676 3725 3020 3774 Bibliotheca

525 3811 896 3862 Lambethaua
932 3813 1091 3874 Acta,
1129 3813 1231 3876 Ep.
1272 3817 1322 3860 et
1358 3811 1741 3876 Apocalypsim
1792 3812 2088 3861 continens.
2151 3812 2211 3860 V.
2252 3828 2298 3859 e.
2335 3812 2586 3876 Kopitar,
2633 3811 3020 3876 prolegomena

526 3901 780 3950 historica
804 3901 858 3948 iu
882 3899 1181 3964 Evangelia
1204 3897 1420 3960 slavice,
1461 3913 1571 3946 exc.
1600 3913 1685 3962 ap.
1712 3897 1800 3946 Fr.
1830 3897 2132 3959 Miklosich,
2169 3897 2444 3946 Slavische
2470 3897 2796 3947 Bibliothek.
2835 3898 3016 3946 Wien.

531 3989 678 4036 1851.
715 3987 758 4049 Ι,
788 3989 867 4036 72.
895 4003 935 4034 s.
987 3986 1120 4034 Cum
1148 3985 1319 4034 Slavis
1346 3985 1513 4034 serius
1546 3983 1796 4033 librorum
1825 3985 1965 4048 typis
1993 3983 2458 4032 describendorum
2483 3999 2568 4034 ars
2606 3984 2804 4034 tradita
2827 3984 3015 4034 fuerit:

526 4075 695 4138 prima
742 4072 993 4122 videlicet
1040 4070 1743 4136 Tetraevangeliorum
1793 4086 1840 4119 a.
1883 4072 2033 4119 1512.
2084 4071 2139 4118 in
2175 4071 2265 4120 IV.
2305 4071 2711 4134 Ugrowlachiae
2754 4073 3019 4136 impressa

529 4159 706 4222 editio,
758 4161 921 4208 totius
958 4163 1136 4207 autem
1175 4159 1227 4208 S.
1267 4159 1319 4208 S.
1361 4159 1510 4208 1581.
1573 4158 1858 4208 Ostroviae
1895 4159 1951 4206 in
1987 4157 2222 4207 Vilhinia
2257 4157 2403 4206 facta
2441 4163 2536 4208 est.
2597 4158 3016 4223 Antiquissimus

528 4247 697 4295 codex
742 4263 864 4295 mse.
916 4247 1177 4295 versionis
1228 4245 1509 4309 Cyrillicae
1559 4251 1641 4293 est
1689 4261 1737 4295 s..
1776 4245 1824 4293 d.
1865 4244 2476 4310 Evangelistarium
2525 4245 3016 4295 Ostromirense

528 4349 576 4382 a.
609 4334 755 4381 1056.
784 4333 925 4397 quod
952 4331 1223 4397 Petropoli
1248 4332 1487 4397 vulgavit
1510 4331 1828 4380 Wostokov.
1866 4347 1916 4380 a.
1945 4332 2094 4380 1843.
2145 4330 2400 4380 Eiusdem
2439 4333 2628 4380 aetatis
2667 4333 2858 4381 dicitur
2897 4347 3016 4381 esse

530 4419 712 4468 Codex
748 4420 845 4468 Ev.
875 4447 939 4454 -
965 4419 1133 4467 Texte
1172 4419 1242 4467 du
1282 4419 1460 4468 Sacre.
1486 4448 1553 4454 —-
1578 4434 1741 4482 super
1779 4433 1936 4482 quem
1973 4434 2126 4482 reges
2160 4417 2632 4483 Francogallorum
2657 4419 2837 4468 Remis
2873 4419 3016 4468 iura·

530 4511 668 4568 runt,
715 4522 868 4571 quem
914 4505 1197 4554 ediderunt
1240 4505 1359 4554 Par.
1401 4507 1549 4554 1843.
1602 4504 1884 4568 Silvestre3
1925 4509 1979 4552 et
2012 4504 2220 4569 Pragae
2261 4506 2409 4555 1846.
2471 4504 2686 4554 Hauka.
2724 4505 3016 4555 Codicibus

529 4592 741 4646 slavicis
793 4608 917 4644 usus
966 4597 1047 4640 est
1090 4592 1191 4640 Ed.
1232 4591 1295 4640 de
1332 4591 1617 4641 Muralto
1665 4591 1729 4640 N.
1767 4591 1830 4639 Τ.
1874 4591 1933 4644 in
1981 4590 2079 4652 ed„
2119 4591 2412 4656 Hamburg.
2462 4593 2611 4642 1848.
2658 4592 3014 4659 Evangelium
