3309 5300
580 393 705 456 126
1298 401 1529 442 comment.
1560 400 1613 441 de
1643 403 1688 442 S.
1710 401 1868 452 script.
1900 414 1992 454 cap.
2023 415 2109 445 sec.
2139 405 2271 446 tract.
2298 405 2335 448 1.

576 579 830 643 Theolog.
859 576 953 626 sel.
977 577 1098 626 Jen.
1130 577 1278 625 1765.
1304 576 1396 637 IV,
1428 578 1543 625 168.
1591 576 1643 625 J.
1673 575 1724 624 S.
1753 576 2024 638 Semler,
2063 578 2259 643 Appar.
2289 580 2357 628 ad
2380 579 2585 630 liberal.
2611 583 2678 632 N.
2705 582 2766 631 T.
2795 585 3071 646 interpret.

577 665 698 714 Hal.
740 666 888 712 1767.
928 681 980 728 p.
1008 665 1089 711 39.
1140 663 1191 712 J.
1229 663 1281 712 J.
1320 663 1707 724 Griesbach,
1744 664 1820 713 N:
1838 665 1896 712 T.
1938 681 2013 729 gr.
2041 665 2121 714 ed.
2161 666 2228 715 H.
2267 666 2389 715 Hal.
2422 669 2568 716 1796.
2607 668 2738 732 prol.
2777 686 2832 733 p.
2861 671 2911 717 5.
2938 685 2978 717 6.
3007 697 3072 706 -

574 752 982 800 resuscitata
1008 756 1087 799 est
1113 749 1192 798 ed.
1222 765 1292 798 cr.
1318 750 1435 798 VII.
1462 766 1512 813 p.
1534 752 1617 798 83.
1640 766 1682 799 s.
1723 749 1828 798 Sed
1852 757 2114 816 repugnat
2139 751 2269 801 fides
2294 754 2494 802 Textus
2523 753 2920 819 Complutensis
2947 771 3071 804 con-

576 841 826 887 cinnante
857 839 1016 887 etiam
1046 839 1179 901 ipsc,
1208 836 1349 900 quod
1373 836 1477 908 sibi·
1503 838 1933 900 praestituerent,
1974 839 2233 888 editorum
2259 839 2496 889 consilio.
2549 841 2694 901 Quas
2720 843 2822 890 viri
2853 841 3071 891 acatho-

572 924 663 973 lici
713 924 1005 974 calumnias
1053 928 1333 988 spargunt‚
1384 923 1509 972 illae
1556 923 1872 973 refelluntur
1920 927 2080 974 etiam
2129 931 2242 976 tota
2287 927 2352 976 N.
2401 928 2462 976 Τ.
2501 929 2824 976 editionis
2885 944 3070 977 oeco-

573 1013 812 1062 nomia:
852 1026 958 1075 qua
982 1011 1148 1059 literis
1173 1008 1359 1060 iisdem
1384 1016 1492 1059 tam
1515 1003 1738 1060 vocibus
1762 1013 1818 1073 in
1843 1027 2035 1076 graeco
2063 1017 2330 1074 contextu,
2362 1029 2519 1078 quam
2543 1016 2598 1062 in
2624 1017 2874 1064 versione
2902 1014 3070 1064 latina

573 1115 602 1148 e
627 1101 845 1163 regione
883 1098 1161 1159 collocata,
1200 1098 1482 1163 appositis3
1522 1099 1693 1148 sicubi
1717 1098 1837 1163 plus
1869 1101 2131 1164 reperitur
2151 1102 2208 1149 in
2232 1100 2398 1150 latino
2439 1117 2599 1166 quam
2636 1109 2774 1152 esset
2813 1104 2871 1150 in
2897 1102 3071 1152 Textu

572 1201 779 1252 graece,
829 1202 926 1250 per
968 1187 1233 1250 integrum
1281 1185 1537 1233 eiusmodi
1588 1187 1819 1250 spatium
1871 1186 2118 1235 catenula
2160 1187 2383 1236 ducitur.
2443 1188 2546 1237 Pro
2598 1189 2945 1238 defendenda
2987 1190 3068 1238 ed.

570 1273 633 1322 N.
690 1273 750 1321 T.
809 1271 1174 1336 complutensi
1234 1273 1445 1336 egregie
1508 1273 1717 1336 scripsit
1770 1274 1874 1321 iam
1931 1277 2117 1322 contra
2176 1272 2494 1338 Semlerum3
2552 1275 3066 1340 Prolegomenorum

571 1359 854 1408 Wetstenii
899 1359 1168 1420 editorem,
1208 1359 1380 1408 acath.
1430 1358 1480 1406 J.
1517 1358 1588 1408 M.
1628 1358 1878 1420 Goeze,
1930 1360 2353 1425 Vertheidigung
2398 1361 2492 1410 der
2529 1361 3068 1426 Complutensischen

506 1473 515 1485 ι
570 1445 744 1508 Bibel,
779 1445 1143 1494 insonderhcit
1180 1445 1272 1494 des
1307 1445 1371 1494 N.
1411 1446 1471 1493 T.
1509 1445 1704 1494 Hamb.
1746 1447 1926 1510 1765.;
1974 1448 2126 1495 item:
2167 1446 2602 1497 Ausfiihrlichere
2639 1449 3070 1514 Verthcidigung

570 1533 661 1581 des
702 1532 904 1597 Compl.
944 1549 1019 1598 gr.
1056 1533 1121 1582 N.
1160 1533 1222 1580 T.
1260 1533 1329 1581 ib.
1373 1534 1522 1580 1766.
1575 1538 1627 1581 61
1663 1533 2017 1598 Fortsetzung
2060 1534 2153 1583 der
2189 1533 2441 1583 ausfiihrl.
2482 1534 2751 1584 Vertheid.
2790 1537 2864 1585 ib.
2911 1538 3063 1588 1769.

570 1619 827 1668 Goezium
864 1619 1127 1670 eruditum
1164 1634 1197 1668 a
1227 1619 1402 1668 Sacris
1430 1618 1721 1668 Catholicis
1760 1619 2011 1682 alienum,
2053 1623 2279 1669 maximo
2320 1621 2494 1670 studio
2519 1623 2576 1669 111
2605 1623 2776 1685 ipsam
2816 1623 3066 1672 editionis

568 1706 728 1755 huius
777 1705 1135 1755 conditionem
1182 1698 1522 1770 inquisivisse
1572 1707 1769 1756 fatetur
1815 1706 2028 1767 Masch‚
2081 1707 2161 1756 ed.
2199 1706 2338 1756 Bibl.
2377 1708 2548 1772 Long.
2585 1723 2636 1772 p.
2677 1710 2794 1758 270.
2861 1709 3067 1758 Contra

566 1792 648 1841 fas
702 1795 859 1842 etiam
907 1794 1135 1857 pretium
1190 1793 1455 1854 codicum,
1514 1794 1707 1856 quibus
1763 1795 1845 1842 usi
1896 1798 2020 1842 sunt
2067 1793 2358 1842 diminuere
2408 1794 2567 1842 iidem
2620 1796 2721 1844 viri
2769 1795 3062 1844 acatholici

504 1941 509 1946 ι
568 1881 744 1928 6011611
795 1885 944 1943 611111;
1001 1880 1096 1929 6611
1142 1895 1251 1929 11011
1298 1881 1471 1929 minus
1522 1879 1804 1945 diligenter
1851 1895 2162 1944 responsum
2213 1885 2293 1930 est
2341 1881 2408 1929 ab
2459 1882 2551 1942 iis,
2607 1883 2698 1946 qui
2751 1887 3064 1931 accuratam

568 1966 815 2015 editionis
854 1965 1247 2031 Complutensis
1286 1966 1624 2016 collationem
1669 1968 1960 2028 instituere,
2001 1967 2237 2016 eiusdem
2273 1983 2381 2016 non
2406 1982 2606 2031 paucas
2645 1983 2761 2017 esse
2798 1967 3062 2017 lectiones

568 2052 1031 2117 praeclarissimas,
1071 2068 1269 2118 easque
1308 2055 1542 2102 omnium
1579 2055 1792 2102 minime
1823 2055 2024 2118 ubique
2051 2058 2236 2102 contra
2261 2069 2443 2103 omnes
2469 2055 2689 2104 Veteres
2728 2070 2850 2103 cum
2886 2056 3062 2104 iunio-

565 2140 713 2189 ribus
750 2140 943 2190 facere.
1004 2140 1145 2189 Proh
1184 2140 1359 2189 dolor!
1406 2157 1503 2204 per
1538 2140 1718 2205 plures
1757 2154 1940 2202 annos,
1981 2141 2141 2190 editio
2179 2140 2272 2190 illa
2307 2143 2764 2205 praestantissima
2803 2141 3060 2206 Complu-

562 2228 743 2288 tensis‚
782 2243 815 2276 a
849 2229 975 2276 viris
1013 2227 1247 2290 eruditis,
1286 2229 1377 2292 qui
1414 2228 1619 2276 edendo
1656 2229 1720 2278 N.
1747 2228 1808 2276 T.
1837 2227 2030 2277 Textui
2067 2226 2272 2276 Graeco
2311 2230 2555 2292 occupati
2591 2229 2757 2290 fuere,
2795 2227 3060 2292 neglecta

564 2319 670 2378 est3
710 2314 881 2363 donec
918 2315 1133 2364 tandem
1172 2314 1694 2379 Christophorus
1731 2314 2102 2376 Plautinus,
2147 2314 2626 2378 Antwerpiensium
2661 2315 3059 2380 typographusz

560 2401 625 2450 N.
652 2402 711 2450 T.
739 2418 813 2466 gr.
843 2418 961 2451 cum
984 2401 1219 2467 Vulgata
1242 2403 1459 2465 interpr.
1487 2401 1576 2450 lat.
1604 2418 1679 2466 gr.
1708 2406 1846 2450 cont.
1877 2401 2032 2450 lineis
2062 2402 2263 2450 inserta
2289 2406 2450 2466 atque
2477 2401 2583 2450 alia
2607 2402 2764 2450 Ariae
2791 2401 3058 2450 Montani.

565 2490 715 2538 1571.
751 2490 807 2536 111
841 2488 980 2538 Bibl.
1008 2488 1215 2553 Polygl.
1256 2494 1309 2538 et
1348 2490 1496 2538 1572.
1536 2490 1821 2552 separatim
1859 2503 1976 2537 eam
2013 2487 2308 2537 recuderet.
2355 2487 2602 2537 Attamen
2640 2488 2784 2553 quod
2821 2490 3053 2537 maxime

563 2574 862 2637 dolendum,
900 2590 1027 2623 non
1062 2576 1387 2624 sinceram
1424 2579 1489 2623 et
1523 2576 1898 2640 genuinam,
1949 2574 2060 2624 sed
2110 2574 2516 2624 lectionibus
2564 2574 2821 2623 Erasmi
2855 2575 3057 2622 inter-

561 2662 891 2727 polatam3
944 2679 1102 2728 quem
1152 2663 1344 2713 deinde
1384 2662 1476 2711 alii
1513 2664 1682 2711 secuti
1721 2667 1866 2723 sunt,
1920 2663 2112 2727 quibus
2165 2661 2423 2711 editiones
2471 2668 2738 2711 normatas
2776 2662 3055 2712 debemus

564 2748 825 2799 Graecum
862 2751 1086 2799 Textum
1138 2750 1207 2799 ad
1253 2750 1403 2799 illum
1441 2764 1488 2799 a.
1530 2751 1680 2799 1571.
1733 2750 2053 2813 exscriptum
2095 2749 2361 2797 recensuit
2396 2748 2456 2797 P.
2493 2747 2675 2797 Herm.
2717 2747 3054 2813 Goldhagen,

561 2834 614 2885 S.
652 2836 702 2886 J.
733 2836 874 2901 Mog.
916 2838 1083 2898 1753„
1124 2838 1215 2902 qui
1252 2853 1371 2886 cum
1407 2835 1645 2902 plurimis
1685 2836 1868 2886 erratis
1906 2836 2058 2883 novis
2097 2850 2324 2885 excusus
2359 2834 2460 2884 fuit
2494 2835 2701 2884 Leodii.
2740 2836 2892 2885 1839.

630 3134 688 3212 ξ.
736 3134 839 3198 54.
886 3131 1347 3196 Editiones
1389 3136 1732 3213 Erasmi,
1792 3130 1869 3195 R.
1920 3139 2000 3195 et
2043 3130 2128 3193 H.
2180 3132 2621 3211 Stephani,
2677 3134 2973 3208 Bezae,

1173 3248 1782 3333 Elpeviriorum
1825 3250 2422 3307 recensentur.

762 3466 1129 3516 Normantium
1157 3468 1267 3516 sive
1301 3453 1742 3515 cardinalium
1774 3464 2158 3525 editionum,
2199 3477 2423 3528 quarum
2449 3462 2678 3511 editores
2707 3476 2735 3509 e
2761 3460 2892 3510 solis
2919 3474 3044 3509 mss.

556 3552 670 3601 cod.
690 3557 893 3603 textum
918 3553 1180 3603 Graecum
1201 3553 1413 3614 dabant,
1438 3552 1607 3601 altera
1626 3556 1707 3601 est
1723 3551 1842 3601 illa:
1877 3552 2131 3601 Erasmi
2154 3551 2202 3598 R
2217 3554 2431 3598 ottero
2447 3548 2612 3597 dami
2637 3549 2859 3609 prima,
2883 3562 3047 3611 quam

556 3654 674 3687 cum
714 3642 862 3689 1516.
900 3639 1143 3705 vulgaret
1180 3639 1248 3688 ad
1272 3656 1395 3689 mss.
1434 3639 1646 3689 codices
1683 3639 1995 3704 plerumque
2033 3636 2362 3687 basileenses
2383 3662 2448 3671 --
2469 3635 2534 3684 de
2568 3635 2760 3699 quibus
2794 3633 3045 3682 videatur

553 3726 813 3788 Wetsten,
834 3727 867 3775 1.
891 3742 935 3775 c.
955 3743 1008 3792 p.
1034 3728 1148 3775 120.
1175 3726 1393 3791 Bengel,
1414 3726 1448 3775 1.
1470 3741 1511 3775 6.
1534 3742 1579 3775 6.
1599 3743 1649 3790 p.
1675 3728 1754 3775 70.
1778 3743 1818 3775 6.
1847 3725 2044 3775 Comm.
2065 3724 2116 3773 h.
2138 3741 2188 3789 p.
2211 3725 2326 3774 120.
2356 3750 2413 3758 -
2441 3736 2714 3771 1661111616
2739 3721 2844 3784 ipsi
2869 3734 3046 3784 aeque

552 3828 832 3863 necessum
856 3814 981 3877 fuit3
1019 3829 1144 3863 nam
1171 3812 1564 3878 complutensis
1588 3812 1684 3862 illa
1709 3812 1880 3861 adhuc
1905 3812 2247 3871 retinebatur,
2287 3826 2407 3859 cum
2431 3810 2604 3875 prima
2627 3807 2839 3856 Erasmi
2877 3805 3044 3855 editio

552 3900 608 3948 in
644 3901 915 3965 publicum
950 3900 1003 3949 11.
1027 3905 1095 3949 t.:
1136 3902 1411 3961 „Novum
1448 3900 1964 3948 Instrumentum
2003 3913 2211 3959 omne,
2250 3896 2616 3961 diligenter
2653 3896 2729 3943 ab
2767 3894 3044 3942 Erasmo

550 3986 1018 4037 Rotterodamo
1045 3988 1455 4052 recognitum
1482 3990 1543 4036 et
1570 3986 1990 4035 emendatum.
2027 3983 2336 4033 Basileae
2363 3984 2430 4031 in
2456 3982 2732 4031 aedibus
2757 3980 2835 4029 Jo
2851 3979 3045 4029 annis

549 4073 865 4123 Frobenii
897 4088 1117 4123 mense
1151 4074 1517 4123 Februario
1546 4088 1594 4123 a.
1617 4074 1800 4122 1516.“
1829 4071 2078 4137 prodiret.
2117 4070 2284 4119 Nimis
2310 4085 2436 4119 suos
2463 4068 2846 4134 praecipitasse
2875 4080 3040 4115 cona-

550 4164 652 4220 tus,
686 4160 961 4225 multaque
987 4176 1092 4209 non
1120 4176 1149 4209 e
1174 4160 1321 4210 libris
1348 4160 1745 4224 manuscriptis;
1784 4158 1879 4208 sed
1916 4173 1944 4206 e
1983 4157 2218 4206 critico
2257 4172 2370 4206 suo
2409 4156 2684 4204 cerebro
2721 4158 3041 4213 mutasse,

549 4247 736 4295 merito
758 4260 791 4294 a
811 4247 937 4294 viris
964 4246 1131 4296 doctis
1152 4247 1407 4296 Erasmus
1434 4245 1854 4311 reprehenditur.
1891 4245 2078 4308 Neque
2099 4240 2446 4307 sequentibus
2469 4241 2791 4290 editionibus
2812 4239 3044 4289 Textum

548 4332 924 4397 recognovisse
950 4332 1247 4394 Erasmum,
1290 4337 1464 4381 errata
1499 4332 1613 4395 typi
1649 4330 1908 4395 produnt3
1947 4345 2012 4377 ex
2048 4343 2157 4377 una
2184 4328 2415 4377 editione
2450 4328 2508 4375 in
2540 4327 2700 4376 aliam
2739 4330 2794 4376 et
2828 4327 3041 4374 tertiam

549 4420 873 4469 transmissa.
925 4418 1107 4467 Codex
1134 4434 1162 4467 e
1190 4434 1295 4483 quo
1320 4416 1568 4483 Apocal
1578 4433 1613 4481 y
1624 4418 1788 4481 psim
1826 4415 2104 4479 descripsit
2136 4415 2447 4463 lacunosum
2486 4414 2669 4474 fuisse,
2706 4413 3041 4475 lacunasque

550 4505 885 4553 Erasmum
935 4503 1149 4553 latina
1196 4518 1435 4569 graece
1483 4502 1812 4551 vertendo
1863 4500 2292 4566 supplevisse
2343 4500 2760 4549 demonstratum
2799 4503 2883 4547 est
2920 4510 2952 4546 a
2987 4496 3040 4545 J.

547 4589 669 4639 Alb.
706 4589 988 4654 Bengel,
1042 4590 1391 4638 fundamenta
1446 4587 1660 4638 Criseos
1708 4587 1808 4652 Ap.
1859 4590 1906 4649 ξ.
1947 4589 2027 4636 17.
2080 4586 2161 4635 611.
2198 4585 2332 4652 App.
2385 4602 2430 4635 c.
2481 4603 2534 4650 p.
2571 4586 2690 4634 495.
2727 4600 2798 4646 6.,
2851 4588 2904 4632 61
2949 4582 3038 4631 Fr.
