3309 5300
492 386 619 449 368

756 644 1345 725 TABELLAE
1410 644 1914 726 CODICUM
1975 644 2714 727 EXPLANATIO.
2829 660 2845 676 '

702 838 800 908 ,Et
844 838 1061 895 summi.
1096 838 1273 913 plena
1318 840 1436 895 iam
1482 838 1748 911 margine
1800 838 1936 896 libri
1997 840 2266 914 scriptuS,
2331 844 2392 897 et
2435 840 2498 895 in
2544 842 2726 913 tergo‘
2779 838 2984 914 paucis

500 959 727 1017 quaeso,
774 941 1138 999 illustremus
1168 942 1451 1016 imagines
1497 938 2198 1019 φωτο-λυθογραφουμένας
2244 943 2778 1021 antiquissimorum
2813 943 2981 1001 Codi-

494 1062 627 1101 cum
690 1046 1013 1121 scripturae
1069 1064 1339 1120 graecae,
1396 1046 1683 1123 syriacae,
1742 1046 1994 1115 latinae,
2063 1047 2362 1119 gothicae3
2427 1067 2676 1125 quarum
2724 1046 2984 1105 subsidio

490 1147 558 1203 L.
605 1148 661 1205 b.
706 1180 794 1189 —-
839 1168 971 1206 cum
1028 1151 1100 1207 ad
1161 1132 1487 1223 praeclaras
1548 1150 1648 1207 sed
1712 1169 1862 1227 quae
1930 1149 2118 1206 multa
2182 1150 2436 1223 pecunia
2493 1163 2713 1207 venum
2764 1151 2984 1207 dantur

494 1250 775 1308 Veterum
799 1253 1336 1327 Manuscriptorum
1362 1253 1661 1323 editioneS‚
1687 1253 1880 1309 aditus
1903 1252 2051 1309 raris
2075 1256 2292 1326 pateat.
2324 1286 2396 1293 —-
2432 1254 2501 1311 de
2524 1252 2982 1328 palaeographia
3059 1295 3094 1342 -'.

492 1354 672 1410 variis
720 1356 968 1415 saeculis
1014 1357 1311 1431 variisque
1356 1356 1691 1414 nationibus
1737 1355 1990 1415 multum
2039 1356 2287 1427 diversa,
2349 1356 2726 1433 aliquatenus
2771 1375 2982 1430 cogno-

491 1476 651 1516 scere
699 1464 759 1517 et
803 1459 1062 1518 iudicare
1106 1480 1273 1536 posse
1320 1461 1683 1518 confidimus.
1740 1459 2038 1535 Elegimus
2084 1460 2349 1517 codicum
2393 1480 2737 1533 graecorum
2780 1460 2979 1518 Vati-

492 1564 655 1620 cani
703 1564 768 1623 B.
815 1585 873 1623 n.
920 1558 977 1622 3.
1042 1584 1099 1639 p.
1150 1570 1326 1636 112.;
1389 1564 1880 1623 Alexandrini
1925 1566 1998 1621 A.
2057 1585 2116 1621 n.
2160 1556 2220 1622 4.
2286 1582 2342 1637 p.
2393 1569 2570 1636 116.;
2637 1564 2982 1621 Sinaitici

495 1687 542 1727 s.
585 1687 644 1724 n.
694 1659 755 1724 5.
814 1687 871 1742 Ρ.
932 1671 1107 1738 117.;
1176 1668 1624 1727 Pestinensis
1693 1672 1790 1725 78.
1853 1687 1910 1724 n.
1971 1659 2031 1724 2.
2102 1686 2158 1741 p.
2227 1671 2403 1737 123.;
2471 1666 2982 1740 Evangeliarii

491 1767 774 1845 Syriaci
835 1771 967 1829 Vat.
1020 1775 1115 1829 19.
1182 1764 1367 1836 n.‚ss.
1432 1792 1489 1846 Ρ.
1541 1775 1717 1842 185.;
1785 1770 2171 1845 Ephraemi
2237 1770 2406 1846 Syri
2472 1770 2847 1845 Rescripti
2916 1770 2978 1828 G.
3049 1764 3052 1767 ’

492 1873 624 1931 Par.
675 1878 729 1930 9.
796 1893 854 1930 n.
904 1866 963 1931 8.
1010 1894 1067 1949 Ρ.
1116 1870 1297 1945 '119.;
1371 1873 1568 1931 Latini
1632 1874 1690 1932 S.
1738 1873 2062 1932 Bibliorum
2119 1874 2173 1931 d.
2219 1874 2646 1951 Hieronymi
2701 1876 2768 1932 F.
2816 1894 2874 1931 n.
2925 1866 2981 1931 l.
3075 1866 3080 1875 ’

490 1995 547 2049 p.
602 1980 775 2047 211.;
844 1981 905 2034 et
966 1978 1189 2035 Codicis
1236 1978 1583 2052 Argentei
1644 1978 1990 2052 Ulphilae
2051 1997 2109 2035 n.
2158 1969 2210 2034 7.
2273 1998 2330 2053 Ρ.
2379 1959 2556 2048 2364
2618 1982 2746 2036 octo
2805 1998 2861 2057 q.
2923 1979 2980 2035 d.
3044 2024 3064 2040 .

491 2078 867 2137 facsimilium
914 2100 949 2137 a
992 2082 1182 2155 Hug,
1246 2080 1519 2153 Woide,
1577 2080 2084 2150 Tischendorf,
2154 2080 2453 2152 Markfi,
2518 2081 2981 2152 Vercellone,
3063 2146 3068 2151 ,

489 2183 955 2242 Minischalci
1002 2190 1063 2243 et
1106 2184 1491 2259 Uppstrtim
1547 2186 1803 2265 optimae
1848 2188 2040 2254 notae,
2097 2204 2311 2259 magna
2365 2204 2500 2243 cum
2543 2185 2660 2243 fide
2705 2204 2985 2260 expressa

491 2286 843 2360 fragmenta.
921 2288 1268 2345 Addidimus
1336 2288 1592 2365 denique
1660 2310 1718 2346 n.
1779 2281 1842 2345 9.
1910 2291 2029 2345 tres
2097 2288 2279 2345 series
2345 2288 2651 2363 alphabeti
2716 2289 2981 2359 hebraei,

490 2380 741 2467 quorum
811 2392 1043 2466 prima
1104 2392 1306 2450 literas
1374 2392 1745 2470 antiquas,
1814 2392 2052 2449 altera
2119 2410 2302 2449 novas
2369 2391 2494 2450 sive
2561 2392 2982 2470 quadratas,

490 2493 633 2551 ulti
649 2516 752 2553 ma
774 2494 1104 2569 phoenici
1120 2514 1276 2553 acas
1301 2494 1562 2553 exhibet.
1585 2496 1751 2559 Quae
1777 2496 1971 2553 omnia
1995 2516 2027 2553 e
2049 2496 2448 2554 delineatione
2470 2495 2676 2555 subtili
2699 2496 2983 2571 penicillo

470 2588 801 2676 'coloreque
830 2597 893 2656 in
919 2602 1082 2657 carta
1104 2599 1276 2670 facta,
1309 2599 1773 2674 photographiae
1803 2618 1912 2674 ope
1943 2599 2006 2656 in
2038 2598 2234 2674 lapide
2264 2600 2681 2675 pingebantur.
2717 2598 2984 2659 Caveant

492 2703 659 2760 modo
690 2703 753 2760 L.
787 2706 842 2762 b.
877 2706 952 2762 ne
981 2703 1263 2778 imagines
1295 2705 1720 2775 characterum,
1767 2723 1911 2780 quas
1941 2721 2033 2784 ars
2061 2706 2124 2760 in
2157 2704 2362 2761 tabula
2389 2704 2603 2780 pinxit,
2649 2723 2754 2779 pro
2785 2723 2977 2782 aeque

490 2805 816 2882 perspicuis
860 2808 925 2864 in
954 2807 1120 2866 libris
1159 2807 1571 2882 manuscriptis
1614 2808 1892 2878 habeant,
1939 2807 2114 2865 sicuti
2144 2808 2256 2864 hac
2298 2809 2364 2865 in
2408 2807 2632 2866 tabella
2677 2815 2982 2884 apparent.

489 2910 807 2968 Enimvero
882 2911 1160 2990 temporis
1236 2911 1455 2968 iniuria
1530 2910 1774 2986 plurimi
1856 2911 2080 2969 codices
2141 2911 2362 2969 dudum
2430 2911 2804 2986 palluerunt,
2875 2916 2985 2969 aut

489 3013 843 3073 detrimenta
886 3034 1059 3090 saepe
1103 3015 1264 3072 haud
1310 3015 1524 3089 exigua
1568 3018 1942 3090 acceperunt.

696 3150 862 3214 Quae
907 3153 1065 3230 typis
1112 3147 1541 3224 describuntur,
1588 3157 1658 3210 ut
1702 3171 1792 3210 res
1837 3152 2078 3211 venales
2123 3158 2397 3210 accurate
2443 3151 2858 3227 inspiciuntur,
2918 3157 2984 3211 et

490 3256 725 3314 facilius
789 3257 1233 3330 vituperantur,
1302 3277 1479 3334 quam
1550 3257 2051 3318 commendantur.
2131 3255 2423 3314 Volumen
2490 3257 2731 3314 tertium
2791 3257 2983 3332 igitur

488 3361 975 3419 concludentibus
1042 3362 1225 3431 nobis,
1294 3360 1463 3419 nulla
1523 3381 1668 3436 opus
1731 3380 1880 3432 esse,
1947 3363 2183 3435 praeter
2249 3379 2378 3418 eam
2446 3379 2622 3438 quam
2681 3361 2743 3417 in
2805 3361 2980 3418 initio

484 3465 863 3540 praefiximus
924 3465 1335 3536 admonitione,
1397 3466 1664 3542 quamvis
1724 3467 2095 3539 perspectum
2154 3469 2495 3542 teneamus3
2551 3468 2753 3522 tamen
2794 3466 2863 3522 L.
2913 3467 2972 3522 b.

484 3568 685 3642 paucis
744 3567 939 3624 adhuc
997 3565 1301 3644 loquentes
1346 3569 1568 3640 verbis,
1630 3588 1735 3626 nos
1787 3587 2063 3642 passuros
2121 3587 2452 3643 speramus:
2521 3570 2686 3646 queis
2749 3571 2976 3644 gratias
3026 3606 3033 3613 ·

484 3671 711 3746 agimus
754 3671 883 3730 viro
929 3677 1171 3730 strenuo
1216 3670 1510 3730 Guilelmo
1554 3671 2046 3743 Braumiiller,
2093 3671 2450 3748 bibliopolae
2497 3692 2544 3730 c.
2589 3693 2636 3730 r.
2671 3673 2865 3731 Aulae
2912 3676 2979 3731 et

482 3775 911 3844 UniversitatiS,
956 3777 1121 3833 cuius
1162 3775 1453 3832 assiduam
1497 3776 1784 3833 librorum
1827 3775 2288 3850 theologicorum
2320 3776 2748 3851 vulgandorum
2793 3777 2973 3834 indu-

483 3879 687 3936 striam
731 3898 863 3937 cum
907 3880 1078 3937 bonis
1122 3879 1329 3950 literis,
1393 3883 1518 3937 tum
1566 3879 1734 3937 nobis
1779 3879 2168 3954 gratulamur.
2239 3881 2525 3937 Memores
2572 3898 2800 3956 quoque
2848 3899 2978 3938 esse

482 3986 712 4056 oportet
755 3982 1031 4040 indefessi
1075 3982 1293 4040 laboris
1335 3982 1590 4058 Adolphi
1622 3982 2121 4052 Holzhausen,
2169 3983 2522 4059 typographi
2553 3983 2978 4042 Universitatis

484 4080 985 4155 Vindobonensis3
1048 4087 1148 4161 qui
1206 4085 1269 4142 in
1332 4089 1445 4144 hoc
1490 4091 1688 4148 nostro
1751 4105 1928 4160 opere
1989 4085 2296 4144 literarum
2361 4087 2563 4144 formis
2610 4105 2783 4162 quam
2829 4087 2976 4144 niti-

482 4188 716 4245 dissime
746 4188 1142 4264 exprimendO,
1175 4189 1492 4263 plurimam
1524 4189 1840 4248 collocarat
1869 4208 2122 4265 operam.
2170 4190 2232 4247 Si
2262 4189 2649 4247 nihilominus
2681 4193 2978 4268 quaedam

486 4292 697 4348 menda
741 4293 1125 4362 occurrerint,
1172 4311 1321 4369 quae
1360 4293 1577 4366 fugisse
1623 4293 1822 4351 oculos
1867 4311 1936 4350 ac
1979 4292 2355 4352 sedulitatem
2400 4297 2662 4350 nostram
2704 4297 2974 4367 potuere,

485 4394 701 4469 peritia
745 4399 943 4453 vestra
989 4395 1054 4452 L.
1103 4396 1158 4451 b.
1208 4395 1529 4454 emendetis
1572 4414 1902 4469 precamur.

1386 4583 2061 4622 -m
