3309 5300
844 1541 1604 1638 TRACTATUS
1675 1540 2132 1636 ALTER.

412 1802 863 1880 HISTORIAE
924 1801 983 1878 S.
1041 1800 1356 1877 TEXTUS
1416 1801 1493 1876 U.
1550 1803 1619 1876 F.
1683 1803 1779 1877 IN
1837 1801 2206 1878 LINGUAS
2265 1800 2579 1878 VARIAS

1264 2007 1704 2073 TRANSLATI.

442 2307 497 2384 ξ.
542 2306 645 2368 64.
714 2301 969 2364 Notio
1015 2301 1471 2364 Vel-sionis
1519 2290 1704 2364 sive=
1746 2302 2532 2386 interpretationis.

452 2537 599 2590 Inter
640 2552 707 2587 ea
752 2551 891 2603 quae
928 2532 1120 2586 Sacris
1168 2534 1475 2586 Bibliorum
1522 2534 1793 2602 effectibus
1837 2553 2080 2588 connexa
2123 2541 2267 2602 sunt,
2309 2535 2551 2604 primum
2595 2541 2733 2589 tenet

273 2642 421 2696 locum
437 2659 454 2693 .·
493 2639 619 2710 ipsa
664 2636 727 2694 S.
761 2617 996 2692 Bilitio
1008 2658 1145 2691 rum
1188 2639 1702 2710 interpretatio.
1763 2639 1856 2692 Ea
1898 2658 2022 2693 vero
2067 2639 2269 2709 duplex
2312 2640 2539 2695 habetur
2562 2660 2575 2693 ε
2618 2660 2731 2693 una

275 2753 339 2801 est
376 2764 399 2799 e
428 2744 871 2817 primiqeniis
915 2744 1178 2815 linquis
1225 2743 1293 2796 in
1338 2743 1529 2797 alias
1579 2745 1960 2812 conversim
2003 2763 2141 2815 quae
2183 2764 2226 2800 s.
2267 2745 2588 2814 Epiphanio
2603 2785 2618 2813 ,
2666 2746 2730 2798 de

267 2851 417 2920 pond.
448 2855 493 2903 et
521 2866 684 2901 mens.
724 2867 783 2904 n.
816 2850 874 2902 2.
910 2866 972 2917 p.
1006 2850 1085 2901 15
1094 2849 1147 2899 9.
1196 2844 1267 2922 „i
1277 2864 1307 2922 ρ
1321 2864 1407 2918 μη
1422 2864 1449 2901 ν
1463 2843 1520 2901 εί
1530 2844 1605 2901 αιι
1637 2848 2014 2917 interpretatio
2045 2848 2267 2914 dicitur,
2313 2850 2444 2903 aliis
2478 2865 2563 2924 ,,μ
2578 2866 2644 2903 ετ
2658 2866 2729 2903 α-

277 2948 462 3023 βολὴιι
506 2960 565 3006 tr
581 2953 736 3006 anst
746 2972 782 3006 a
794 2959 813 3004 t
826 2954 913 3019 io,
945 2953 1087 3022 quod
1121 2945 1200 3018 εἰς
1232 2948 1421 3026 ἑτέραν
1450 2946 1705 3025 γλῶτταν
1736 2953 1844 3006 itta
1873 2952 1931 3006 S.
1956 2952 2015 3007 S.
2054 2946 2470 3023 μεταβάλλεται
2499 2954 2539 3007 i.
2573 2972 2638 3021 e.,
2671 2954 2729 3007 in

275 3058 425 3112 aliam
466 3057 710 3130 linquam
758 3056 1181 3125 transferuntur.
1228 3055 1417 3109 Altera
1464 3062 1556 3123 est,
1602 3075 1791 3110 sensus
1836 3058 2119 3111 eorundem
2164 3058 2224 3109 in
2270 3076 2479 3128 quaque
2511 3060 2727 3112 tandem

274 3164 441 3235 linqua
496 3162 815 3233 explanatio
828 3179 849 3229 ,·
914 3179 1052 3231 quae
1121 3152 1468 3235 ,,ἐξήγησις“
1538 3161 1836 3231 explicatio
1900 3162 2219 3231 adpellatur
2227 3180 2249 3229 ,·
2314 3163 2520 3233 illaque
2570 3164 2732 3234 vulgo

276 3268 462 3321 omnis
502 3285 709 3321 sermo
755 3266 1384 3335 comprehenditur‚·
1450 3284 1574 3335 quo
1607 3265 1738 3333 sit,
1783 3272 1851 3318 ut
1896 3285 2000 3319 res
2043 3266 2313 3319 minime
2362 3267 2728 3321 intellecta

268 3392 303 3442 p
317 3390 375 3425 er
386 3391 411 3425 c
421 3374 441 3425 i
444 3372 557 3442 pia
570 3378 638 3425 tu
648 3390 694 3423 r.
767 3370 855 3423 Ad
896 3388 1063 3442 qen-us
1108 3370 1490 3439 explicationis
1534 3370 1874 3437 referuntur:
1921 3369 2002 3423 Co
2013 3389 2063 3422 m
2076 3389 2126 3422 m
2138 3390 2164 3424 e
2176 3390 2212 3423 n
2226 3377 2246 3423 t
2258 3390 2293 3425 a
2306 3370 2410 3423 rii
2452 3372 2490 3426 i.
2523 3388 2566 3427 e.
2613 3389 2728 3424 eru-

273 3478 376 3531 dita
416 3484 461 3531 et
490 3477 629 3546 susa
674 3494 863 3529 sensus
908 3475 966 3529 S.
1016 3473 1075 3528 S.
1122 3474 1419 3544 explicatio
1432 3493 1455 3542 ‚·
1498 3474 1543 3529 S
1554 3494 1581 3527 c
1592 3476 1626 3527 Ιι
1640 3474 1736 3527 oli
1749 3494 1786 3528 a
1828 3476 1940 3529 sive
1983 3475 2287 3528 succinctae
2332 3475 2727 3541 annotationes,

272 3599 390 3651 quae
430 3582 574 3634 circa
619 3579 956 3633 obscuriores
1000 3578 1261 3631 dictiones
1293 3597 1319 3632 e
1365 3572 1726 3652 Θεωγράφοις
1755 3580 2122 3633 illustrandas
2159 3586 2446 3632 versantur
2454 3598 2477 3647 ‚·
2520 3580 2616 3632 Pa
2627 3598 2656 3631 r
2667 3597 2729 3632 a-

267 3687 417 3755 phra
427 3687 519 3739 sis
560 3702 700 3756 quae
744 3690 819 3738 est
863 3682 1081 3737 uberior
1122 3683 1410 3737 continuae
1454 3688 1631 3737 tamen
1678 3682 1944 3737 orationis
1988 3683 2233 3737 ter-minis
2270 3684 2512 3754 alliyata
2546 3701 2731 3737 sensus

272 3790 323 3847 S.
350 3790 401 3844 S.
442 3790 663 3843 elocutio
675 3808 697 3857 ‚·
740 3795 790 3842 et
818 3788 1030 3858 reliqua-
1068 3788 1348 3843 eiusmodi.
1412 3787 1519 3849 Qui
1549 3789 1702 3857 apud
1732 3788 1874 3841 alios
1904 3789 2193 3857 scriptores
2221 3789 2434 3841 nomine
2481 3789 2590 3863 „in
2605 3795 2623 3841 t
2641 3806 2665 3840 e
2675 3806 2725 3839 r·

271 3912 303 3963 p
315 3913 340 3945 r
350 3912 373 3947 e
382 3901 399 3947 t
408 3914 442 3947 u
454 3888 537 3947 m“
564 3895 745 3947 venire
772 3894 957 3961 solent,
989 3910 1075 3946 eos
1098 3892 1253 3946 nobis
1278 3892 1547 3945 lubentius
1582 3935 1613 3969 η
1623 3911 1649 3945 c
1660 3911 1691 3945 o
1702 3912 1752 3945 m
1767 3912 1819 3944 m
1831 3911 1856 3945 e
1868 3912 1904 3946 n
1919 3901 1984 3947 ta
1998 3899 2060 3946 to
2071 3912 2101 3945 r
2110 3912 2136 3946 e
2145 3886 2208 3945 s“
2225 3882 2436 3946 ‘vocare
2456 3892 2701 3961 placeret
2713 3910 2731 3943 .·

272 3998 375 4051 ideo
426 4000 564 4068 quod
618 3998 927 4068 interpretis
981 3996 1284 4067 adpellatio
1336 3997 1535 4051 rectius
1586 3996 1706 4050 illis
1759 3999 2106 4067 respondeat,
2170 3996 2267 4067 qui
2321 4014 2612 4051 sermonem
2667 4014 2732 4049 ex

280 4120 378 4155 una
427 4103 616 4175 linqua
668 4102 732 4155 in
776 4102 952 4155 aliam
997 4100 1357 4169 transferunt.
1440 4100 1684 4155 Ceterum
1737 4109 1976 4156 monente
2029 4102 2156 4177 divo
2197 4102 2247 4155 A
2261 4120 2296 4155 u
2304 4122 2341 4173 9
2350 4120 2388 4155 u
2397 4101 2538 4153 stin
2551 4119 2582 4153 o
2593 4142 2608 4168 ‚
2666 4102 2732 4153 dc

273 4206 550 4275 quantitate
594 4207 812 4261 animae
851 4225 895 4260 c.
929 4207 1030 4259 36.
1061 4224 1118 4263 n.
1165 4208 1299 4259 80..·
1348 4208 1612 4282 „irinum
1627 4206 2006 4260 erabilibus
2051 4224 2144 4260 mo
2167 4208 2271 4259 dis
2311 4207 2578 4259 eaedem
2624 4222 2730 4258 res

274 4314 323 4363 et
369 4310 720 4381 adpellari
775 4318 832 4367 et
877 4310 1106 4363 dividi
1152 4318 1443 4381 possunt
1494 4330 1562 4365 re
1579 4312 1879 4364 ctissime
1939 4328 2017 4365 ac
2067 4310 2558 4377 subtilissime‚·
2615 4310 2731 4362 sed

272 4412 331 4465 in
379 4421 570 4467 tanta
616 4416 816 4485 copia
863 4416 1207 4469 modorum
1254 4416 1467 4470 utitur
1512 4415 1812 4486 quisque,
1867 4434 1991 4486 quo
2035 4434 2101 4469 se
2145 4420 2584 4487 conyruenter
2628 4414 2730 4468 uti

273 4514 645 4576 existimat.“
696 4520 745 4575 I.
791 4521 934 4574 439.
