<?xml version="1.0" encoding="UTF-8"?>
<!DOCTYPE html PUBLIC "-//W3C//DTD XHTML 1.0 Transitional//EN"
    "http://www.w3.org/TR/xhtml1/DTD/xhtml1-transitional.dtd">
<html xmlns="http://www.w3.org/1999/xhtml" xml:lang="en" lang="en">
 <head>
  <title>
</title>
<meta http-equiv="Content-Type" content="text/html;charset=utf-8" />
  <meta name='ocr-system' content='tesseract 3.04.00' />
  <meta name='ocr-capabilities' content='ocr_page ocr_carea ocr_par ocr_line ocrx_word'/>
</head>
<body>
  <div class='ocr_page' id='page_1' title='image "./historiarevelat02dankgoog_0174.png"; bbox 0 0 3309 5300; ppageno 0'>
   <div class='ocr_carea' id='block_1_1' title="bbox 46 2712 122 4023">
    <p class='ocr_par' dir='ltr' id='par_1_1' title="bbox 46 2712 122 4023">
     <span class='ocr_line' id='line_1_1' title="bbox 46 2712 56 4023; textangle 90"><span class='ocrx_word' id='word_1_1' title='bbox 48 4014 51 4023; x_wconf 99' lang='lat'>-</span> <span class='ocrx_word' id='word_1_2' title='bbox 48 3954 51 3977; x_wconf 94' lang='lat'>-</span> <span class='ocrx_word' id='word_1_3' title='bbox 48 3922 51 3939; x_wconf 82' lang='grc'>-</span> <span class='ocrx_word' id='word_1_4' title='bbox 48 3876 56 3891; x_wconf 64' lang='lat' dir='ltr'>v</span> <span class='ocrx_word' id='word_1_5' title='bbox 48 3846 51 3859; x_wconf 66' lang='lat' dir='ltr'>-v</span> <span class='ocrx_word' id='word_1_6' title='bbox 48 3792 54 3831; x_wconf 60' lang='grc'>-»</span> <span class='ocrx_word' id='word_1_7' title='bbox 46 2914 56 3783; x_wconf 35' lang='grc' dir='ltr'>-ψν-τ-Ἦ-..η-τ-τ--ψ--νψτώ-ῄη-</span> <span class='ocrx_word' id='word_1_8' title='bbox 48 2886 50 2889; x_wconf 63' lang='lat'>.</span> <span class='ocrx_word' id='word_1_9' title='bbox 48 2814 50 2869; x_wconf 62' lang='lat'>.-...</span> <span class='ocrx_word' id='word_1_10' title='bbox 48 2712 50 2723; x_wconf 39' lang='grc'>,-</span> 
     </span>
     <span class='ocr_line' id='line_1_2' title="bbox 115 2961 122 2968; textangle 90"><span class='ocrx_word' id='word_1_11' title='bbox 115 2961 122 2968; x_wconf 82' lang='lat'>-</span> 
     </span>
    </p>
   </div>
   <div class='ocr_carea' id='block_1_2' title="bbox 576 407 2338 473">
    <p class='ocr_par' dir='ltr' id='par_1_2' title="bbox 576 407 2338 473">
     <span class='ocr_line' id='line_1_3' title="bbox 576 407 2338 473; baseline -0.005 -7"><span class='ocrx_word' id='word_1_12' title='bbox 576 407 701 473; x_wconf 79' lang='grc'><strong>152</strong></span> <span class='ocrx_word' id='word_1_13' title='bbox 1290 418 1525 459; x_wconf 75' lang='lat' dir='ltr'>Commeat.</span> <span class='ocrx_word' id='word_1_14' title='bbox 1556 418 1609 459; x_wconf 80' lang='lat' dir='ltr'>de</span> <span class='ocrx_word' id='word_1_15' title='bbox 1636 418 1680 457; x_wconf 81' lang='lat' dir='ltr'>S.</span> <span class='ocrx_word' id='word_1_16' title='bbox 1701 416 1857 467; x_wconf 73' lang='lat' dir='ltr'>script.</span> <span class='ocrx_word' id='word_1_17' title='bbox 1885 429 1980 468; x_wconf 79' lang='lat' dir='ltr'>cap.</span> <span class='ocrx_word' id='word_1_18' title='bbox 2011 428 2097 459; x_wconf 79' lang='lat' dir='ltr'>sec.</span> <span class='ocrx_word' id='word_1_19' title='bbox 2126 417 2254 459; x_wconf 66' lang='lat' dir='ltr'>tract.</span> <span class='ocrx_word' id='word_1_20' title='bbox 2283 416 2338 457; x_wconf 91' lang='lat'>11.</span> 
     </span>
    </p>
   </div>
   <div class='ocr_carea' id='block_1_3' title="bbox 484 596 3078 676">
    <p class='ocr_par' dir='ltr' id='par_1_3' title="bbox 484 596 3078 676">
     <span class='ocr_line' id='line_1_4' title="bbox 484 596 3078 676; baseline -0.004 -15"><span class='ocrx_word' id='word_1_21' title='bbox 484 627 495 635; x_wconf 90' lang='lat'><strong>·</strong></span> <span class='ocrx_word' id='word_1_22' title='bbox 572 598 1513 668; x_wconf 81' lang='lat' dir='ltr'>Hebraeo-Samaritanum3</span> <span class='ocrx_word' id='word_1_23' title='bbox 1546 616 1799 676; x_wconf 89' lang='lat' dir='ltr'>quocum</span> <span class='ocrx_word' id='word_1_24' title='bbox 1821 598 2096 656; x_wconf 88' lang='lat' dir='ltr'>omnibus</span> <span class='ocrx_word' id='word_1_25' title='bbox 2117 600 2184 656; x_wconf 88' lang='lat' dir='ltr'>in</span> <span class='ocrx_word' id='word_1_26' title='bbox 2203 597 2362 669; x_wconf 90' lang='lat' dir='ltr'>locis,</span> <span class='ocrx_word' id='word_1_27' title='bbox 2387 616 2538 676; x_wconf 86' lang='lat' dir='ltr'>quae</span> <span class='ocrx_word' id='word_1_28' title='bbox 2561 596 2874 673; x_wconf 83' lang='lat' dir='ltr'>propriam</span> <span class='ocrx_word' id='word_1_29' title='bbox 2899 596 3078 652; x_wconf 89' lang='lat' dir='ltr'>istam</span> 
     </span>
    </p>
   </div>
   <div class='ocr_carea' id='block_1_4' title="bbox 571 680 3086 2868">
    <p class='ocr_par' dir='ltr' id='par_1_4' title="bbox 571 680 3086 2868">
     <span class='ocr_line' id='line_1_5' title="bbox 571 680 3082 778; baseline -0.003 -15"><span class='ocrx_word' id='word_1_30' title='bbox 571 705 964 763; x_wconf 73' lang='lat' dir='ltr'>recensionem</span> <span class='ocrx_word' id='word_1_31' title='bbox 982 704 1267 773; x_wconf 88' lang='lat' dir='ltr'>efficiunt,</span> <span class='ocrx_word' id='word_1_32' title='bbox 1290 704 1601 778; x_wconf 73' lang='lat' dir='ltr'>conspirat,</span> <span class='ocrx_word' id='word_1_33' title='bbox 1624 721 1759 760; x_wconf 88' lang='lat' dir='ltr'>raro</span> <span class='ocrx_word' id='word_1_34' title='bbox 1775 680 2087 761; x_wconf 84' lang='lat' dir='ltr'>admodum</span> <span class='ocrx_word' id='word_1_35' title='bbox 2105 702 2367 760; x_wconf 76' lang='lat' dir='ltr'>hebraici</span> <span class='ocrx_word' id='word_1_36' title='bbox 2391 702 2516 759; x_wconf 82' lang='lat' dir='ltr'>sive</span> <span class='ocrx_word' id='word_1_37' title='bbox 2533 720 2593 759; x_wconf 89' lang='lat' dir='ltr'>u.</span> <span class='ocrx_word' id='word_1_38' title='bbox 2613 721 2671 759; x_wconf 85' lang='lat' dir='ltr'>v.</span> <span class='ocrx_word' id='word_1_39' title='bbox 2691 700 3082 759; x_wconf 82' lang='lat' dir='ltr'>masorethiei</span> 
     </span>
     <span class='ocr_line' id='line_1_6' title="bbox 573 804 3082 885; baseline -0.003 -18"><span class='ocrx_word' id='word_1_40' title='bbox 573 814 772 867; x_wconf 77' lang='lat' dir='ltr'>textus</span> <span class='ocrx_word' id='word_1_41' title='bbox 816 811 1083 885; x_wconf 86' lang='lat' dir='ltr'>sequitur</span> <span class='ocrx_word' id='word_1_42' title='bbox 1134 808 1567 876; x_wconf 80' lang='lat' dir='ltr'>auctoritatem3</span> <span class='ocrx_word' id='word_1_43' title='bbox 1634 827 1670 863; x_wconf 89' lang='lat' dir='ltr'>a</span> <span class='ocrx_word' id='word_1_44' title='bbox 1715 806 1902 864; x_wconf 88' lang='lat' dir='ltr'>nobili</span> <span class='ocrx_word' id='word_1_45' title='bbox 1950 805 2053 863; x_wconf 89' lang='lat' dir='ltr'>illo</span> <span class='ocrx_word' id='word_1_46' title='bbox 2107 807 2299 863; x_wconf 88' lang='lat' dir='ltr'>codice</span> <span class='ocrx_word' id='word_1_47' title='bbox 2345 806 2714 865; x_wconf 86' lang='lat' dir='ltr'>Samaritano</span> <span class='ocrx_word' id='word_1_48' title='bbox 2763 804 3082 861; x_wconf 84' lang='lat' dir='ltr'>undecimi</span> 
     </span>
     <span class='ocr_line' id='line_1_7' title="bbox 572 898 3080 987; baseline -0.003 -15"><span class='ocrx_word' id='word_1_49' title='bbox 572 912 804 984; x_wconf 88' lang='lat' dir='ltr'>saeculi,</span> <span class='ocrx_word' id='word_1_50' title='bbox 860 913 1015 970; x_wconf 90' lang='lat' dir='ltr'>unde</span> <span class='ocrx_word' id='word_1_51' title='bbox 1063 917 1297 987; x_wconf 87' lang='lat' dir='ltr'>textum</span> <span class='ocrx_word' id='word_1_52' title='bbox 1340 916 1637 986; x_wconf 88' lang='lat' dir='ltr'>receptum</span> <span class='ocrx_word' id='word_1_53' title='bbox 1681 910 1927 969; x_wconf 85' lang='lat' dir='ltr'>fluxisse</span> <span class='ocrx_word' id='word_1_54' title='bbox 1973 914 2226 981; x_wconf 87' lang='lat' dir='ltr'>constat,</span> <span class='ocrx_word' id='word_1_55' title='bbox 2274 911 2340 967; x_wconf 90' lang='lat' dir='ltr'>in</span> <span class='ocrx_word' id='word_1_56' title='bbox 2385 898 2748 987; x_wconf 84' lang='lat' dir='ltr'>paucissimis</span> <span class='ocrx_word' id='word_1_57' title='bbox 2797 907 3080 967; x_wconf 77' lang='lat' dir='ltr'>discedit.</span> 
     </span>
     <span class='ocr_line' id='line_1_8' title="bbox 574 1012 3086 1092; baseline -0.003 -16"><span class='ocrx_word' id='word_1_58' title='bbox 574 1018 813 1089; x_wconf 75' lang='lat' dir='ltr'>Tamen</span> <span class='ocrx_word' id='word_1_59' title='bbox 842 1036 917 1073; x_wconf 91' lang='lat' dir='ltr'>ne</span> <span class='ocrx_word' id='word_1_60' title='bbox 972 1016 1313 1092; x_wconf 76' lang='lat' dir='ltr'>interpretis</span> <span class='ocrx_word' id='word_1_61' title='bbox 1358 1016 1607 1074; x_wconf 87' lang='lat' dir='ltr'>arbitrio</span> <span class='ocrx_word' id='word_1_62' title='bbox 1654 1015 2070 1087; x_wconf 82' lang='lat' dir='ltr'>adscribamus,</span> <span class='ocrx_word' id='word_1_63' title='bbox 2119 1016 2272 1092; x_wconf 89' lang='lat' dir='ltr'>quod</span> <span class='ocrx_word' id='word_1_64' title='bbox 2319 1014 2533 1073; x_wconf 88' lang='lat' dir='ltr'>codicis</span> <span class='ocrx_word' id='word_1_65' title='bbox 2578 1017 2652 1072; x_wconf 89' lang='lat' dir='ltr'>ab</span> <span class='ocrx_word' id='word_1_66' title='bbox 2697 1035 2764 1072; x_wconf 91' lang='lat' dir='ltr'>eo</span> <span class='ocrx_word' id='word_1_67' title='bbox 2809 1012 3086 1071; x_wconf 76' lang='lat' dir='ltr'>adhibiti</span> 
     </span>
     <span class='ocr_line' id='line_1_9' title="bbox 574 1118 3086 1198; baseline -0.002 -19"><span class='ocrx_word' id='word_1_68' title='bbox 574 1121 769 1179; x_wconf 90' lang='lat' dir='ltr'>indole</span> <span class='ocrx_word' id='word_1_69' title='bbox 814 1120 1049 1192; x_wconf 88' lang='lat' dir='ltr'>nititur,</span> <span class='ocrx_word' id='word_1_70' title='bbox 1100 1120 1416 1198; x_wconf 86' lang='lat' dir='ltr'>aliquando</span> <span class='ocrx_word' id='word_1_71' title='bbox 1464 1122 1623 1177; x_wconf 89' lang='lat' dir='ltr'>enim</span> <span class='ocrx_word' id='word_1_72' title='bbox 1653 1139 1690 1177; x_wconf 94' lang='lat' dir='ltr'>a</span> <span class='ocrx_word' id='word_1_73' title='bbox 1720 1118 2090 1177; x_wconf 82' lang='lat' dir='ltr'>Samaritano</span> <span class='ocrx_word' id='word_1_74' title='bbox 2134 1138 2316 1197; x_wconf 87' lang='lat' dir='ltr'>aeque</span> <span class='ocrx_word' id='word_1_75' title='bbox 2361 1139 2430 1177; x_wconf 86' lang='lat' dir='ltr'>ac</span> <span class='ocrx_word' id='word_1_76' title='bbox 2473 1139 2510 1177; x_wconf 91' lang='lat' dir='ltr'>a</span> <span class='ocrx_word' id='word_1_77' title='bbox 2553 1122 2725 1177; x_wconf 83' lang='lat' dir='ltr'>textu</span> <span class='ocrx_word' id='word_1_78' title='bbox 2773 1119 3086 1176; x_wconf 87' lang='lat' dir='ltr'>Hebraico</span> 
     </span>
     <span class='ocr_line' id='line_1_10' title="bbox 573 1222 3080 1299; baseline -0.002 -16"><span class='ocrx_word' id='word_1_79' title='bbox 573 1228 831 1285; x_wconf 85' lang='lat' dir='ltr'>diversas</span> <span class='ocrx_word' id='word_1_80' title='bbox 853 1226 1033 1283; x_wconf 90' lang='lat' dir='ltr'>habet</span> <span class='ocrx_word' id='word_1_81' title='bbox 1053 1224 1353 1295; x_wconf 83' lang='lat' dir='ltr'>lectiones3</span> <span class='ocrx_word' id='word_1_82' title='bbox 1386 1224 1687 1283; x_wconf 90' lang='lat' dir='ltr'>interdum</span> <span class='ocrx_word' id='word_1_83' title='bbox 1719 1244 1851 1282; x_wconf 91' lang='lat' dir='ltr'>cum</span> <span class='ocrx_word' id='word_1_84' title='bbox 1874 1224 2220 1299; x_wconf 85' lang='lat' dir='ltr'>paraphrasi</span> <span class='ocrx_word' id='word_1_85' title='bbox 2245 1222 2556 1281; x_wconf 84' lang='lat' dir='ltr'>Chaldaica</span> <span class='ocrx_word' id='word_1_86' title='bbox 2578 1224 2880 1292; x_wconf 86' lang='lat' dir='ltr'>convenit,</span> <span class='ocrx_word' id='word_1_87' title='bbox 2920 1222 3080 1279; x_wconf 87' lang='lat' dir='ltr'>claro</span> 
     </span>
     <span class='ocr_line' id='line_1_11' title="bbox 573 1327 3082 1403; baseline -0.002 -16"><span class='ocrx_word' id='word_1_88' title='bbox 573 1330 810 1401; x_wconf 80' lang='lat' dir='ltr'>indicio,</span> <span class='ocrx_word' id='word_1_89' title='bbox 846 1334 1143 1387; x_wconf 86' lang='lat' dir='ltr'>auctorem</span> <span class='ocrx_word' id='word_1_90' title='bbox 1166 1350 1233 1387; x_wconf 88' lang='lat' dir='ltr'>ea</span> <span class='ocrx_word' id='word_1_91' title='bbox 1254 1331 1375 1387; x_wconf 87' lang='lat' dir='ltr'>iam</span> <span class='ocrx_word' id='word_1_92' title='bbox 1404 1349 1577 1387; x_wconf 90' lang='lat' dir='ltr'>usum</span> <span class='ocrx_word' id='word_1_93' title='bbox 1600 1328 1796 1386; x_wconf 87' lang='lat' dir='ltr'>fuisse.</span> <span class='ocrx_word' id='word_1_94' title='bbox 1849 1328 2018 1386; x_wconf 88' lang='lat' dir='ltr'>Unde</span> <span class='ocrx_word' id='word_1_95' title='bbox 2042 1332 2205 1403; x_wconf 91' lang='lat' dir='ltr'>patet</span> <span class='ocrx_word' id='word_1_96' title='bbox 2233 1327 2482 1385; x_wconf 82' lang='lat' dir='ltr'>fluxisse</span> <span class='ocrx_word' id='word_1_97' title='bbox 2511 1327 3082 1403; x_wconf 87' lang='lat' dir='ltr'>interpretationem</span> 
     </span>
     <span class='ocr_line' id='line_1_12' title="bbox 573 1428 3082 1510; baseline -0.002 -18"><span class='ocrx_word' id='word_1_98' title='bbox 573 1436 729 1492; x_wconf 86' lang='lat' dir='ltr'>hanc</span> <span class='ocrx_word' id='word_1_99' title='bbox 766 1455 797 1491; x_wconf 92' lang='lat' dir='ltr'>e</span> <span class='ocrx_word' id='word_1_100' title='bbox 826 1435 1019 1491; x_wconf 89' lang='lat' dir='ltr'>codice</span> <span class='ocrx_word' id='word_1_101' title='bbox 1050 1432 1348 1491; x_wconf 86' lang='lat' dir='ltr'>hodiernis</span> <span class='ocrx_word' id='word_1_102' title='bbox 1378 1433 1694 1503; x_wconf 88' lang='lat' dir='ltr'>simillimo,</span> <span class='ocrx_word' id='word_1_103' title='bbox 1740 1434 1814 1491; x_wconf 89' lang='lat' dir='ltr'>ab</span> <span class='ocrx_word' id='word_1_104' title='bbox 1854 1432 1932 1489; x_wconf 90' lang='lat' dir='ltr'>iis</span> <span class='ocrx_word' id='word_1_105' title='bbox 1972 1436 2169 1490; x_wconf 88' lang='lat' dir='ltr'>tamen</span> <span class='ocrx_word' id='word_1_106' title='bbox 2206 1431 2604 1510; x_wconf 85' lang='lat' dir='ltr'>inaliquibus</span> <span class='ocrx_word' id='word_1_107' title='bbox 2646 1433 2882 1490; x_wconf 84' lang='lat' dir='ltr'>diverso</span> <span class='ocrx_word' id='word_1_108' title='bbox 2918 1428 2956 1487; x_wconf 84' lang='lat'>¹.</span> <span class='ocrx_word' id='word_1_109' title='bbox 3019 1429 3082 1487; x_wconf 82' lang='lat' dir='ltr'>Si</span> 
     </span>
     <span class='ocr_line' id='line_1_13' title="bbox 576 1534 3082 1614; baseline -0.003 -18"><span class='ocrx_word' id='word_1_110' title='bbox 576 1558 709 1596; x_wconf 91' lang='lat' dir='ltr'>cum</span> <span class='ocrx_word' id='word_1_111' title='bbox 758 1538 1059 1598; x_wconf 86' lang='lat' dir='ltr'>veteribus</span> <span class='ocrx_word' id='word_1_112' title='bbox 1090 1539 1510 1614; x_wconf 83' lang='lat' dir='ltr'>interpretibus</span> <span class='ocrx_word' id='word_1_113' title='bbox 1554 1539 1857 1613; x_wconf 88' lang='lat' dir='ltr'>graecis,</span> <span class='ocrx_word' id='word_1_114' title='bbox 1907 1536 2248 1595; x_wconf 88' lang='lat' dir='ltr'>chaldaeo</span> <span class='ocrx_word' id='word_1_115' title='bbox 2293 1540 2353 1593; x_wconf 92' lang='lat' dir='ltr'>et</span> <span class='ocrx_word' id='word_1_116' title='bbox 2397 1555 2561 1612; x_wconf 83' lang='lat' dir='ltr'>syro</span> <span class='ocrx_word' id='word_1_117' title='bbox 2599 1536 2965 1603; x_wconf 88' lang='lat' dir='ltr'>conferatur,</span> <span class='ocrx_word' id='word_1_118' title='bbox 3017 1534 3082 1589; x_wconf 90' lang='lat' dir='ltr'>in</span> 
     </span>
     <span class='ocr_line' id='line_1_14' title="bbox 577 1640 3080 1719; baseline -0.002 -18"><span class='ocrx_word' id='word_1_119' title='bbox 577 1663 748 1701; x_wconf 89' lang='lat' dir='ltr'>sensu</span> <span class='ocrx_word' id='word_1_120' title='bbox 801 1643 860 1700; x_wconf 87' lang='lat' dir='ltr'>S.</span> <span class='ocrx_word' id='word_1_121' title='bbox 908 1643 967 1700; x_wconf 83' lang='lat' dir='ltr'>S.</span> <span class='ocrx_word' id='word_1_122' title='bbox 1020 1645 1165 1701; x_wconf 91' lang='lat' dir='ltr'>bene</span> <span class='ocrx_word' id='word_1_123' title='bbox 1218 1644 1582 1719; x_wconf 84' lang='lat' dir='ltr'>scienterque</span> <span class='ocrx_word' id='word_1_124' title='bbox 1625 1643 1914 1700; x_wconf 88' lang='lat' dir='ltr'>reddendo</span> <span class='ocrx_word' id='word_1_125' title='bbox 1960 1642 2278 1699; x_wconf 88' lang='lat' dir='ltr'>inferior</span> <span class='ocrx_word' id='word_1_126' title='bbox 2321 1642 2809 1717; x_wconf 80' lang='lat' dir='ltr'>deprehenditur3</span> <span class='ocrx_word' id='word_1_127' title='bbox 2861 1640 2970 1698; x_wconf 88' lang='lat' dir='ltr'>sed</span> <span class='ocrx_word' id='word_1_128' title='bbox 3015 1641 3080 1695; x_wconf 90' lang='lat' dir='ltr'>in</span> 
     </span>
     <span class='ocr_line' id='line_1_15' title="bbox 575 1724 3079 1824; baseline -0.002 -19"><span class='ocrx_word' id='word_1_129' title='bbox 575 1747 860 1805; x_wconf 88' lang='lat' dir='ltr'>orationis</span> <span class='ocrx_word' id='word_1_130' title='bbox 912 1747 1099 1805; x_wconf 88' lang='lat' dir='ltr'>colore</span> <span class='ocrx_word' id='word_1_131' title='bbox 1148 1724 1231 1804; x_wconf 71' lang='lat' dir='ltr'>et¹</span> <span class='ocrx_word' id='word_1_132' title='bbox 1258 1746 1634 1824; x_wconf 86' lang='lat' dir='ltr'>antiquitatis</span> <span class='ocrx_word' id='word_1_133' title='bbox 1688 1746 1836 1804; x_wconf 87' lang='lat' dir='ltr'>facie</span> <span class='ocrx_word' id='word_1_134' title='bbox 1880 1747 2396 1821; x_wconf 87' lang='lat' dir='ltr'>repraesentanda,</span> <span class='ocrx_word' id='word_1_135' title='bbox 2455 1765 2574 1803; x_wconf 89' lang='lat' dir='ltr'>non</span> <span class='ocrx_word' id='word_1_136' title='bbox 2619 1746 2916 1803; x_wconf 90' lang='lat' dir='ltr'>minorem</span> <span class='ocrx_word' id='word_1_137' title='bbox 2963 1744 3079 1802; x_wconf 90' lang='lat' dir='ltr'>sibi</span> 
     </span>
     <span class='ocr_line' id='line_1_16' title="bbox 576 1848 3078 1927; baseline -0.002 -18"><span class='ocrx_word' id='word_1_138' title='bbox 576 1852 944 1927; x_wconf 85' lang='lat' dir='ltr'>comparavit</span> <span class='ocrx_word' id='word_1_139' title='bbox 980 1852 1229 1909; x_wconf 87' lang='lat' dir='ltr'>laudem.</span> <span class='ocrx_word' id='word_1_140' title='bbox 1295 1851 1457 1914; x_wconf 81' lang='lat' dir='ltr'>Quae</span> <span class='ocrx_word' id='word_1_141' title='bbox 1488 1853 1561 1909; x_wconf 91' lang='lat' dir='ltr'>ob</span> <span class='ocrx_word' id='word_1_142' title='bbox 1592 1851 1909 1909; x_wconf 88' lang='lat' dir='ltr'>indolem</span> <span class='ocrx_word' id='word_1_143' title='bbox 1947 1850 2251 1925; x_wconf 86' lang='lat' dir='ltr'>linguae</span> <span class='ocrx_word' id='word_1_144' title='bbox 2281 1856 2350 1907; x_wconf 90' lang='lat' dir='ltr'>et</span> <span class='ocrx_word' id='word_1_145' title='bbox 2379 1852 2735 1908; x_wconf 89' lang='lat' dir='ltr'>sermonis</span> <span class='ocrx_word' id='word_1_146' title='bbox 2769 1848 3078 1907; x_wconf 83' lang='lat' dir='ltr'>orientalis</span> 
     </span>
     <span class='ocr_line' id='line_1_17' title="bbox 576 1952 3076 2033; baseline -0.002 -20"><span class='ocrx_word' id='word_1_147' title='bbox 576 1956 951 2014; x_wconf 85' lang='lat' dir='ltr'>difficultatis</span> <span class='ocrx_word' id='word_1_148' title='bbox 1001 1956 1227 2033; x_wconf 89' lang='lat' dir='ltr'>aliquid</span> <span class='ocrx_word' id='word_1_149' title='bbox 1272 1957 1511 2026; x_wconf 88' lang='lat' dir='ltr'>habent,</span> <span class='ocrx_word' id='word_1_150' title='bbox 1560 1956 1647 2013; x_wconf 88' lang='lat' dir='ltr'>ita</span> <span class='ocrx_word' id='word_1_151' title='bbox 1692 1976 1727 2013; x_wconf 88' lang='lat' dir='ltr'>a</span> <span class='ocrx_word' id='word_1_152' title='bbox 1765 1956 2135 2013; x_wconf 84' lang='lat' dir='ltr'>Samaritano</span> <span class='ocrx_word' id='word_1_153' title='bbox 2181 1955 2466 2013; x_wconf 87' lang='lat' dir='ltr'>translata</span> <span class='ocrx_word' id='word_1_154' title='bbox 2508 1959 2677 2023; x_wconf 90' lang='lat' dir='ltr'>sunt;</span> <span class='ocrx_word' id='word_1_155' title='bbox 2724 1958 2796 2011; x_wconf 95' lang='lat' dir='ltr'>ut</span> <span class='ocrx_word' id='word_1_156' title='bbox 2839 1952 3076 2010; x_wconf 87' lang='lat' dir='ltr'>etiamsi</span> 
     </span>
     <span class='ocr_line' id='line_1_18' title="bbox 582 2058 3072 2138; baseline -0.001 -22"><span class='ocrx_word' id='word_1_157' title='bbox 582 2060 881 2118; x_wconf 87' lang='lat' dir='ltr'>interdum</span> <span class='ocrx_word' id='word_1_158' title='bbox 911 2062 1185 2136; x_wconf 87' lang='lat' dir='ltr'>peccarit,</span> <span class='ocrx_word' id='word_1_159' title='bbox 1233 2060 1297 2118; x_wconf 90' lang='lat' dir='ltr'>in</span> <span class='ocrx_word' id='word_1_160' title='bbox 1329 2061 1676 2119; x_wconf 85' lang='lat' dir='ltr'>universum</span> <span class='ocrx_word' id='word_1_161' title='bbox 1706 2065 1906 2118; x_wconf 90' lang='lat' dir='ltr'>tamen</span> <span class='ocrx_word' id='word_1_162' title='bbox 1933 2060 2177 2138; x_wconf 89' lang='lat' dir='ltr'>reliquis</span> <span class='ocrx_word' id='word_1_163' title='bbox 2206 2058 2591 2118; x_wconf 83' lang='lat' dir='ltr'>Pentateuohi</span> <span class='ocrx_word' id='word_1_164' title='bbox 2621 2058 3072 2134; x_wconf 83' lang='lat' dir='ltr'>interpretibus,</span> 
     </span>
     <span class='ocr_line' id='line_1_19' title="bbox 576 2163 3073 2239; baseline -0.001 -18"><span class='ocrx_word' id='word_1_165' title='bbox 576 2185 693 2222; x_wconf 91' lang='lat' dir='ltr'>non</span> <span class='ocrx_word' id='word_1_166' title='bbox 743 2166 996 2222; x_wconf 90' lang='lat' dir='ltr'>multum</span> <span class='ocrx_word' id='word_1_167' title='bbox 1034 2165 1217 2222; x_wconf 88' lang='lat' dir='ltr'>cedat.</span> <span class='ocrx_word' id='word_1_168' title='bbox 1267 2163 1429 2225; x_wconf 78' lang='lat' dir='ltr'>Quae</span> <span class='ocrx_word' id='word_1_169' title='bbox 1461 2165 1699 2222; x_wconf 88' lang='lat' dir='ltr'>divinae</span> <span class='ocrx_word' id='word_1_170' title='bbox 1730 2164 2025 2222; x_wconf 88' lang='lat' dir='ltr'>maiestati</span> <span class='ocrx_word' id='word_1_171' title='bbox 2064 2166 2340 2238; x_wconf 84' lang='lat' dir='ltr'>derogare</span> <span class='ocrx_word' id='word_1_172' title='bbox 2371 2182 2532 2239; x_wconf 89' lang='lat' dir='ltr'>posse</span> <span class='ocrx_word' id='word_1_173' title='bbox 2581 2164 2847 2237; x_wconf 86' lang='lat' dir='ltr'>putabat,</span> <span class='ocrx_word' id='word_1_174' title='bbox 2883 2164 3073 2220; x_wconf 87' lang='lat' dir='ltr'>inter-</span> 
     </span>
     <span class='ocr_line' id='line_1_20' title="bbox 578 2265 3074 2344; baseline -0.002 -19"><span class='ocrx_word' id='word_1_175' title='bbox 578 2289 708 2344; x_wconf 87' lang='lat' dir='ltr'>pres</span> <span class='ocrx_word' id='word_1_176' title='bbox 761 2269 1080 2342; x_wconf 86' lang='lat' dir='ltr'>corrigere,</span> <span class='ocrx_word' id='word_1_177' title='bbox 1143 2271 1359 2325; x_wconf 88' lang='lat' dir='ltr'>rectius</span> <span class='ocrx_word' id='word_1_178' title='bbox 1412 2287 1786 2344; x_wconf 90' lang='lat' dir='ltr'>corrumpere</span> <span class='ocrx_word' id='word_1_179' title='bbox 1837 2270 2164 2343; x_wconf 85' lang='lat' dir='ltr'>satagebat;</span> <span class='ocrx_word' id='word_1_180' title='bbox 2220 2288 2387 2327; x_wconf 85' lang='lat' dir='ltr'>voces</span> <span class='ocrx_word' id='word_1_181' title='bbox 2439 2269 2510 2325; x_wconf 87' lang='lat' dir='ltr'>de</span> <span class='ocrx_word' id='word_1_182' title='bbox 2554 2270 2727 2325; x_wconf 87' lang='lat' dir='ltr'>rebus</span> <span class='ocrx_word' id='word_1_183' title='bbox 2776 2265 3074 2325; x_wconf 87' lang='lat' dir='ltr'>obscoenis</span> 
     </span>
     <span class='ocr_line' id='line_1_21' title="bbox 579 2372 3074 2450; baseline -0.001 -21"><span class='ocrx_word' id='word_1_184' title='bbox 579 2374 709 2431; x_wconf 89' lang='lat' dir='ltr'>aliis</span> <span class='ocrx_word' id='word_1_185' title='bbox 769 2378 1105 2448; x_wconf 87' lang='lat' dir='ltr'>permutare</span> <span class='ocrx_word' id='word_1_186' title='bbox 1120 2418 1133 2444; x_wconf 92' lang='lat'>,</span> <span class='ocrx_word' id='word_1_187' title='bbox 1197 2374 1459 2430; x_wconf 90' lang='lat' dir='ltr'>membra</span> <span class='ocrx_word' id='word_1_188' title='bbox 1518 2392 1668 2450; x_wconf 87' lang='lat' dir='ltr'>quae</span> <span class='ocrx_word' id='word_1_189' title='bbox 1728 2372 1970 2430; x_wconf 89' lang='lat' dir='ltr'>disiecta</span> <span class='ocrx_word' id='word_1_190' title='bbox 2030 2375 2299 2431; x_wconf 88' lang='lat' dir='ltr'>censebat</span> <span class='ocrx_word' id='word_1_191' title='bbox 2359 2374 2424 2430; x_wconf 92' lang='lat' dir='ltr'>in</span> <span class='ocrx_word' id='word_1_192' title='bbox 2484 2372 2749 2429; x_wconf 86' lang='lat' dir='ltr'>ordinem</span> <span class='ocrx_word' id='word_1_193' title='bbox 2809 2373 3074 2445; x_wconf 89' lang='lat' dir='ltr'>redigere</span> 
     </span>
     <span class='ocr_line' id='line_1_22' title="bbox 580 2461 3072 2554; baseline -0 -21"><span class='ocrx_word' id='word_1_194' title='bbox 580 2461 824 2535; x_wconf 82' lang='lat' dir='ltr'>studuit.</span> <span class='ocrx_word' id='word_1_195' title='bbox 887 2476 1171 2535; x_wconf 79' lang='lat' dir='ltr'>Pervenit</span> <span class='ocrx_word' id='word_1_196' title='bbox 1220 2478 1294 2534; x_wconf 89' lang='lat' dir='ltr'>ad</span> <span class='ocrx_word' id='word_1_197' title='bbox 1340 2496 1443 2533; x_wconf 92' lang='lat' dir='ltr'>nos</span> <span class='ocrx_word' id='word_1_198' title='bbox 1499 2478 1679 2535; x_wconf 89' lang='lat' dir='ltr'>etiam</span> <span class='ocrx_word' id='word_1_199' title='bbox 1724 2478 2008 2554; x_wconf 87' lang='lat' dir='ltr'>quaedam</span> <span class='ocrx_word' id='word_1_200' title='bbox 2059 2478 2252 2536; x_wconf 83' lang='lat' dir='ltr'>versio</span> <span class='ocrx_word' id='word_1_201' title='bbox 2271 2523 2284 2549; x_wconf 95' lang='lat'>,</span> <span class='ocrx_word' id='word_1_202' title='bbox 2345 2476 2532 2535; x_wconf 88' lang='lat' dir='ltr'>altera</span> <span class='ocrx_word' id='word_1_203' title='bbox 2581 2475 3072 2534; x_wconf 83' lang='lat' dir='ltr'>Samaritano-</span> 
     </span>
     <span class='ocr_line' id='line_1_23' title="bbox 579 2578 3071 2654; baseline 0 -16"><span class='ocrx_word' id='word_1_204' title='bbox 579 2582 879 2638; x_wconf 88' lang='lat' dir='ltr'>arabica</span> <span class='ocrx_word' id='word_1_205' title='bbox 922 2583 1115 2639; x_wconf 86' lang='lat' dir='ltr'>studio</span> <span class='ocrx_word' id='word_1_206' title='bbox 1164 2582 1465 2639; x_wconf 87' lang='lat' dir='ltr'>cuiusdam</span> <span class='ocrx_word' id='word_1_207' title='bbox 1511 2578 2020 2639; x_wconf 79' lang='lat' dir='ltr'>Abu-Saidae2</span> <span class='ocrx_word' id='word_1_208' title='bbox 2070 2584 2226 2640; x_wconf 89' lang='lat' dir='ltr'>facta</span> <span class='ocrx_word' id='word_1_209' title='bbox 2268 2602 2299 2639; x_wconf 92' lang='lat' dir='ltr'>e</span> <span class='ocrx_word' id='word_1_210' title='bbox 2345 2587 2521 2639; x_wconf 81' lang='lat' dir='ltr'>textu</span> <span class='ocrx_word' id='word_1_211' title='bbox 2565 2582 3071 2654; x_wconf 84' lang='lat' dir='ltr'>Hebraeo-Sama-</span> 
     </span>
     <span class='ocr_line' id='line_1_24' title="bbox 579 2685 3070 2764; baseline 0 -23"><span class='ocrx_word' id='word_1_212' title='bbox 579 2685 793 2757; x_wconf 87' lang='lat' dir='ltr'>ritano,</span> <span class='ocrx_word' id='word_1_213' title='bbox 844 2687 1127 2744; x_wconf 87' lang='lat' dir='ltr'>adhibitis</span> <span class='ocrx_word' id='word_1_214' title='bbox 1158 2689 1224 2743; x_wconf 90' lang='lat' dir='ltr'>in</span> <span class='ocrx_word' id='word_1_215' title='bbox 1264 2687 1590 2744; x_wconf 87' lang='lat' dir='ltr'>subsidium</span> <span class='ocrx_word' id='word_1_216' title='bbox 1621 2687 2004 2745; x_wconf 88' lang='lat' dir='ltr'>Versionibus</span> <span class='ocrx_word' id='word_1_217' title='bbox 2042 2687 2286 2746; x_wconf 87' lang='lat' dir='ltr'>Saadiae</span> <span class='ocrx_word' id='word_1_218' title='bbox 2334 2692 2393 2744; x_wconf 91' lang='lat' dir='ltr'>et</span> <span class='ocrx_word' id='word_1_219' title='bbox 2438 2687 2780 2764; x_wconf 74' lang='lat' dir='ltr'>interpretis</span> <span class='ocrx_word' id='word_1_220' title='bbox 2811 2687 3070 2744; x_wconf 86' lang='lat' dir='ltr'>Samari-</span> 
     </span>
     <span class='ocr_line' id='line_1_25' title="bbox 580 2787 3072 2868; baseline 0 -22"><span class='ocrx_word' id='word_1_221' title='bbox 580 2789 708 2846; x_wconf 89' lang='lat' dir='ltr'>tani</span> <span class='ocrx_word' id='word_1_222' title='bbox 731 2787 773 2846; x_wconf 84' lang='grc'><strong>3.</strong></span> <span class='ocrx_word' id='word_1_223' title='bbox 844 2791 1047 2848; x_wconf 81' lang='lat' dir='ltr'>Tertia</span> <span class='ocrx_word' id='word_1_224' title='bbox 1094 2791 1345 2868; x_wconf 89' lang='lat' dir='ltr'>denique</span> <span class='ocrx_word' id='word_1_225' title='bbox 1392 2811 1427 2849; x_wconf 88' lang='lat' dir='ltr'>a</span> <span class='ocrx_word' id='word_1_226' title='bbox 1468 2791 1690 2849; x_wconf 86' lang='lat' dir='ltr'>criticis</span> <span class='ocrx_word' id='word_1_227' title='bbox 1735 2791 1952 2866; x_wconf 88' lang='lat' dir='ltr'>passim</span> <span class='ocrx_word' id='word_1_228' title='bbox 2001 2792 2138 2849; x_wconf 90' lang='lat' dir='ltr'>addi</span> <span class='ocrx_word' id='word_1_229' title='bbox 2185 2792 2332 2850; x_wconf 92' lang='lat' dir='ltr'>solet</span> <span class='ocrx_word' id='word_1_230' title='bbox 2389 2791 2690 2863; x_wconf 82' lang='lat' dir='ltr'>Graeca,</span> <span class='ocrx_word' id='word_1_231' title='bbox 2747 2812 2779 2848; x_wconf 91' lang='lat' dir='ltr'>e</span> <span class='ocrx_word' id='word_1_232' title='bbox 2825 2793 3072 2849; x_wconf 88' lang='lat' dir='ltr'>Patrum</span> 
     </span>
    </p>
   </div>
   <div class='ocr_carea' id='block_1_5' title="bbox 829 2912 992 2918">
    <p class='ocr_par' dir='ltr' id='par_1_5' title="bbox 829 2912 992 2918">
     <span class='ocr_line' id='line_1_26' title="bbox 829 2912 992 2918; baseline 0 0"><span class='ocrx_word' id='word_1_233' title='bbox 829 2912 992 2918; x_wconf 95' lang='lat' dir='ltr'> </span> 
     </span>
    </p>
   </div>
   <div class='ocr_carea' id='block_1_6' title="bbox 579 2961 3074 4670">
    <p class='ocr_par' dir='ltr' id='par_1_6' title="bbox 579 2961 3070 3375">
     <span class='ocr_line' id='line_1_27' title="bbox 582 2961 3068 3028; baseline 0 -19"><span class='ocrx_word' id='word_1_234' title='bbox 582 2962 700 3010; x_wconf 89' lang='lat' dir='ltr'>eine</span> <span class='ocrx_word' id='word_1_235' title='bbox 742 2961 870 3011; x_wconf 90' lang='lat' dir='ltr'>bibl.</span> <span class='ocrx_word' id='word_1_236' title='bbox 906 2962 1029 3012; x_wconf 86' lang='lat' dir='ltr'>krit.</span> <span class='ocrx_word' id='word_1_237' title='bbox 1066 2962 1225 3012; x_wconf 87' lang='lat' dir='ltr'>Reise</span> <span class='ocrx_word' id='word_1_238' title='bbox 1276 2962 1413 3011; x_wconf 89' lang='lat' dir='ltr'>nach</span> <span class='ocrx_word' id='word_1_239' title='bbox 1449 2961 1601 3011; x_wconf 89' lang='lat' dir='ltr'>Rom.</span> <span class='ocrx_word' id='word_1_240' title='bbox 1646 2963 1859 3012; x_wconf 88' lang='lat' dir='ltr'>Altona.</span> <span class='ocrx_word' id='word_1_241' title='bbox 1901 2963 2049 3012; x_wconf 86' lang='grc'><strong>1783.</strong></span> <span class='ocrx_word' id='word_1_242' title='bbox 2098 2980 2150 3028; x_wconf 90' lang='lat' dir='ltr'>p.</span> <span class='ocrx_word' id='word_1_243' title='bbox 2192 2963 2308 3012; x_wconf 89' lang='lat'><strong>138.</strong></span> <span class='ocrx_word' id='word_1_244' title='bbox 2346 2978 2387 3011; x_wconf 88' lang='lat' dir='ltr'>s.</span> <span class='ocrx_word' id='word_1_245' title='bbox 2445 2961 2726 3027; x_wconf 88' lang='lat' dir='ltr'>Specimen</span> <span class='ocrx_word' id='word_1_246' title='bbox 2765 2979 2795 3010; x_wconf 92' lang='lat' dir='ltr'>e</span> <span class='ocrx_word' id='word_1_247' title='bbox 2840 2962 2976 3013; x_wconf 83' lang='lat' dir='ltr'>Cod.</span> <span class='ocrx_word' id='word_1_248' title='bbox 3011 2963 3068 3010; x_wconf 91' lang='lat' dir='ltr'>B.</span> 
     </span>
     <span class='ocr_line' id='line_1_28' title="bbox 580 3048 3070 3116; baseline 0.001 -20"><span class='ocrx_word' id='word_1_249' title='bbox 580 3048 909 3098; x_wconf 84' lang='lat' dir='ltr'>Barberinae</span> <span class='ocrx_word' id='word_1_250' title='bbox 948 3064 1031 3114; x_wconf 89' lang='lat' dir='ltr'>ap.</span> <span class='ocrx_word' id='word_1_251' title='bbox 1069 3048 1442 3099; x_wconf 89' lang='lat' dir='ltr'>Blanchinium</span> <span class='ocrx_word' id='word_1_252' title='bbox 1478 3050 1577 3099; x_wconf 85' lang='lat' dir='ltr'>Ev.</span> <span class='ocrx_word' id='word_1_253' title='bbox 1614 3049 1815 3111; x_wconf 82' lang='lat' dir='ltr'>Quadr.</span> <span class='ocrx_word' id='word_1_254' title='bbox 1852 3051 1922 3111; x_wconf 85' lang='grc' dir='ltr'>Π,</span> <span class='ocrx_word' id='word_1_255' title='bbox 1958 3048 2150 3098; x_wconf 87' lang='lat' dir='ltr'>DCIV.</span> <span class='ocrx_word' id='word_1_256' title='bbox 2189 3050 2298 3099; x_wconf 89' lang='lat' dir='ltr'>tab.</span> <span class='ocrx_word' id='word_1_257' title='bbox 2325 3086 2409 3103; x_wconf 79' lang='lat'>—.</span> <span class='ocrx_word' id='word_1_258' title='bbox 2457 3049 2608 3098; x_wconf 88' lang='lat' dir='ltr'>Unus</span> <span class='ocrx_word' id='word_1_259' title='bbox 2633 3050 2820 3100; x_wconf 88' lang='lat' dir='ltr'>Winer</span> <span class='ocrx_word' id='word_1_260' title='bbox 2857 3051 3070 3116; x_wconf 89' lang='lat' dir='ltr'>quidem</span> 
     </span>
     <span class='ocr_line' id='line_1_29' title="bbox 580 3135 3069 3202; baseline 0.002 -20"><span class='ocrx_word' id='word_1_261' title='bbox 580 3135 615 3184; x_wconf 91' lang='lat' dir='ltr'>l.</span> <span class='ocrx_word' id='word_1_262' title='bbox 644 3150 687 3185; x_wconf 87' lang='lat' dir='ltr'>c.</span> <span class='ocrx_word' id='word_1_263' title='bbox 728 3135 1121 3184; x_wconf 86' lang='lat' dir='ltr'>similitudinem</span> <span class='ocrx_word' id='word_1_264' title='bbox 1161 3152 1367 3185; x_wconf 89' lang='lat' dir='ltr'>omnem</span> <span class='ocrx_word' id='word_1_265' title='bbox 1408 3151 1435 3185; x_wconf 91' lang='lat' dir='ltr'>e</span> <span class='ocrx_word' id='word_1_266' title='bbox 1462 3135 1748 3186; x_wconf 85' lang='lat' dir='ltr'>traditione</span> <span class='ocrx_word' id='word_1_267' title='bbox 1781 3138 2003 3202; x_wconf 87' lang='lat' dir='ltr'>antiqua</span> <span class='ocrx_word' id='word_1_268' title='bbox 2026 3137 2441 3197; x_wconf 88' lang='lat' dir='ltr'>hermeneutica,</span> <span class='ocrx_word' id='word_1_269' title='bbox 2478 3136 2544 3186; x_wconf 88' lang='lat' dir='ltr'>de</span> <span class='ocrx_word' id='word_1_270' title='bbox 2569 3152 2675 3202; x_wconf 91' lang='lat' dir='ltr'>qua</span> <span class='ocrx_word' id='word_1_271' title='bbox 2698 3137 2750 3187; x_wconf 86' lang='lat' dir='ltr'>J.</span> <span class='ocrx_word' id='word_1_272' title='bbox 2779 3137 2843 3187; x_wconf 80' lang='lat' dir='ltr'>G.</span> <span class='ocrx_word' id='word_1_273' title='bbox 2867 3138 3069 3187; x_wconf 82' lang='lat' dir='ltr'>Roseu-</span> 
     </span>
     <span class='ocr_line' id='line_1_30' title="bbox 579 3221 3069 3288; baseline 0.001 -18"><span class='ocrx_word' id='word_1_274' title='bbox 579 3221 783 3284; x_wconf 76' lang='lat' dir='ltr'>mflller,</span> <span class='ocrx_word' id='word_1_275' title='bbox 829 3223 887 3271; x_wconf 89' lang='lat' dir='ltr'>in</span> <span class='ocrx_word' id='word_1_276' title='bbox 930 3238 1046 3286; x_wconf 88' lang='lat' dir='ltr'>pec.</span> <span class='ocrx_word' id='word_1_277' title='bbox 1086 3223 1210 3272; x_wconf 88' lang='lat' dir='ltr'>diss.</span> <span class='ocrx_word' id='word_1_278' title='bbox 1259 3222 1407 3287; x_wconf 89' lang='lat' dir='ltr'>Lips.</span> <span class='ocrx_word' id='word_1_279' title='bbox 1462 3224 1610 3273; x_wconf 88' lang='grc'><strong>1786.</strong></span> <span class='ocrx_word' id='word_1_280' title='bbox 1663 3228 1997 3288; x_wconf 84' lang='lat' dir='ltr'>exposuerat,</span> <span class='ocrx_word' id='word_1_281' title='bbox 2047 3228 2210 3288; x_wconf 87' lang='lat' dir='ltr'>atque</span> <span class='ocrx_word' id='word_1_282' title='bbox 2261 3239 2323 3273; x_wconf 81' lang='lat' dir='ltr'>ex</span> <span class='ocrx_word' id='word_1_283' title='bbox 2372 3223 2786 3288; x_wconf 83' lang='lat' dir='ltr'>interpolatione</span> <span class='ocrx_word' id='word_1_284' title='bbox 2837 3224 3069 3286; x_wconf 78' lang='lat' dir='ltr'>derivat3</span> 
     </span>
     <span class='ocr_line' id='line_1_31' title="bbox 582 3307 3065 3375; baseline 0.001 -19"><span class='ocrx_word' id='word_1_285' title='bbox 582 3307 728 3357; x_wconf 85' lang='lat' dir='ltr'>addit</span> <span class='ocrx_word' id='word_1_286' title='bbox 763 3313 943 3357; x_wconf 89' lang='lat' dir='ltr'>tamen</span> <span class='ocrx_word' id='word_1_287' title='bbox 967 3325 1018 3372; x_wconf 89' lang='lat' dir='ltr'>p.</span> <span class='ocrx_word' id='word_1_288' title='bbox 1045 3311 1127 3358; x_wconf 87' lang='grc'><strong>67.</strong></span> <span class='ocrx_word' id='word_1_289' title='bbox 1156 3325 1213 3358; x_wconf 89' lang='lat' dir='ltr'>se</span> <span class='ocrx_word' id='word_1_290' title='bbox 1240 3310 1398 3358; x_wconf 85' lang='lat' dir='ltr'>etiam</span> <span class='ocrx_word' id='word_1_291' title='bbox 1437 3311 1736 3359; x_wconf 85' lang='lat' dir='ltr'>contrariae</span> <span class='ocrx_word' id='word_1_292' title='bbox 1773 3311 2086 3372; x_wconf 87' lang='lat' dir='ltr'>sententiae,</span> <span class='ocrx_word' id='word_1_293' title='bbox 2113 3325 2222 3359; x_wconf 91' lang='lat' dir='ltr'>non</span> <span class='ocrx_word' id='word_1_294' title='bbox 2245 3311 2592 3372; x_wconf 85' lang='lat' dir='ltr'>pertinaciter</span> <span class='ocrx_word' id='word_1_295' title='bbox 2629 3315 3065 3375; x_wconf 83' lang='lat' dir='ltr'>repugnaturum.</span> 
     </span>
    </p>

    <p class='ocr_par' dir='ltr' id='par_1_7' title="bbox 581 3393 3074 4670">
     <span class='ocr_line' id='line_1_32' title="bbox 777 3393 3070 3461; baseline 0.001 -18"><span class='ocrx_word' id='word_1_296' title='bbox 777 3393 815 3456; x_wconf 88' lang='lat'>¹)</span> <span class='ocrx_word' id='word_1_297' title='bbox 840 3394 1004 3444; x_wconf 86' lang='lat' dir='ltr'>Edita</span> <span class='ocrx_word' id='word_1_298' title='bbox 1029 3400 1110 3444; x_wconf 88' lang='lat' dir='ltr'>est</span> <span class='ocrx_word' id='word_1_299' title='bbox 1134 3409 1255 3444; x_wconf 87' lang='lat' dir='ltr'>cum</span> <span class='ocrx_word' id='word_1_300' title='bbox 1274 3395 1640 3445; x_wconf 87' lang='lat' dir='ltr'>Pentateucho</span> <span class='ocrx_word' id='word_1_301' title='bbox 1664 3395 2295 3459; x_wconf 83' lang='lat' dir='ltr'>Hebraeo-Samaritano,</span> <span class='ocrx_word' id='word_1_302' title='bbox 2321 3396 2496 3446; x_wconf 89' lang='lat' dir='ltr'>studio</span> <span class='ocrx_word' id='word_1_303' title='bbox 2523 3401 2576 3445; x_wconf 91' lang='lat' dir='ltr'>et</span> <span class='ocrx_word' id='word_1_304' title='bbox 2599 3411 2763 3461; x_wconf 85' lang='lat' dir='ltr'>opera</span> <span class='ocrx_word' id='word_1_305' title='bbox 2788 3397 2826 3446; x_wconf 84' lang='lat' dir='ltr'><strong>J</strong></span> <span class='ocrx_word' id='word_1_306' title='bbox 2837 3399 3070 3446; x_wconf 85' lang='lat' dir='ltr'>oannis</span> 
     </span>
     <span class='ocr_line' id='line_1_33' title="bbox 581 3481 3068 3546; baseline 0.002 -18"><span class='ocrx_word' id='word_1_307' title='bbox 581 3481 860 3541; x_wconf 89' lang='lat' dir='ltr'>Morini,</span> <span class='ocrx_word' id='word_1_308' title='bbox 910 3481 1059 3530; x_wconf 87' lang='lat' dir='ltr'>Tom.</span> <span class='ocrx_word' id='word_1_309' title='bbox 1099 3481 1163 3530; x_wconf 91' lang='lat' dir='ltr'>V.</span> <span class='ocrx_word' id='word_1_310' title='bbox 1207 3481 1502 3531; x_wconf 89' lang='lat' dir='ltr'>Bibliorum</span> <span class='ocrx_word' id='word_1_311' title='bbox 1539 3482 1961 3546; x_wconf 86' lang='lat' dir='ltr'>Polyglottorum</span> <span class='ocrx_word' id='word_1_312' title='bbox 2000 3483 2379 3533; x_wconf 88' lang='lat' dir='ltr'>Parisieusium</span> <span class='ocrx_word' id='word_1_313' title='bbox 2427 3499 2456 3533; x_wconf 92' lang='lat' dir='ltr'>e</span> <span class='ocrx_word' id='word_1_314' title='bbox 2495 3482 2694 3532; x_wconf 87' lang='lat' dir='ltr'>Codice</span> <span class='ocrx_word' id='word_1_315' title='bbox 2731 3483 2792 3532; x_wconf 89' lang='lat' dir='ltr'>P.</span> <span class='ocrx_word' id='word_1_316' title='bbox 2831 3484 3068 3546; x_wconf 82' lang='lat' dir='ltr'>Vallaei3</span> 
     </span>
     <span class='ocr_line' id='line_1_34' title="bbox 582 3567 3072 3632; baseline 0.002 -17"><span class='ocrx_word' id='word_1_317' title='bbox 582 3567 834 3615; x_wconf 90' lang='lat' dir='ltr'>Peirescii</span> <span class='ocrx_word' id='word_1_318' title='bbox 872 3567 1009 3615; x_wconf 89' lang='lat' dir='ltr'>enim</span> <span class='ocrx_word' id='word_1_319' title='bbox 1046 3568 1307 3616; x_wconf 86' lang='lat' dir='ltr'>senatoris</span> <span class='ocrx_word' id='word_1_320' title='bbox 1343 3568 1627 3632; x_wconf 85' lang='lat' dir='ltr'>Aquensis,</span> <span class='ocrx_word' id='word_1_321' title='bbox 1666 3570 2020 3619; x_wconf 86' lang='lat' dir='ltr'>samaritanus</span> <span class='ocrx_word' id='word_1_322' title='bbox 2057 3570 2222 3620; x_wconf 89' lang='lat' dir='ltr'>Liber</span> <span class='ocrx_word' id='word_1_323' title='bbox 2256 3570 2512 3620; x_wconf 89' lang='lat' dir='ltr'>Damasci</span> <span class='ocrx_word' id='word_1_324' title='bbox 2549 3573 2719 3620; x_wconf 86' lang='lat' dir='ltr'>emtus</span> <span class='ocrx_word' id='word_1_325' title='bbox 2759 3571 2916 3620; x_wconf 82' lang='lat'>1631.</span> <span class='ocrx_word' id='word_1_326' title='bbox 2943 3599 3010 3608; x_wconf 89' lang='lat'>—</span> <span class='ocrx_word' id='word_1_327' title='bbox 3045 3587 3072 3619; x_wconf 91' lang='lat' dir='ltr'>e</span> 
     </span>
     <span class='ocr_line' id='line_1_35' title="bbox 582 3652 3071 3722; baseline 0.001 -18"><span class='ocrx_word' id='word_1_328' title='bbox 582 3657 901 3704; x_wconf 88' lang='lat' dir='ltr'>testamento</span> <span class='ocrx_word' id='word_1_329' title='bbox 929 3652 1084 3702; x_wconf 88' lang='lat' dir='ltr'>Card.</span> <span class='ocrx_word' id='word_1_330' title='bbox 1111 3654 1199 3703; x_wconf 87' lang='lat' dir='ltr'>Fr.</span> <span class='ocrx_word' id='word_1_331' title='bbox 1225 3654 1539 3704; x_wconf 87' lang='lat' dir='ltr'>Barberinio</span> <span class='ocrx_word' id='word_1_332' title='bbox 1577 3655 1788 3720; x_wconf 87' lang='lat' dir='ltr'>legatus</span> <span class='ocrx_word' id='word_1_333' title='bbox 1816 3683 1880 3692; x_wconf 88' lang='lat'>—</span> <span class='ocrx_word' id='word_1_334' title='bbox 1907 3656 2154 3706; x_wconf 85' lang='lat' dir='ltr'>absoluta</span> <span class='ocrx_word' id='word_1_335' title='bbox 2179 3657 2388 3706; x_wconf 89' lang='lat' dir='ltr'>demum</span> <span class='ocrx_word' id='word_1_336' title='bbox 2425 3661 2672 3722; x_wconf 85' lang='lat' dir='ltr'>typorum</span> <span class='ocrx_word' id='word_1_337' title='bbox 2709 3656 3071 3722; x_wconf 83' lang='lat' dir='ltr'>descriptione</span> 
     </span>
     <span class='ocr_line' id='line_1_36' title="bbox 582 3740 3066 3808; baseline 0.002 -20"><span class='ocrx_word' id='word_1_338' title='bbox 582 3741 817 3805; x_wconf 80' lang='lat' dir='ltr'>Parisios</span> <span class='ocrx_word' id='word_1_339' title='bbox 848 3740 1083 3805; x_wconf 84' lang='lat' dir='ltr'>perlatus</span> <span class='ocrx_word' id='word_1_340' title='bbox 1112 3745 1210 3790; x_wconf 91' lang='lat' dir='ltr'>est.</span> <span class='ocrx_word' id='word_1_341' title='bbox 1255 3740 1453 3790; x_wconf 87' lang='lat' dir='ltr'>Addita</span> <span class='ocrx_word' id='word_1_342' title='bbox 1479 3748 1561 3790; x_wconf 88' lang='lat' dir='ltr'>est</span> <span class='ocrx_word' id='word_1_343' title='bbox 1584 3742 1652 3790; x_wconf 89' lang='lat' dir='ltr'>ab</span> <span class='ocrx_word' id='word_1_344' title='bbox 1679 3741 1881 3791; x_wconf 87' lang='lat' dir='ltr'>editore</span> <span class='ocrx_word' id='word_1_345' title='bbox 1918 3742 2087 3791; x_wconf 86' lang='lat' dir='ltr'>latina</span> <span class='ocrx_word' id='word_1_346' title='bbox 2111 3744 2224 3792; x_wconf 88' lang='lat' dir='ltr'>eius</span> <span class='ocrx_word' id='word_1_347' title='bbox 2249 3744 2444 3792; x_wconf 79' lang='lat' dir='ltr'>versio,</span> <span class='ocrx_word' id='word_1_348' title='bbox 2491 3743 2784 3808; x_wconf 86' lang='lat' dir='ltr'>Utramque</span> <span class='ocrx_word' id='word_1_349' title='bbox 2811 3745 3066 3793; x_wconf 78' lang='lat' dir='ltr'>correctis</span> 
     </span>
     <span class='ocr_line' id='line_1_37' title="bbox 583 3826 3071 3894; baseline 0.001 -19"><span class='ocrx_word' id='word_1_350' title='bbox 583 3827 686 3876; x_wconf 89' lang='lat' dir='ltr'>nisi</span> <span class='ocrx_word' id='word_1_351' title='bbox 720 3826 1013 3876; x_wconf 86' lang='lat' dir='ltr'>manifestis</span> <span class='ocrx_word' id='word_1_352' title='bbox 1048 3826 1447 3891; x_wconf 80' lang='lat' dir='ltr'>typographicis</span> <span class='ocrx_word' id='word_1_353' title='bbox 1484 3827 1770 3890; x_wconf 88' lang='lat' dir='ltr'>erroribus,</span> <span class='ocrx_word' id='word_1_354' title='bbox 1809 3829 1864 3876; x_wconf 91' lang='lat' dir='ltr'>in</span> <span class='ocrx_word' id='word_1_355' title='bbox 1900 3829 2268 3878; x_wconf 86' lang='lat' dir='ltr'>Londinensia</span> <span class='ocrx_word' id='word_1_356' title='bbox 2303 3829 2506 3894; x_wconf 88' lang='lat' dir='ltr'>recepit</span> <span class='ocrx_word' id='word_1_357' title='bbox 2539 3829 2776 3878; x_wconf 86' lang='lat' dir='ltr'>Walton.</span> <span class='ocrx_word' id='word_1_358' title='bbox 2835 3829 2876 3894; x_wconf 84' lang='lat'>²)</span> <span class='ocrx_word' id='word_1_359' title='bbox 2918 3829 3071 3880; x_wconf 85' lang='lat' dir='ltr'>Saec.</span> 
     </span>
     <span class='ocr_line' id='line_1_38' title="bbox 582 3912 3070 3980; baseline 0.002 -21"><span class='ocrx_word' id='word_1_360' title='bbox 582 3913 675 3960; x_wconf 84' lang='lat' dir='ltr'>XI.</span> <span class='ocrx_word' id='word_1_361' title='bbox 711 3913 798 3961; x_wconf 85' lang='lat' dir='ltr'>vel</span> <span class='ocrx_word' id='word_1_362' title='bbox 833 3913 952 3962; x_wconf 90' lang='lat' dir='ltr'>XII.</span> <span class='ocrx_word' id='word_1_363' title='bbox 989 3913 1243 3962; x_wconf 89' lang='lat' dir='ltr'>florentis.</span> <span class='ocrx_word' id='word_1_364' title='bbox 1280 3913 1343 3962; x_wconf 93' lang='lat' dir='ltr'>V.</span> <span class='ocrx_word' id='word_1_365' title='bbox 1384 3912 1688 3975; x_wconf 84' lang='lat' dir='ltr'>Gesenium,</span> <span class='ocrx_word' id='word_1_366' title='bbox 1724 3913 1760 3962; x_wconf 89' lang='lat' dir='ltr'>l.</span> <span class='ocrx_word' id='word_1_367' title='bbox 1799 3929 1845 3963; x_wconf 88' lang='lat' dir='ltr'>c.</span> <span class='ocrx_word' id='word_1_368' title='bbox 1883 3931 1934 3980; x_wconf 90' lang='lat' dir='ltr'>p.</span> <span class='ocrx_word' id='word_1_369' title='bbox 1973 3917 2057 3964; x_wconf 79' lang='lat'>20.</span> <span class='ocrx_word' id='word_1_370' title='bbox 2131 3915 2172 3979; x_wconf 77' lang='lat'>³)</span> <span class='ocrx_word' id='word_1_371' title='bbox 2211 3915 2549 3980; x_wconf 81' lang='lat' dir='ltr'>Quamquam</span> <span class='ocrx_word' id='word_1_372' title='bbox 2587 3919 2790 3980; x_wconf 89' lang='lat' dir='ltr'>septem</span> <span class='ocrx_word' id='word_1_373' title='bbox 2829 3916 3070 3965; x_wconf 88' lang='lat' dir='ltr'>eiusdem</span> 
     </span>
     <span class='ocr_line' id='line_1_39' title="bbox 584 3998 3070 4068; baseline 0.001 -21"><span class='ocrx_word' id='word_1_374' title='bbox 584 3999 795 4048; x_wconf 85' lang='lat' dir='ltr'>codices</span> <span class='ocrx_word' id='word_1_375' title='bbox 831 4000 973 4048; x_wconf 90' lang='lat' dir='ltr'>mssi.</span> <span class='ocrx_word' id='word_1_376' title='bbox 999 4001 1055 4048; x_wconf 89' lang='lat' dir='ltr'>in</span> <span class='ocrx_word' id='word_1_377' title='bbox 1079 3998 1427 4050; x_wconf 88' lang='lat' dir='ltr'>Bibliothecis</span> <span class='ocrx_word' id='word_1_378' title='bbox 1444 4000 1706 4064; x_wconf 51' lang='lat' dir='ltr'>,Europae</span> <span class='ocrx_word' id='word_1_379' title='bbox 1738 4007 2108 4064; x_wconf 85' lang='lat' dir='ltr'>asserventur3</span> <span class='ocrx_word' id='word_1_380' title='bbox 2146 4007 2324 4050; x_wconf 88' lang='lat' dir='ltr'>tamen</span> <span class='ocrx_word' id='word_1_381' title='bbox 2349 4007 2527 4066; x_wconf 88' lang='lat' dir='ltr'>partes</span> <span class='ocrx_word' id='word_1_382' title='bbox 2551 4006 2757 4050; x_wconf 87' lang='lat' dir='ltr'>tantum</span> <span class='ocrx_word' id='word_1_383' title='bbox 2783 4002 3070 4068; x_wconf 84' lang='lat' dir='ltr'>evulgatae</span> 
     </span>
     <span class='ocr_line' id='line_1_40' title="bbox 582 4085 3074 4139; baseline 0.001 -5"><span class='ocrx_word' id='word_1_384' title='bbox 582 4085 861 4134; x_wconf 84' lang='lat' dir='ltr'>habentur.</span> <span class='ocrx_word' id='word_1_385' title='bbox 921 4085 1276 4134; x_wconf 88' lang='lat' dir='ltr'>Praefationis</span> <span class='ocrx_word' id='word_1_386' title='bbox 1312 4085 1619 4136; x_wconf 88' lang='lat' dir='ltr'>Abusaidae</span> <span class='ocrx_word' id='word_1_387' title='bbox 1668 4101 1697 4134; x_wconf 87' lang='lat' dir='ltr'>e</span> <span class='ocrx_word' id='word_1_388' title='bbox 1742 4087 1859 4135; x_wconf 89' lang='lat' dir='ltr'>cod.</span> <span class='ocrx_word' id='word_1_389' title='bbox 1906 4088 2028 4139; x_wconf 85' lang='lat' dir='ltr'>Par.</span> <span class='ocrx_word' id='word_1_390' title='bbox 2073 4104 2126 4137; x_wconf 91' lang='lat' dir='ltr'>n.</span> <span class='ocrx_word' id='word_1_391' title='bbox 2163 4089 2212 4137; x_wconf 88' lang='lat'>4.</span> <span class='ocrx_word' id='word_1_392' title='bbox 2250 4089 2482 4138; x_wconf 87' lang='lat' dir='ltr'>version.</span> <span class='ocrx_word' id='word_1_393' title='bbox 2520 4088 2656 4138; x_wconf 88' lang='lat' dir='ltr'>Abb.</span> <span class='ocrx_word' id='word_1_394' title='bbox 2706 4087 2777 4136; x_wconf 88' lang='lat' dir='ltr'>du</span> <span class='ocrx_word' id='word_1_395' title='bbox 2812 4087 2963 4137; x_wconf 86' lang='lat' dir='ltr'>Four</span> <span class='ocrx_word' id='word_1_396' title='bbox 3009 4089 3074 4137; x_wconf 91' lang='lat' dir='ltr'>de</span> 
     </span>
     <span class='ocr_line' id='line_1_41' title="bbox 581 4170 3066 4238; baseline 0.001 -17"><span class='ocrx_word' id='word_1_397' title='bbox 581 4173 904 4236; x_wconf 68' lang='lat' dir='ltr'>Longuerue</span> <span class='ocrx_word' id='word_1_398' title='bbox 939 4170 1159 4236; x_wconf 82' lang='lat' dir='ltr'>legitur:</span> <span class='ocrx_word' id='word_1_399' title='bbox 1196 4172 1252 4220; x_wconf 88' lang='lat' dir='ltr'>iu</span> <span class='ocrx_word' id='word_1_400' title='bbox 1275 4172 1355 4221; x_wconf 90' lang='lat' dir='ltr'>Le</span> <span class='ocrx_word' id='word_1_401' title='bbox 1379 4172 1550 4237; x_wconf 86' lang='lat' dir='ltr'>Long,</span> <span class='ocrx_word' id='word_1_402' title='bbox 1588 4172 1728 4222; x_wconf 90' lang='lat' dir='ltr'>Bibl.</span> <span class='ocrx_word' id='word_1_403' title='bbox 1755 4171 1922 4223; x_wconf 84' lang='lat' dir='ltr'>Sacra</span> <span class='ocrx_word' id='word_1_404' title='bbox 1944 4175 2001 4222; x_wconf 89' lang='lat' dir='ltr'>in</span> <span class='ocrx_word' id='word_1_405' title='bbox 2031 4175 2186 4224; x_wconf 90' lang='lat' dir='ltr'>binos</span> <span class='ocrx_word' id='word_1_406' title='bbox 2219 4174 2334 4238; x_wconf 84' lang='lat' dir='ltr'>syll.</span> <span class='ocrx_word' id='word_1_407' title='bbox 2363 4173 2488 4223; x_wconf 88' lang='lat' dir='ltr'>diss.</span> <span class='ocrx_word' id='word_1_408' title='bbox 2517 4174 2598 4222; x_wconf 87' lang='lat' dir='ltr'>ed.</span> <span class='ocrx_word' id='word_1_409' title='bbox 2623 4173 2720 4222; x_wconf 84' lang='lat'>111.</span> <span class='ocrx_word' id='word_1_410' title='bbox 2759 4174 2880 4223; x_wconf 86' lang='lat' dir='ltr'>Par.</span> <span class='ocrx_word' id='word_1_411' title='bbox 2912 4177 3066 4224; x_wconf 80' lang='lat'>1⁷23.</span> 
     </span>
     <span class='ocr_line' id='line_1_42' title="bbox 583 4258 3072 4326; baseline 0.001 -19"><span class='ocrx_word' id='word_1_412' title='bbox 583 4259 627 4320; x_wconf 89' lang='grc' dir='ltr'>Ι,</span> <span class='ocrx_word' id='word_1_413' title='bbox 669 4260 782 4307; x_wconf 92' lang='grc'><strong>117.</strong></span> <span class='ocrx_word' id='word_1_414' title='bbox 820 4258 1049 4307; x_wconf 88' lang='lat' dir='ltr'>Arabice</span> <span class='ocrx_word' id='word_1_415' title='bbox 1088 4263 1168 4306; x_wconf 88' lang='lat' dir='ltr'>est</span> <span class='ocrx_word' id='word_1_416' title='bbox 1202 4259 1259 4306; x_wconf 90' lang='lat' dir='ltr'>in</span> <span class='ocrx_word' id='word_1_417' title='bbox 1296 4258 1633 4321; x_wconf 86' lang='lat' dir='ltr'>Schultensii,</span> <span class='ocrx_word' id='word_1_418' title='bbox 1675 4275 1760 4324; x_wconf 89' lang='lat' dir='ltr'>op.</span> <span class='ocrx_word' id='word_1_419' title='bbox 1799 4276 1848 4324; x_wconf 88' lang='lat' dir='ltr'>p.</span> <span class='ocrx_word' id='word_1_420' title='bbox 1889 4261 2006 4310; x_wconf 75' lang='lat'>236.</span> <span class='ocrx_word' id='word_1_421' title='bbox 2045 4276 2085 4310; x_wconf 89' lang='lat' dir='ltr'>s.</span> <span class='ocrx_word' id='word_1_422' title='bbox 2149 4260 2456 4325; x_wconf 87' lang='lat' dir='ltr'>Specimina</span> <span class='ocrx_word' id='word_1_423' title='bbox 2491 4259 2773 4310; x_wconf 87' lang='lat' dir='ltr'>ediderunt</span> <span class='ocrx_word' id='word_1_424' title='bbox 2809 4260 2877 4310; x_wconf 91' lang='lat' dir='ltr'>de</span> <span class='ocrx_word' id='word_1_425' title='bbox 2917 4260 3072 4326; x_wconf 82' lang='lat' dir='ltr'>Sacy,</span> 
     </span>
     <span class='ocr_line' id='line_1_43' title="bbox 582 4342 3073 4412; baseline 0.001 -19"><span class='ocrx_word' id='word_1_426' title='bbox 582 4343 863 4394; x_wconf 76' lang='lat' dir='ltr'>Memoires</span> <span class='ocrx_word' id='word_1_427' title='bbox 915 4342 1017 4394; x_wconf 88' lang='lat' dir='ltr'>del&#39;</span> <span class='ocrx_word' id='word_1_428' title='bbox 1046 4344 1318 4394; x_wconf 88' lang='lat' dir='ltr'>academie</span> <span class='ocrx_word' id='word_1_429' title='bbox 1368 4345 1461 4394; x_wconf 90' lang='lat' dir='ltr'>des</span> <span class='ocrx_word' id='word_1_430' title='bbox 1508 4346 1849 4410; x_wconf 85' lang='lat' dir='ltr'>inscriptions</span> <span class='ocrx_word' id='word_1_431' title='bbox 1886 4348 1969 4408; x_wconf 83' lang='lat'>49,</span> <span class='ocrx_word' id='word_1_432' title='bbox 2010 4349 2056 4394; x_wconf 89' lang='lat'>1.</span> <span class='ocrx_word' id='word_1_433' title='bbox 2093 4363 2134 4396; x_wconf 90' lang='lat' dir='ltr'>s.</span> <span class='ocrx_word' id='word_1_434' title='bbox 2194 4346 2256 4395; x_wconf 89' lang='lat' dir='ltr'>A.</span> <span class='ocrx_word' id='word_1_435' title='bbox 2297 4345 2418 4395; x_wconf 89' lang='lat' dir='ltr'>Chr.</span> <span class='ocrx_word' id='word_1_436' title='bbox 2457 4345 2659 4408; x_wconf 81' lang='lat' dir='ltr'>erid,</span> <span class='ocrx_word' id='word_1_437' title='bbox 2706 4363 2851 4412; x_wconf 87' lang='lat' dir='ltr'>spec.</span> <span class='ocrx_word' id='word_1_438' title='bbox 2887 4348 3073 4397; x_wconf 84' lang='lat' dir='ltr'>inedit.</span> 
     </span>
     <span class='ocr_line' id='line_1_44' title="bbox 583 4429 3073 4484; baseline 0.001 -4"><span class='ocrx_word' id='word_1_439' title='bbox 583 4445 719 4480; x_wconf 83' lang='lat' dir='ltr'>vers.</span> <span class='ocrx_word' id='word_1_440' title='bbox 767 4430 929 4480; x_wconf 89' lang='lat' dir='ltr'>Arab.</span> <span class='ocrx_word' id='word_1_441' title='bbox 976 4429 1117 4480; x_wconf 84' lang='lat' dir='ltr'>Sam.</span> <span class='ocrx_word' id='word_1_442' title='bbox 1173 4431 1324 4480; x_wconf 89' lang='lat' dir='ltr'>Pent.</span> <span class='ocrx_word' id='word_1_443' title='bbox 1380 4447 1411 4480; x_wconf 92' lang='lat' dir='ltr'>e</span> <span class='ocrx_word' id='word_1_444' title='bbox 1465 4431 1595 4480; x_wconf 88' lang='lat' dir='ltr'>cod.·</span> <span class='ocrx_word' id='word_1_445' title='bbox 1636 4432 1887 4481; x_wconf 87' lang='lat' dir='ltr'>Baberin.</span> <span class='ocrx_word' id='word_1_446' title='bbox 1942 4433 2092 4482; x_wconf 86' lang='lat' dir='ltr'>Rom.</span> <span class='ocrx_word' id='word_1_447' title='bbox 2142 4433 2294 4482; x_wconf 90' lang='grc'><strong>1780.</strong></span> <span class='ocrx_word' id='word_1_448' title='bbox 2364 4432 2611 4482; x_wconf 85' lang='lat' dir='ltr'>Eundem</span> <span class='ocrx_word' id='word_1_449' title='bbox 2666 4433 3073 4484; x_wconf 87' lang='lat' dir='ltr'>celeberrimum</span> 
     </span>
     <span class='ocr_line' id='line_1_45' title="bbox 587 4516 3073 4582; baseline 0.002 -16"><span class='ocrx_word' id='word_1_450' title='bbox 587 4516 839 4566; x_wconf 87' lang='lat' dir='ltr'>Codicem</span> <span class='ocrx_word' id='word_1_451' title='bbox 881 4519 1258 4566; x_wconf 87' lang='lat' dir='ltr'>samaritanum</span> <span class='ocrx_word' id='word_1_452' title='bbox 1304 4517 1552 4582; x_wconf 82' lang='lat' dir='ltr'>triaplum</span> <span class='ocrx_word' id='word_1_453' title='bbox 1599 4518 1919 4567; x_wconf 83' lang='lat' dir='ltr'>Samaritani</span> <span class='ocrx_word' id='word_1_454' title='bbox 1964 4523 2158 4582; x_wconf 87' lang='lat' dir='ltr'>textus,</span> <span class='ocrx_word' id='word_1_455' title='bbox 2207 4519 2572 4568; x_wconf 86' lang='lat' dir='ltr'>Samaritanae</span> <span class='ocrx_word' id='word_1_456' title='bbox 2607 4519 2901 4581; x_wconf 87' lang='lat' dir='ltr'>Versionis,</span> <span class='ocrx_word' id='word_1_457' title='bbox 2951 4523 3073 4570; x_wconf 90' lang='lat' dir='ltr'>item</span> 
     </span>
     <span class='ocr_line' id='line_1_46' title="bbox 586 4595 3072 4670; baseline 0.001 -18"><span class='ocrx_word' id='word_1_458' title='bbox 586 4601 1229 4666; x_wconf 86' lang='lat' dir='ltr'>Samaritano—Arabicae,</span> <span class='ocrx_word' id='word_1_459' title='bbox 1277 4603 1645 4653; x_wconf 86' lang='lat' dir='ltr'>Bibliothecae</span> <span class='ocrx_word' id='word_1_460' title='bbox 1690 4595 2018 4654; x_wconf 75' lang='lat' dir='ltr'>Barbarinae</span> <span class='ocrx_word' id='word_1_461' title='bbox 2073 4605 2352 4670; x_wconf 88' lang='lat' dir='ltr'>descripsit</span> <span class='ocrx_word' id='word_1_462' title='bbox 2397 4605 2733 4654; x_wconf 88' lang='lat' dir='ltr'>doctissimus</span> <span class='ocrx_word' id='word_1_463' title='bbox 2783 4607 2851 4656; x_wconf 90' lang='lat' dir='ltr'>de</span> <span class='ocrx_word' id='word_1_464' title='bbox 2898 4608 3072 4670; x_wconf 79' lang='lat' dir='ltr'>Bessi,</span> 
     </span>
    </p>
   </div>
   <div class='ocr_carea' id='block_1_7' title="bbox 3263 1484 3266 2624">
    <p class='ocr_par' dir='ltr' id='par_1_8' title="bbox 3263 1484 3266 2624">
     <span class='ocr_line' id='line_1_47' title="bbox 3263 1484 3266 2624; baseline 0 0"><span class='ocrx_word' id='word_1_465' title='bbox 3263 1484 3266 2624; x_wconf 95' lang='lat' dir='ltr'> </span> 
     </span>
    </p>
   </div>
   <div class='ocr_carea' id='block_1_8' title="bbox 3264 2966 3266 4290">
    <p class='ocr_par' dir='ltr' id='par_1_9' title="bbox 3264 2966 3266 4290">
     <span class='ocr_line' id='line_1_48' title="bbox 3264 2966 3266 4290; baseline 0 0"><span class='ocrx_word' id='word_1_466' title='bbox 3264 2966 3266 4290; x_wconf 95' lang='lat' dir='ltr'> </span> 
     </span>
    </p>
   </div>
  </div>
 </body>
</html>
