3309 5300
1099 414 1160 459 De
1189 415 1356 460 canone
1387 420 1430 459 S.
1456 417 1621 460 Libror.
1654 418 1754 461 Vet.
1784 420 1904 461 'rest
2669 406 2748 473 19

253 592 569 659 quissimus3
619 600 673 645 et
708 612 890 662 pugna
934 599 1122 663 ingens
1168 600 1306 647 inter
1347 600 1492 663 ipsos
1532 598 1873 649 historiarum
1920 600 2205 664 scriptores
2243 600 2560 664 reperiatur3
2620 600 2747 663 quia

250 694 338 729 res
383 686 569 745 gestae
615 683 829 748 publice
878 700 986 734 uon
1040 685 1539 747 conscribebantur,
1595 686 1792 751 singuli
1849 700 1975 735 vero
2032 686 2317 750 scriptores
2371 686 2587 735 veritati
2641 702 2748 735 non
2834 698 2843 715 ‘

251 767 560 817 studebant.
622 770 810 835 Longe
855 771 1008 821 aliter
1043 787 1128 821 res
1167 772 1309 837 apud
1345 772 1584 821 Judaeos
1624 777 1739 821 erat
1777 777 2111 836 comparata,
2151 772 2295 836 apud
2332 787 2465 836 quos
2504 788 2537 821 a
2572 773 2746 836 prisco

248 853 376 902 inde
425 859 666 921 tempore
720 859 898 907 omnia
944 857 1048 907 fide
1102 858 1264 923 digna
1318 859 1795 908 conscribebantur
1844 873 1878 907 a
1921 859 2227 923 ProphetiS,
2279 860 2391 907 sive
2446 861 2512 909 ab
2565 859 2747 908 ordine

248 942 490 991 virorum
525 945 718 1007 spiritu
763 944 943 994 divino
982 945 1359 1009 praeditorum.
1415 946 1629 995 Nullum
1667 947 1805 994 inter
1837 945 1935 994 hos
1972 947 2233 1011 reperitur
2269 946 2560 1007 dissidium,
2599 946 2749 995 nulla

249 1043 453 1093 pugna,
491 1032 672 1079 omnia
707 1032 1054 1095 concinnant3
1102 1038 1238 1081 nam¹
1267 1032 1322 1079 hi
1361 1032 1587 1082 ordine
1626 1034 1937 1082 continuo
1977 1048 2043 1081 se
2092 1034 2460 1096 excipiunt,
2502 1038 2555 1081 et
2601 1033 2746 1082 sub-

250 1130 558 1180 sequens
609 1118 1010 1180 confirmat,
1065 1118 1245 1184 quod
1288 1119 1721 1183 praecedens
1771 1120 2173 1183 scripserat.
2255 1118 2374 1168 Hoc
2423 1119 2579 1169 modo
2628 1135 2749 1168 cum

252 1208 664 1267 argumentatur
699 1204 986 1269 Josephus,
1037 1204 1225 1270 procul
1262 1205 1425 1255 dubio
1465 1206 1693 1255 attendit
1737 1205 1805 1253 ad
1843 1204 2138 1270 Prophetas
2176 1206 2487 1269 praesertim
2526 1207 2747 1270 priores,

252 1289 350 1352 qui
385 1305 451 1338 ex
489 1292 604 1340 eius
641 1296 816 1341 mente
853 1292 920 1341 ab
958 1293 1110 1342 initio
1148 1292 1332 1363 mundi
1360 1293 1693 1357 incipienteS,
1735 1292 1919 1341 ordine
1954 1308 2065 1341 non
2094 1294 2405 1357 interrupto,
2445 1293 2750 1356 pertingunt

247 1390 427 1440 usque
465 1376 535 1425 ad
573 1378 933 1428 Artaxerxem.
983 1379 1219 1443 Quisque
1256 1381 1362 1428 iam
1394 1378 1540 1429 videt
1566 1379 1616 1428 d.
1654 1380 1823 1444 primo
1850 1392 2009 1444 quam
2044 1378 2204 1443 longe
2241 1378 2543 1428 huiusmodi
2580 1379 2739 1427 ratio-

251 1463 470 1525 cinatiO,
523 1468 583 1513 ut
628 1466 705 1513 ita
751 1465 923 1514 dicam
972 1466 1442 1526 „subiectiva“‚
1492 1466 1633 1515 absit
1681 1470 1714 1515 'a
1758 1482 1815 1514 re
1861 1465 2085 1515 testibus
2129 1465 2337 1515 idoneis
2384 1465 2745 1529 comprobata.

251 1548 456 1599 Omnes
496 1548 794 1615 Scriptores
818 1551 1028 1602 Veteris
1065 1553 1396 1602 Testamenti
1432 1556 1556 1602 ante
1593 1552 1955 1613 Artaxerxem,
1995 1553 2109 1601 sive
2144 1551 2410 1613 historias,
2449 1553 2563 1600 sive
2602 1544 2748 1600 aliud

252 1636 385 1701 quid
423 1638 752 1703 scripserint,
786 1654 815 1687 e
850 1638 1078 1704 Josephi
1115 1641 1380 1689 sententia
1415 1639 1715 1704 Prophetae
1754 1645 1927 1701 erant3
1965 1638 2219 1688 historiae
2256 1640 2324 1687 ab
2363 1640 2428 1687 iis
2466 1644 2746 1688 enarratae

252 1729 404 1772 recta
438 1726 532 1773 via
565 1740 740 1790 usque
767 1725 834 1775 ad
859 1725 1202 1775 Artaxerxem
1241 1726 1587 1792 pertendunt3
1629 1742 1753 1791 ergo
1783 1731 2037 1775 accurata
2073 1726 2305 1775 obtinuit
2329 1727 2479 1774 iuxta
2501 1725 2749 1774 Flavium

254 1812 658 1871 „successio
708 1812 1258 1877 Prophetarum.“
1327 1812 1433 1862 Sed
1481 1814 1536 1861 in
1584 1814 1820 1862 terminis
1868 1813 2027 1862 huius
2080 1812 2374 1877 syllogismi
2428 1813 2641 1861 maior
2697 1816 2749 1860 et

252 1897 604 1949 conclusio
653 1899 940 1949 claudicat.
1001 1900 1288 1949 Enimvero
1327 1901 1372 1949 si
1408 1900 1662 1949 historiae
1698 1901 1907 1949 Veteris
1943 1899 2201 1949 Foederis
2248 1899 2530 1963 diligenter
2566 1898 2746 1963 legan-

250 1989 356 2047 tur,
416 1985 656 2035 ordinem
707 1987 1014 2035 continuum
1048 1986 1438 2051 Prophetarum
1483 1992 1697 2051 negant,
1746 2002 1919 2051 neque
1958 1988 2119 2035 etiam
2164 1986 2233 2034 ab
2272 1985 2380 2035 ullo
2418 1986 2747 2035 Judaeorum

252 2072 472 2121 serioris
511 2074 704 2121 aetatis
738 2072 830 2121 ille
867 2077 1202 2122 memoratur.
1251 2072 1472 2121 Accedit
1497 2088 1541 2121 e.
1569 2074 1614 2121 si
1651 2072 1984 2136 subsequens
2024 2073 2249 2137 quisque
2288 2072 2353 2121 de
2392 2072 2747 2121 antecessoris

254 2160 337 2206 sui
393 2160 715 2208 auctoritate
763 2160 1121 2209 testimonium
1177 2159 1335 2208 edere
1391 2159 1678 2220 debuisset,
1736 2164 1795 2207 ut
1843 2158 2112 2223 «Iosephus
2169 2160 2420 2220 insinuat,
2477 2157 2741 2223 quomodo

253 2245 496 2295 Hebraei
533 2246 600 2295 de
637 2246 809 2295 ultimi
843 2246 1136 2312 prophetae
1170 2248 1488 2297 auctoritate
1517 2246 1699 2295 divina
1735 2247 1987 2295 certiores
2024 2244 2139 2295 fieri
2175 2246 2511 2310 potuissent?
2547 2246 2748 2295 Eorum

253 2334 417 2397 igitur
451 2334 752 2394 ratiocinia,
794 2335 976 2398 quiex
1000 2334 1246 2383 hocloco
1285 2338 1598 2399 argumenta
1631 2334 1831 2409 petiere
1869 2348 1983 2397 pro
2022 2332 2276 2396 duplici
2313 2331 2744 2392 collectione,

253 2420 457 2470 nullius
515 2434 634 2470 esse
683 2420 934 2485 ponderis
982 2420 1123 2470 ultro
1181 2421 1437 2485 sequitur.
1509 2422 1698 2485 Neque
1764 2420 1800 2467 f.
1856 2420 2072 2485 probari
2125 2423 2303 2484 potest
2358 2420 2745 2483 argumentatio

259 2506 503 2571 Josephi,
555 2522 694 2572 quae
733 2507 785 2557 S.
823 2507 1120 2557 Bibliorum
1158 2507 1489 2557 divinitatem
1526 2508 1648 2557 oriri
1688 2507 1818 2555 facit
1855 2522 1919 2555 ex
1956 2506 2226 2555 hominum
2263 2520 2393 2554 cura
2430 2510 2483 2553 et
2520 2504 2741 2570 diligen-

251 2595 358 2656 tia,
410 2594 502 2659 qui
549 2594 736 2643 sedulo
783 2595 969 2658 rebuS,
1021 2609 1160 2661 quae
1208 2594 1276 2644 ob
1324 2610 1505 2643 eorum
1555 2593 1741 2644 oculos
1797 2594 2126 2656 acciderant,
2178 2592 2543 2643 describendis
2581 2606 2741 2641 vaca-

251 2685 406 2730 runt:
453 2697 565 2732 non
601 2687 778 2730 autem
815 2697 844 2730 e
883 2681 1100 2732 coelesti
1137 2683 1584 2747 inspiratione
1620 2683 1833 2747 Deique
1867 2681 2205 2746 providentia
2230 2680 2451 2730 derivat.
2506 2680 2579 2728 Et
2616 2695 2744 2729 sane

253 2766 486 2832 Spiritus
525 2767 578 2817 S.
616 2773 676 2818 ut
712 2769 814 2817 sibi
850 2768 1030 2833 placet
1065 2769 1133 2817 ad
1171 2773 1444 2820 creaturas
1480 2768 1731 2833 loquitur,
1783 2783 1875 2818 eas
1914 2769 2023 2818 suis
2059 2769 2115 2816 in
2153 2769 2361 2817 actibus
2401 2767 2592 2831 dirigit,
2632 2767 2743 2816 suis

253 2855 672 2918 cogitationibus
708 2860 922 2920 praesto
960 2855 1164 2918 adstat3
1205 2871 1269 2904 ac
1306 2855 1530 2906 diversis
1566 2857 1893 2920 temporibus
1932 2855 2187 2920 varioque
2226 2869 2467 2904 sermone
2504 2853 2743 2902 homines

253 2941 326 2990 ad
373 2941 716 2991 scribendum
763 2946 958 2992 movet.
1018 2943 1331 3007 Quicunque
1375 2942 1719 3007 perpenderit
1766 2944 2048 3002 rationem,
2106 2956 2213 3006 qua
2248 2941 2431 2990 divina
2466 2940 2742 2990 Revelatio

251 3031 310 3077 in
348 3029 590 3078 homines
629 3034 776 3093 agat,
817 3033 870 3078 et
905 3029 1008 3078 Dei
1046 3027 1272 3094 Spiritus
1311 3046 1492 3079 eorum
1529 3031 1694 3078 menti
1729 3031 1916 3093 instet3
1964 3029 2224 3078 iudicabit
2258 3045 2367 3078 non
2406 3044 2523 3078 esse
2560 3043 2743 3076 neces-

253 3117 452 3166 sariam
500 3115 886 3181 Prophetarum
935 3117 1240 3166 continuam
1277 3117 1480 3179 seriem,
1521 3131 1628 3181 qua
1665 3131 1802 3165 unus
1842 3116 1995 3166 alteri
2032 3114 2313 3164 ordinatim
2352 3114 2619 3176 succedat,
2676 3114 2743 3162 ad

250 3203 510 3251 Divinum
548 3203 724 3265 rebuS,
765 3217 902 3268 quae
941 3202 1008 3251 ab
1048 3207 1266 3252 auctore
1297 3204 1555 3268 inspirato
1595 3203 1773 3268 priore
1812 3208 2140 3264 enarrantur,
2182 3202 2558 3250 conferendum
2596 3201 2743 3250 testi-

251 3290 507 3338 monium.
571 3288 629 3337 Si
664 3305 712 3354 g.
750 3291 972 3338 strictim
1007 3289 1232 3354 Josephi
1283 3291 1599 3339 sententiam
1645 3289 1936 3339 diiudicare
1974 3289 2215 3350 velimus,
2256 3290 2358 3338 sibi
2393 3289 2495 3353 ipsi
2534 3293 2742 3336 contra-

253 3375 434 3425 dicere
470 3377 768 3425 invenitur=
821 3391 940 3424 cum
976 3375 1210 3426 historiis
1249 3377 1358 3425 suis
1397 3376 1694 3426 additiones
1733 3375 1993 3424 Estherae
2030 3377 2313 3424 inseruerit
2346 3375 2525 3440 Antiq.
2562 3376 2655 3436 XI,
2695 3377 2742 3423 6.

249 3462 297 3522 Ι,
326 3463 637 3524 bae—577„
675 3463 814 3511 sicut
848 3464 902 3511 in
927 3463 1090 3512 LXX.
1118 3463 1408 3526 habentur3
1447 3463 1902 3512 Machabaeorum
1937 3478 2063 3511 vero
2101 3478 2185 3512 res
2220 3462 2397 3526 Antiq.
2424 3463 2457 3513 l.
2484 3463 2605 3510 XII.
2631 3479 2681 3527 p.
2708 3462 2743 3510 i.

253 3554 312 3598 et
345 3549 495 3599 XIII.
523 3565 568 3598 c.
598 3551 748 3611 1-8,
780 3551 824 3598 1.
862 3551 1114 3598 narravit.
1151 3549 1196 3611 1,
1223 3551 1514 3599 583—657.
1564 3549 1614 3598 h.
1655 3548 1788 3598 Cum
1826 3551 1951 3599 totis
1988 3550 2191 3598 viribus
2226 3548 2497 3613 «Iosephus
2522 3548 2745 3597 Flavius

254 3641 443 3685 contra
493 3636 755 3700 Apionem
805 3638 976 3702 gentis
1025 3651 1156 3685 suae
1201 3642 1470 3702 gestorum
1518 3637 1797 3685 veritatem
1845 3636 2207 3685 demonstrare
2256 3639 2493 3697 conetur,
2546 3635 2743 3684 docens

253 3723 538 3773 Hebraeos
574 3737 704 3788 prae
731 3721 950 3772 Graecis
987 3721 1172 3773 fideles
1197 3723 1361 3772 fuisse
1397 3725 1453 3772 in
1481 3725 1614 3773 actis
1651 3720 1763 3772 suis
1802 3722 2161 3772 describendis
2199 3737 2262 3770 ac
2287 3722 2587 3784 servandis3
2616 3738 2743 3786 quo-

253 3809 412 3859 modo
460 3810 723 3873 potuisset
758 3809 1027 3872 Josephus
1075 3809 1437 3860 additionibus
1485 3809 1747 3860 Esther-ae
1799 3814 1851 3858 et
1896 3809 2045 3858 libris
2082 3809 2535 3858 Machabaeorum
2588 3807 2743 3857 fidem

254 3896 530 3946 tribuere?
565 3897 612 3946 si
646 3897 782 3946 istae
819 3901 998 3961 partes
1026 3895 1241 3946 Codicis
1280 3897 1332 3946 S.
1358 3896 1420 3946 V.
1449 3897 1510 3945 F.
1549 3902 1699 3946 extra
1736 3895 2012 3946 Canouem
2046 3895 2383 3944 Hebraicum-
2414 3897 2744 3945 contineren-

254 3988 370 4046 tur3
410 3987 598 4048 utpote
626 3998 849 4048 quorum
887 3985 1171 4048 scriptores
1208 3985 1544 4048 posteriores,
1586 3983 1751 4033 multo
1790 3984 1857 4032 ab
1884 3983 2191 4032 Artaxerxis
2227 3987 2465 4046 tempore
2502 3981 2743 4031 floruere.

253 4070 491 4118 Proinde
529 4074 654 4118 actu
690 4071 883 4134 probat
918 4085 1100 4135 parem
1127 4086 1323 4132 eorum,
1353 4085 1490 4136 quae
1527 4071 1607 4120 his
1647 4071 1987 4120 continentur
2021 4069 2173 4119 libris
2210 4068 2365 4117 fidem
2394 4085 2513 4117 curn
2540 4071 2743 4118 ceteris.

255 4155 363 4206 Sed
402 4161 457 4206 et
493 4157 527 4205 i.
565 4156 852 4206 Nehemias
892 4161 1053 4222 atque
1103 4155 1407 4222 Scripturae
1448 4157 1833 4207 chronicorum
1880 4155 2205 4205 auferendae
2244 4159 2424 4204 essent
2460 4172 2487 4204 e
2524 4171 2745 4204 numero

255 4242 656 4293 Canonicarum
695 4242 1103 4308 Scriptus-arum,
1152 4259 1374 4308 quorum
1421 4249 1666 4293 auctores
1704 4249 1827 4308 post
1862 4242 2206 4292 Artaxerxem
2242 4243 2437 4292 vixisse
2476 4241 2605 4290 alibi
2638 4243 2745 4290 iam

255 4331 755 4380 demonstravimus.
791 4330 855 4379 V.
884 4329 953 4378 H.
978 4331 1038 4380 R.
1067 4331 1134 4378 D.
1159 4331 1224 4379 V.
1248 4331 1309 4378 T.
1341 4347 1392 4395 p.
1421 4331 1538 4379 516.
1571 4346 1614 4379 s.
1653 4330 1929 4380 Comment
1967 4329 2031 4378 de
2071 4329 2122 4378 S.
2151 4329 2203 4379 S.
2230 4345 2281 4393 p.
2312 4332 2392 4378 11.
2448 4328 2555 4377 Ubi
2591 4328 2743 4377 Jose-

254 4415 393 4481 phus
431 4418 713 4479 concessit,
763 4416 859 4466 has
899 4416 1198 4481 Scripturas
1236 4417 1461 4466 Divinas
1500 4431 1634 4478 esse,
1687 4416 1830 4480 quod
1870 4432 1897 4464 e
1936 4417 2045 4466 suis
2086 4415 2239 4465 dictis
2277 4416 2531 4478 sequitur,
2569 4429 2745 4480 neque

254 4504 373 4568 ipse
397 4509 589 4568 negat3
625 4505 876 4564 nescitur,
905 4503 1032 4567 quid
1061 4504 1200 4553 inter
1224 4503 1320 4553 has
1347 4503 1679 4552 differentiae
1705 4504 2026 4552 subintroire
2053 4505 2235 4568 possit.
2275 4501 2505 4550 Videndi
2531 4503 2744 4551 omnino

255 4591 358 4640 hac
395 4591 461 4639 de
501 4607 558 4639 re
594 4590 708 4639 Jos.
747 4589 904 4638 Khell
945 4589 1008 4639 de
1045 4584 1340 4655 Khellburg
1377 4589 1429 4640 S.
1467 4590 1518 4639 J.
1554 4619 1613 4627 —
1645 4589 1765 4638 coll.
1802 4591 1852 4638 J.
1890 4591 1955 4639 N.
1994 4589 2215 4654 Stoeger
2253 4588 2305 4636 S.
2342 4587 2412 4650 J„
2453 4587 2745 4653 Scriptores

2366 4675 2433 4725 24}-
