<?xml version="1.0" encoding="UTF-8"?>
<!DOCTYPE html PUBLIC "-//W3C//DTD XHTML 1.0 Transitional//EN"
    "http://www.w3.org/TR/xhtml1/DTD/xhtml1-transitional.dtd">
<html xmlns="http://www.w3.org/1999/xhtml" xml:lang="en" lang="en">
 <head>
  <title>
</title>
<meta http-equiv="Content-Type" content="text/html;charset=utf-8" />
  <meta name='ocr-system' content='tesseract 3.04.00' />
  <meta name='ocr-capabilities' content='ocr_page ocr_carea ocr_par ocr_line ocrx_word'/>
</head>
<body>
  <div class='ocr_page' id='page_1' title='image "./historiarevelat02dankgoog_0147.png"; bbox 0 0 3309 5300; ppageno 0'>
   <div class='ocr_carea' id='block_1_1' title="bbox 965 420 2693 485">
    <p class='ocr_par' dir='ltr' id='par_1_1' title="bbox 965 420 2693 485">
     <span class='ocr_line' id='line_1_1' title="bbox 965 420 2693 485; baseline -0.002 -13"><span class='ocrx_word' id='word_1_1' title='bbox 965 433 1191 475; x_wconf 75' lang='lat' dir='ltr'><strong>Historiae.</strong></span> <span class='ocrx_word' id='word_1_2' title='bbox 1208 433 1372 474; x_wconf 82' lang='lat' dir='ltr'><strong>Textus</strong></span> <span class='ocrx_word' id='word_1_3' title='bbox 1400 433 1448 475; x_wconf 82' lang='lat' dir='ltr'><strong>N.</strong></span> <span class='ocrx_word' id='word_1_4' title='bbox 1484 431 1531 472; x_wconf 82' lang='grc' dir='ltr'><strong>Τ.</strong></span> <span class='ocrx_word' id='word_1_5' title='bbox 1562 432 1680 482; x_wconf 81' lang='lat' dir='ltr'><strong>typis</strong></span> <span class='ocrx_word' id='word_1_6' title='bbox 1708 431 1936 482; x_wconf 74' lang='lat' dir='ltr'><strong>descripti.</strong></span> <span class='ocrx_word' id='word_1_7' title='bbox 2569 420 2693 485; x_wconf 77' lang='lat'><strong>125</strong></span> 
     </span>
    </p>
   </div>
   <div class='ocr_carea' id='block_1_2' title="bbox 314 691 2618 936">
    <p class='ocr_par' dir='ltr' id='par_1_2' title="bbox 314 691 2618 936">
     <span class='ocr_line' id='line_1_2' title="bbox 314 691 2618 821; baseline 0 -31"><span class='ocrx_word' id='word_1_8' title='bbox 314 733 365 810; x_wconf 65' lang='grc' dir='ltr'><strong>ξ.</strong></span> <span class='ocrx_word' id='word_1_9' title='bbox 407 731 506 794; x_wconf 86' lang='lat'><strong>53.</strong></span> <span class='ocrx_word' id='word_1_10' title='bbox 554 726 821 821; x_wconf 73' lang='lat' dir='ltr'><strong>Prima</strong></span> <span class='ocrx_word' id='word_1_11' title='bbox 867 725 1198 789; x_wconf 86' lang='lat' dir='ltr'><strong>Textum</strong></span> <span class='ocrx_word' id='word_1_12' title='bbox 1249 691 1637 788; x_wconf 75' lang='lat' dir='ltr'><strong>Graecum</strong></span> <span class='ocrx_word' id='word_1_13' title='bbox 1687 723 1751 788; x_wconf 89' lang='lat' dir='ltr'><strong>S.</strong></span> <span class='ocrx_word' id='word_1_14' title='bbox 1802 724 2112 789; x_wconf 82' lang='lat' dir='ltr'><strong>Codicis</strong></span> <span class='ocrx_word' id='word_1_15' title='bbox 2160 725 2238 788; x_wconf 91' lang='lat' dir='ltr'><strong>N.</strong></span> <span class='ocrx_word' id='word_1_16' title='bbox 2288 725 2362 788; x_wconf 87' lang='lat' dir='ltr'><strong>T.</strong></span> <span class='ocrx_word' id='word_1_17' title='bbox 2411 728 2618 810; x_wconf 84' lang='lat' dir='ltr'><strong>typis</strong></span> 
     </span>
     <span class='ocr_line' id='line_1_3' title="bbox 782 837 2140 936; baseline -0.001 -34"><span class='ocrx_word' id='word_1_18' title='bbox 782 837 1297 903; x_wconf 84' lang='lat' dir='ltr'><strong>describendi</strong></span> <span class='ocrx_word' id='word_1_19' title='bbox 1344 837 1603 901; x_wconf 88' lang='lat' dir='ltr'><strong>studia</strong></span> <span class='ocrx_word' id='word_1_20' title='bbox 1651 837 1724 901; x_wconf 83' lang='lat' dir='ltr'><strong>C.</strong></span> <span class='ocrx_word' id='word_1_21' title='bbox 1772 837 2140 936; x_wconf 74' lang='lat' dir='ltr'><strong>Ximenii.</strong></span> 
     </span>
    </p>
   </div>
   <div class='ocr_carea' id='block_1_3' title="bbox 244 1056 2720 4678">
    <p class='ocr_par' dir='ltr' id='par_1_3' title="bbox 244 1056 2720 4678">
     <span class='ocr_line' id='line_1_4' title="bbox 420 1056 2704 1122; baseline 0 -15"><span class='ocrx_word' id='word_1_22' title='bbox 420 1059 677 1121; x_wconf 82' lang='lat' dir='ltr'><strong>Princeps</strong></span> <span class='ocrx_word' id='word_1_23' title='bbox 732 1059 965 1107; x_wconf 89' lang='lat' dir='ltr'><strong>omnium</strong></span> <span class='ocrx_word' id='word_1_24' title='bbox 1002 1058 1067 1107; x_wconf 92' lang='lat' dir='ltr'><strong>N.</strong></span> <span class='ocrx_word' id='word_1_25' title='bbox 1105 1058 1166 1105; x_wconf 98' lang='lat' dir='ltr'><strong>T.</strong></span> <span class='ocrx_word' id='word_1_26' title='bbox 1216 1061 1267 1106; x_wconf 92' lang='lat' dir='ltr'><strong>et</strong></span> <span class='ocrx_word' id='word_1_27' title='bbox 1302 1056 1633 1106; x_wconf 90' lang='lat' dir='ltr'><strong>nobilissima</strong></span> <span class='ocrx_word' id='word_1_28' title='bbox 1683 1057 1972 1110; x_wconf 80' lang='lat' dir='ltr'><strong>editionum</strong></span> <span class='ocrx_word' id='word_1_29' title='bbox 2025 1056 2065 1105; x_wconf 84' lang='lat' dir='ltr'>C</span> <span class='ocrx_word' id='word_1_30' title='bbox 2083 1073 2112 1105; x_wconf 94' lang='lat' dir='ltr'><strong>o</strong></span> <span class='ocrx_word' id='word_1_31' title='bbox 2130 1056 2474 1121; x_wconf 89' lang='lat' dir='ltr'><strong>mplutens</strong></span> <span class='ocrx_word' id='word_1_32' title='bbox 2490 1059 2507 1106; x_wconf 87' lang='lat' dir='ltr'><strong>i</strong></span> <span class='ocrx_word' id='word_1_33' title='bbox 2523 1075 2547 1108; x_wconf 89' lang='lat' dir='ltr'><strong>s</strong></span> <span class='ocrx_word' id='word_1_34' title='bbox 2599 1065 2704 1122; x_wconf 89' lang='lat' dir='ltr'><strong>est;</strong></span> 
     </span>
     <span class='ocr_line' id='line_1_5' title="bbox 246 1143 2707 1214; baseline -0.001 -18"><span class='ocrx_word' id='word_1_35' title='bbox 246 1163 361 1214; x_wconf 88' lang='lat' dir='ltr'><strong>quae</strong></span> <span class='ocrx_word' id='word_1_36' title='bbox 394 1147 448 1194; x_wconf 89' lang='lat' dir='ltr'><strong>in</strong></span> <span class='ocrx_word' id='word_1_37' title='bbox 484 1145 675 1210; x_wconf 87' lang='lat' dir='ltr'><strong>grandi</strong></span> <span class='ocrx_word' id='word_1_38' title='bbox 712 1144 805 1194; x_wconf 92' lang='lat' dir='ltr'><strong>illo</strong></span> <span class='ocrx_word' id='word_1_39' title='bbox 845 1158 1223 1209; x_wconf 84' lang='lat' dir='ltr'>nunquamque</span> <span class='ocrx_word' id='word_1_40' title='bbox 1270 1146 1398 1192; x_wconf 88' lang='lat' dir='ltr'><strong>satis</strong></span> <span class='ocrx_word' id='word_1_41' title='bbox 1438 1143 1758 1192; x_wconf 89' lang='lat' dir='ltr'><strong>celebrando</strong></span> <span class='ocrx_word' id='word_1_42' title='bbox 1799 1159 1957 1207; x_wconf 88' lang='lat' dir='ltr'><strong>opere</strong></span> <span class='ocrx_word' id='word_1_43' title='bbox 1994 1145 2048 1191; x_wconf 91' lang='lat' dir='ltr'><strong>in</strong></span> <span class='ocrx_word' id='word_1_44' title='bbox 2084 1143 2198 1192; x_wconf 92' lang='lat' dir='ltr'><strong>Pol</strong></span> <span class='ocrx_word' id='word_1_45' title='bbox 2211 1143 2488 1209; x_wconf 85' lang='lat' dir='ltr'><strong>yglottis</strong></span> <span class='ocrx_word' id='word_1_46' title='bbox 2533 1145 2707 1194; x_wconf 89' lang='lat' dir='ltr'><strong>Com-</strong></span> 
     </span>
     <span class='ocr_line' id='line_1_6' title="bbox 244 1228 2706 1299; baseline -0 -17"><span class='ocrx_word' id='word_1_47' title='bbox 244 1232 643 1299; x_wconf 85' lang='lat' dir='ltr'><strong>plutensibus</strong></span> <span class='ocrx_word' id='word_1_48' title='bbox 680 1232 923 1281; x_wconf 89' lang='lat' dir='ltr'><strong>habetur.</strong></span> <span class='ocrx_word' id='word_1_49' title='bbox 977 1231 1112 1280; x_wconf 88' lang='lat' dir='ltr'><strong>Cum</strong></span> <span class='ocrx_word' id='word_1_50' title='bbox 1146 1231 1430 1279; x_wconf 79' lang='lat' dir='ltr'><strong>editionem</strong></span> <span class='ocrx_word' id='word_1_51' title='bbox 1468 1230 1607 1278; x_wconf 84' lang='lat' dir='ltr'><strong>hane</strong></span> <span class='ocrx_word' id='word_1_52' title='bbox 1644 1231 1820 1278; x_wconf 90' lang='lat' dir='ltr'><strong>animo</strong></span> <span class='ocrx_word' id='word_1_53' title='bbox 1853 1228 2094 1278; x_wconf 82' lang='lat' dir='ltr'><strong>volveret</strong></span> <span class='ocrx_word' id='word_1_54' title='bbox 2127 1230 2188 1278; x_wconf 89' lang='lat' dir='ltr'><strong>F.</strong></span> <span class='ocrx_word' id='word_1_55' title='bbox 2221 1231 2587 1292; x_wconf 89' lang='lat' dir='ltr'><strong>Ximenius,</strong></span> <span class='ocrx_word' id='word_1_56' title='bbox 2627 1234 2706 1281; x_wconf 76' lang='lat' dir='ltr'><strong>tit.</strong></span> 
     </span>
     <span class='ocr_line' id='line_1_7' title="bbox 244 1316 2705 1382; baseline -0.002 -12"><span class='ocrx_word' id='word_1_57' title='bbox 244 1338 277 1370; x_wconf 87' lang='lat' dir='ltr'><strong>s.</strong></span> <span class='ocrx_word' id='word_1_58' title='bbox 300 1318 546 1368; x_wconf 85' lang='lat' dir='ltr'><strong>Balbinae</strong></span> <span class='ocrx_word' id='word_1_59' title='bbox 588 1317 893 1367; x_wconf 73' lang='lat' dir='ltr'><strong>cardinalis</strong></span> <span class='ocrx_word' id='word_1_60' title='bbox 934 1323 985 1366; x_wconf 81' lang='lat' dir='ltr'><strong>et</strong></span> <span class='ocrx_word' id='word_1_61' title='bbox 1021 1317 1303 1382; x_wconf 88' lang='lat' dir='ltr'><strong>Archiepp.</strong></span> <span class='ocrx_word' id='word_1_62' title='bbox 1345 1316 1652 1365; x_wconf 85' lang='lat' dir='ltr'><strong>Toletanus.</strong></span> <span class='ocrx_word' id='word_1_63' title='bbox 1680 1344 1745 1352; x_wconf 91' lang='lat'>—</span> <span class='ocrx_word' id='word_1_64' title='bbox 1771 1317 1838 1364; x_wconf 91' lang='lat' dir='ltr'><strong>D.</strong></span> <span class='ocrx_word' id='word_1_65' title='bbox 1869 1333 1918 1380; x_wconf 91' lang='lat' dir='ltr'><strong>q.</strong></span> <span class='ocrx_word' id='word_1_66' title='bbox 1956 1333 2006 1364; x_wconf 87' lang='lat' dir='ltr'><strong>V.</strong></span> <span class='ocrx_word' id='word_1_67' title='bbox 2031 1317 2251 1366; x_wconf 85' lang='lat' dir='ltr'><strong>Alvares</strong></span> <span class='ocrx_word' id='word_1_68' title='bbox 2291 1316 2538 1380; x_wconf 88' lang='lat' dir='ltr'><strong>Gomesii,</strong></span> <span class='ocrx_word' id='word_1_69' title='bbox 2577 1317 2609 1366; x_wconf 94' lang='lat' dir='ltr'><strong>l.</strong></span> <span class='ocrx_word' id='word_1_70' title='bbox 2637 1319 2705 1367; x_wconf 92' lang='grc' dir='ltr'><strong>ΙΙ.</strong></span> 
     </span>
     <span class='ocr_line' id='line_1_8' title="bbox 250 1403 2706 1471; baseline -0 -16"><span class='ocrx_word' id='word_1_71' title='bbox 250 1407 302 1455; x_wconf 86' lang='grc'><strong>(16</strong></span> <span class='ocrx_word' id='word_1_72' title='bbox 336 1407 486 1471; x_wconf 88' lang='lat' dir='ltr'><strong>gestis</strong></span> <span class='ocrx_word' id='word_1_73' title='bbox 523 1405 613 1453; x_wconf 79' lang='lat' dir='ltr'><strong>Fr.</strong></span> <span class='ocrx_word' id='word_1_74' title='bbox 638 1406 911 1454; x_wconf 87' lang='lat' dir='ltr'><strong>Ximenes.</strong></span> <span class='ocrx_word' id='word_1_75' title='bbox 951 1403 1153 1468; x_wconf 87' lang='lat' dir='ltr'><strong>Compl.</strong></span> <span class='ocrx_word' id='word_1_76' title='bbox 1196 1405 1345 1452; x_wconf 83' lang='grc'><strong>1569.</strong></span> <span class='ocrx_word' id='word_1_77' title='bbox 1384 1420 1435 1467; x_wconf 89' lang='lat' dir='ltr'><strong>p.</strong></span> <span class='ocrx_word' id='word_1_78' title='bbox 1474 1404 1557 1452; x_wconf 87' lang='lat'><strong>47.</strong></span> <span class='ocrx_word' id='word_1_79' title='bbox 1585 1419 1624 1451; x_wconf 90' lang='lat' dir='ltr'><strong>s.</strong></span> <span class='ocrx_word' id='word_1_80' title='bbox 1674 1404 1742 1451; x_wconf 90' lang='lat' dir='ltr'><strong>H.</strong></span> <span class='ocrx_word' id='word_1_81' title='bbox 1780 1420 1828 1450; x_wconf 88' lang='lat' dir='ltr'><strong>v.</strong></span> <span class='ocrx_word' id='word_1_82' title='bbox 1870 1403 1917 1451; x_wconf 92' lang='lat' dir='ltr'><strong>d.</strong></span> <span class='ocrx_word' id='word_1_83' title='bbox 1945 1403 2132 1464; x_wconf 88' lang='lat' dir='ltr'><strong>Hardt‚</strong></span> <span class='ocrx_word' id='word_1_84' title='bbox 2173 1406 2426 1453; x_wconf 88' lang='lat' dir='ltr'><strong>memoria</strong></span> <span class='ocrx_word' id='word_1_85' title='bbox 2461 1406 2706 1454; x_wconf 89' lang='lat' dir='ltr'><strong>Ximenii.</strong></span> 
     </span>
     <span class='ocr_line' id='line_1_9' title="bbox 246 1488 2706 1554; baseline -0 -13"><span class='ocrx_word' id='word_1_86' title='bbox 246 1491 477 1542; x_wconf 80' lang='lat' dir='ltr'><strong>Hemlstd.</strong></span> <span class='ocrx_word' id='word_1_87' title='bbox 519 1493 672 1541; x_wconf 89' lang='lat'><strong>1717.</strong></span> <span class='ocrx_word' id='word_1_88' title='bbox 737 1491 790 1540; x_wconf 89' lang='lat' dir='ltr'><strong>S.</strong></span> <span class='ocrx_word' id='word_1_89' title='bbox 830 1490 1129 1553; x_wconf 88' lang='lat' dir='ltr'><strong>Seemiller‚</strong></span> <span class='ocrx_word' id='word_1_90' title='bbox 1178 1490 1243 1539; x_wconf 92' lang='lat' dir='ltr'><strong>de</strong></span> <span class='ocrx_word' id='word_1_91' title='bbox 1279 1489 1417 1538; x_wconf 89' lang='lat' dir='ltr'><strong>Bibl.</strong></span> <span class='ocrx_word' id='word_1_92' title='bbox 1465 1489 1827 1554; x_wconf 85' lang='lat' dir='ltr'><strong>Complutens.</strong></span> <span class='ocrx_word' id='word_1_93' title='bbox 1864 1488 2143 1553; x_wconf 88' lang='lat' dir='ltr'><strong>Ingolstdt.</strong></span> <span class='ocrx_word' id='word_1_94' title='bbox 2187 1493 2336 1540; x_wconf 91' lang='lat'><strong>1785.</strong></span> <span class='ocrx_word' id='word_1_95' title='bbox 2400 1491 2458 1540; x_wconf 83' lang='lat' dir='ltr'><strong>C.</strong></span> <span class='ocrx_word' id='word_1_96' title='bbox 2497 1492 2706 1553; x_wconf 87' lang='lat' dir='ltr'><strong>Hefele‚</strong></span> 
     </span>
     <span class='ocr_line' id='line_1_10' title="bbox 248 1575 2707 1642; baseline -0 -15"><span class='ocrx_word' id='word_1_97' title='bbox 248 1581 325 1628; x_wconf 88' lang='lat' dir='ltr'><strong>der</strong></span> <span class='ocrx_word' id='word_1_98' title='bbox 348 1579 402 1627; x_wconf 87' lang='lat' dir='ltr'><strong>C.</strong></span> <span class='ocrx_word' id='word_1_99' title='bbox 427 1579 681 1627; x_wconf 88' lang='lat' dir='ltr'><strong>Ximenes</strong></span> <span class='ocrx_word' id='word_1_100' title='bbox 707 1579 842 1627; x_wconf 89' lang='lat' dir='ltr'><strong>Tiib.</strong></span> <span class='ocrx_word' id='word_1_101' title='bbox 874 1579 1022 1626; x_wconf 91' lang='lat'><strong>1851.</strong></span> <span class='ocrx_word' id='word_1_102' title='bbox 1051 1593 1095 1625; x_wconf 88' lang='lat' dir='ltr'><strong>c.</strong></span> <span class='ocrx_word' id='word_1_103' title='bbox 1123 1579 1169 1624; x_wconf 93' lang='grc'><strong>2.</strong></span> <span class='ocrx_word' id='word_1_104' title='bbox 1203 1593 1254 1640; x_wconf 94' lang='lat' dir='ltr'><strong>p.</strong></span> <span class='ocrx_word' id='word_1_105' title='bbox 1285 1578 1399 1624; x_wconf 91' lang='lat'><strong>113.</strong></span> <span class='ocrx_word' id='word_1_106' title='bbox 1427 1591 1461 1624; x_wconf 87' lang='lat' dir='ltr'><strong>s.</strong></span> <span class='ocrx_word' id='word_1_107' title='bbox 1496 1605 1558 1611; x_wconf 58' lang='lat'><strong>—-&lt;</strong></span> <span class='ocrx_word' id='word_1_108' title='bbox 1590 1575 1835 1625; x_wconf 86' lang='lat' dir='ltr'><strong>Summus</strong></span> <span class='ocrx_word' id='word_1_109' title='bbox 1860 1575 1950 1624; x_wconf 89' lang='lat' dir='ltr'><strong>ille</strong></span> <span class='ocrx_word' id='word_1_110' title='bbox 1977 1578 2057 1625; x_wconf 87' lang='lat' dir='ltr'><strong>vir</strong></span> <span class='ocrx_word' id='word_1_111' title='bbox 2081 1575 2386 1626; x_wconf 89' lang='lat' dir='ltr'><strong>Adamantii</strong></span> <span class='ocrx_word' id='word_1_112' title='bbox 2413 1578 2707 1642; x_wconf 87' lang='lat' dir='ltr'><strong>exemplum</strong></span> 
     </span>
     <span class='ocr_line' id='line_1_11' title="bbox 244 1662 2706 1729; baseline 0 -15"><span class='ocrx_word' id='word_1_113' title='bbox 244 1667 464 1726; x_wconf 83' lang='lat' dir='ltr'><strong>imitatus,</strong></span> <span class='ocrx_word' id='word_1_114' title='bbox 493 1665 774 1714; x_wconf 85' lang='lat' dir='ltr'><strong>arcessivit</strong></span> <span class='ocrx_word' id='word_1_115' title='bbox 796 1665 988 1729; x_wconf 87' lang='lat' dir='ltr'><strong>partim</strong></span> <span class='ocrx_word' id='word_1_116' title='bbox 1024 1663 1247 1724; x_wconf 85' lang='lat' dir='ltr'><strong>Roma,</strong></span> <span class='ocrx_word' id='word_1_117' title='bbox 1286 1664 1475 1727; x_wconf 89' lang='lat' dir='ltr'><strong>partim</strong></span> <span class='ocrx_word' id='word_1_118' title='bbox 1501 1662 1716 1711; x_wconf 83' lang='lat' dir='ltr'><strong>aliunde</strong></span> <span class='ocrx_word' id='word_1_119' title='bbox 1741 1665 1882 1711; x_wconf 84' lang='lat' dir='ltr'><strong>viros</strong></span> <span class='ocrx_word' id='word_1_120' title='bbox 1908 1663 2210 1728; x_wconf 86' lang='lat' dir='ltr'><strong>linguarum</strong></span> <span class='ocrx_word' id='word_1_121' title='bbox 2243 1666 2543 1729; x_wconf 80' lang='lat' dir='ltr'><strong>cognitione</strong></span> <span class='ocrx_word' id='word_1_122' title='bbox 2572 1668 2706 1729; x_wconf 89' lang='lat' dir='ltr'><strong>peri·</strong></span> 
     </span>
     <span class='ocr_line' id='line_1_12' title="bbox 246 1750 2706 1816; baseline 0 -15"><span class='ocrx_word' id='word_1_123' title='bbox 246 1755 446 1802; x_wconf 87' lang='lat' dir='ltr'><strong>tissimos</strong></span> <span class='ocrx_word' id='word_1_124' title='bbox 500 1751 711 1800; x_wconf 90' lang='lat' dir='ltr'><strong>Aelium</strong></span> <span class='ocrx_word' id='word_1_125' title='bbox 765 1751 1135 1800; x_wconf 88' lang='lat' dir='ltr'><strong>Antonium</strong></span> <span class='ocrx_word' id='word_1_126' title='bbox 1182 1750 1752 1811; x_wconf 85' lang='lat' dir='ltr'><strong>Nebrissensem,</strong></span> <span class='ocrx_word' id='word_1_127' title='bbox 1777 1751 2224 1802; x_wconf 50' lang='lat' dir='ltr'><strong>.Demetrium</strong></span> <span class='ocrx_word' id='word_1_128' title='bbox 2281 1751 2706 1816; x_wconf 81' lang='lat' dir='ltr'><strong>Cretensem,</strong></span> 
     </span>
     <span class='ocr_line' id='line_1_13' title="bbox 244 1836 2707 1905; baseline 0.001 -19"><span class='ocrx_word' id='word_1_129' title='bbox 244 1839 737 1887; x_wconf 87' lang='lat' dir='ltr'><strong>Ferdinandum</strong></span> <span class='ocrx_word' id='word_1_130' title='bbox 773 1839 1199 1898; x_wconf 89' lang='lat' dir='ltr'><strong>Pintianum,</strong></span> <span class='ocrx_word' id='word_1_131' title='bbox 1244 1836 1572 1901; x_wconf 89' lang='lat' dir='ltr'><strong>Lopidem</strong></span> <span class='ocrx_word' id='word_1_132' title='bbox 1610 1836 2050 1901; x_wconf 88' lang='lat' dir='ltr'><strong>Astunigam,</strong></span> <span class='ocrx_word' id='word_1_133' title='bbox 2094 1838 2428 1887; x_wconf 81' lang='lat' dir='ltr'><strong>Joannem</strong></span> <span class='ocrx_word' id='word_1_134' title='bbox 2464 1840 2707 1905; x_wconf 90' lang='lat' dir='ltr'><strong>Verga-</strong></span> 
     </span>
     <span class='ocr_line' id='line_1_14' title="bbox 248 1922 2710 1989; baseline 0 -15"><span class='ocrx_word' id='word_1_135' title='bbox 248 1941 385 1987; x_wconf 85' lang='lat' dir='ltr'><strong>ram,</strong></span> <span class='ocrx_word' id='word_1_136' title='bbox 430 1924 860 1989; x_wconf 86' lang='lat' dir='ltr'><strong>Alphonsum</strong></span> <span class='ocrx_word' id='word_1_137' title='bbox 907 1924 1245 1974; x_wconf 88' lang='lat' dir='ltr'><strong>Medicum</strong></span> <span class='ocrx_word' id='word_1_138' title='bbox 1296 1922 1888 1987; x_wconf 86' lang='lat' dir='ltr'><strong>Complutensem,</strong></span> <span class='ocrx_word' id='word_1_139' title='bbox 1937 1923 2226 1973; x_wconf 90' lang='lat' dir='ltr'><strong>Paulum</strong></span> <span class='ocrx_word' id='word_1_140' title='bbox 2265 1924 2710 1975; x_wconf 87' lang='lat' dir='ltr'><strong>Coronellum</strong></span> 
     </span>
     <span class='ocr_line' id='line_1_15' title="bbox 248 2010 2708 2076; baseline 0.001 -16"><span class='ocrx_word' id='word_1_141' title='bbox 248 2019 299 2061; x_wconf 88' lang='lat' dir='ltr'><strong>et</strong></span> <span class='ocrx_word' id='word_1_142' title='bbox 329 2011 720 2076; x_wconf 89' lang='lat' dir='ltr'><strong>Alphonsum</strong></span> <span class='ocrx_word' id='word_1_143' title='bbox 760 2013 1043 2060; x_wconf 89' lang='lat' dir='ltr'><strong>Zamora.</strong></span> <span class='ocrx_word' id='word_1_144' title='bbox 1095 2010 1175 2060; x_wconf 81' lang='lat' dir='ltr'><strong>Of.</strong></span> <span class='ocrx_word' id='word_1_145' title='bbox 1201 2010 1409 2072; x_wconf 90' lang='lat' dir='ltr'><strong>Hefele‚</strong></span> <span class='ocrx_word' id='word_1_146' title='bbox 1436 2010 1469 2058; x_wconf 92' lang='lat' dir='ltr'><strong>l.</strong></span> <span class='ocrx_word' id='word_1_147' title='bbox 1498 2026 1543 2058; x_wconf 90' lang='lat' dir='ltr'><strong>c.</strong></span> <span class='ocrx_word' id='word_1_148' title='bbox 1570 2027 1619 2074; x_wconf 92' lang='lat' dir='ltr'><strong>p.</strong></span> <span class='ocrx_word' id='word_1_149' title='bbox 1652 2012 1766 2061; x_wconf 83' lang='lat'><strong>124.</strong></span> <span class='ocrx_word' id='word_1_150' title='bbox 1821 2010 1954 2059; x_wconf 87' lang='lat' dir='ltr'><strong>Cum</strong></span> <span class='ocrx_word' id='word_1_151' title='bbox 1991 2010 2072 2059; x_wconf 89' lang='lat' dir='ltr'><strong>his</strong></span> <span class='ocrx_word' id='word_1_152' title='bbox 2109 2013 2236 2060; x_wconf 86' lang='lat' dir='ltr'><strong>viris</strong></span> <span class='ocrx_word' id='word_1_153' title='bbox 2265 2012 2329 2060; x_wconf 91' lang='lat' dir='ltr'><strong>de</strong></span> <span class='ocrx_word' id='word_1_154' title='bbox 2364 2028 2459 2062; x_wconf 89' lang='lat' dir='ltr'><strong>suo</strong></span> <span class='ocrx_word' id='word_1_155' title='bbox 2487 2012 2708 2076; x_wconf 78' lang='lat' dir='ltr'><strong>consilio</strong></span> 
     </span>
     <span class='ocr_line' id='line_1_16' title="bbox 248 2097 2711 2163; baseline 0.001 -17"><span class='ocrx_word' id='word_1_156' title='bbox 248 2114 485 2147; x_wconf 77' lang='lat' dir='ltr'><strong>semones</strong></span> <span class='ocrx_word' id='word_1_157' title='bbox 537 2097 779 2159; x_wconf 88' lang='lat' dir='ltr'><strong>contulit,</strong></span> <span class='ocrx_word' id='word_1_158' title='bbox 818 2100 1086 2163; x_wconf 87' lang='lat' dir='ltr'><strong>impensas</strong></span> <span class='ocrx_word' id='word_1_159' title='bbox 1122 2097 1494 2146; x_wconf 84' lang='lat' dir='ltr'><strong>liberalissime</strong></span> <span class='ocrx_word' id='word_1_160' title='bbox 1542 2097 1698 2159; x_wconf 83' lang='lat' dir='ltr'><strong>fecit3</strong></span> <span class='ocrx_word' id='word_1_161' title='bbox 1749 2097 1969 2161; x_wconf 89' lang='lat' dir='ltr'><strong>singulis</strong></span> <span class='ocrx_word' id='word_1_162' title='bbox 2006 2099 2244 2162; x_wconf 89' lang='lat' dir='ltr'><strong>praemia</strong></span> <span class='ocrx_word' id='word_1_163' title='bbox 2279 2100 2566 2163; x_wconf 83' lang='lat' dir='ltr'><strong>proposuit.</strong></span> <span class='ocrx_word' id='word_1_164' title='bbox 2628 2098 2711 2148; x_wconf 91' lang='lat' dir='ltr'><strong>Ad</strong></span> 
     </span>
     <span class='ocr_line' id='line_1_17' title="bbox 248 2182 2710 2250; baseline 0 -16"><span class='ocrx_word' id='word_1_165' title='bbox 248 2185 492 2234; x_wconf 87' lang='lat' dir='ltr'><strong>obeundas</strong></span> <span class='ocrx_word' id='word_1_166' title='bbox 532 2184 779 2234; x_wconf 83' lang='lat' dir='ltr'><strong>editionis</strong></span> <span class='ocrx_word' id='word_1_167' title='bbox 818 2189 995 2250; x_wconf 87' lang='lat' dir='ltr'><strong>partes</strong></span> <span class='ocrx_word' id='word_1_168' title='bbox 1033 2184 1249 2233; x_wconf 88' lang='lat' dir='ltr'><strong>tradidit</strong></span> <span class='ocrx_word' id='word_1_169' title='bbox 1283 2183 1484 2232; x_wconf 86' lang='lat' dir='ltr'><strong>lautam</strong></span> <span class='ocrx_word' id='word_1_170' title='bbox 1521 2182 1680 2247; x_wconf 89' lang='lat' dir='ltr'><strong>plane</strong></span> <span class='ocrx_word' id='word_1_171' title='bbox 1707 2199 1830 2234; x_wconf 87' lang='lat' dir='ltr'><strong>mss.</strong></span> <span class='ocrx_word' id='word_1_172' title='bbox 1859 2213 1923 2219; x_wconf 93' lang='lat'><strong>—-—</strong></span> <span class='ocrx_word' id='word_1_173' title='bbox 1953 2184 2016 2232; x_wconf 92' lang='lat' dir='ltr'><strong>de</strong></span> <span class='ocrx_word' id='word_1_174' title='bbox 2045 2201 2267 2248; x_wconf 89' lang='lat' dir='ltr'><strong>quorum</strong></span> <span class='ocrx_word' id='word_1_175' title='bbox 2291 2187 2506 2250; x_wconf 90' lang='lat' dir='ltr'><strong>ingenio</strong></span> <span class='ocrx_word' id='word_1_176' title='bbox 2532 2191 2710 2234; x_wconf 84' lang='lat' dir='ltr'><strong>tamen</strong></span> 
     </span>
     <span class='ocr_line' id='line_1_18' title="bbox 247 2270 2708 2336; baseline 0.001 -17"><span class='ocrx_word' id='word_1_177' title='bbox 247 2271 355 2319; x_wconf 84' lang='lat' dir='ltr'><strong>nihil</strong></span> <span class='ocrx_word' id='word_1_178' title='bbox 380 2271 600 2320; x_wconf 84' lang='lat' dir='ltr'><strong>editores</strong></span> <span class='ocrx_word' id='word_1_179' title='bbox 626 2272 972 2336; x_wconf 87' lang='lat' dir='ltr'><strong>prodiderunt</strong></span> <span class='ocrx_word' id='word_1_180' title='bbox 992 2299 1057 2307; x_wconf 92' lang='lat'><strong>—-</strong></span> <span class='ocrx_word' id='word_1_181' title='bbox 1080 2270 1482 2336; x_wconf 88' lang='lat' dir='ltr'><strong>supellectilem.</strong></span> <span class='ocrx_word' id='word_1_182' title='bbox 1533 2270 1831 2334; x_wconf 87' lang='lat' dir='ltr'><strong>Conquisiti</strong></span> <span class='ocrx_word' id='word_1_183' title='bbox 1863 2275 1986 2319; x_wconf 88' lang='lat' dir='ltr'><strong>sunt</strong></span> <span class='ocrx_word' id='word_1_184' title='bbox 2011 2271 2246 2336; x_wconf 88' lang='lat' dir='ltr'><strong>undique</strong></span> <span class='ocrx_word' id='word_1_185' title='bbox 2272 2271 2337 2320; x_wconf 89' lang='lat' dir='ltr'><strong>U.</strong></span> <span class='ocrx_word' id='word_1_186' title='bbox 2365 2272 2426 2321; x_wconf 88' lang='lat' dir='ltr'><strong>T.</strong></span> <span class='ocrx_word' id='word_1_187' title='bbox 2464 2273 2708 2321; x_wconf 87' lang='lat' dir='ltr'><strong>vetustis-</strong></span> 
     </span>
     <span class='ocr_line' id='line_1_19' title="bbox 249 2356 2709 2424; baseline 0.001 -19"><span class='ocrx_word' id='word_1_188' title='bbox 249 2360 345 2406; x_wconf 90' lang='lat' dir='ltr'><strong>simi</strong></span> <span class='ocrx_word' id='word_1_189' title='bbox 380 2358 601 2420; x_wconf 90' lang='lat' dir='ltr'><strong>codices,</strong></span> <span class='ocrx_word' id='word_1_190' title='bbox 642 2359 711 2406; x_wconf 89' lang='lat' dir='ltr'><strong>ad</strong></span> <span class='ocrx_word' id='word_1_191' title='bbox 748 2375 969 2424; x_wconf 88' lang='lat' dir='ltr'><strong>quorum</strong></span> <span class='ocrx_word' id='word_1_192' title='bbox 1006 2358 1162 2407; x_wconf 89' lang='lat' dir='ltr'><strong>fidem</strong></span> <span class='ocrx_word' id='word_1_193' title='bbox 1203 2359 1480 2422; x_wconf 83' lang='lat' dir='ltr'><strong>castigatio</strong></span> <span class='ocrx_word' id='word_1_194' title='bbox 1518 2356 1694 2422; x_wconf 83' lang='lat' dir='ltr'><strong>fieret3</strong></span> <span class='ocrx_word' id='word_1_195' title='bbox 1734 2359 1923 2406; x_wconf 88' lang='lat' dir='ltr'><strong>vitiata</strong></span> <span class='ocrx_word' id='word_1_196' title='bbox 1959 2357 2078 2407; x_wconf 86' lang='lat' dir='ltr'><strong>loca</strong></span> <span class='ocrx_word' id='word_1_197' title='bbox 2114 2365 2444 2421; x_wconf 82' lang='lat' dir='ltr'><strong>sanarentur,</strong></span> <span class='ocrx_word' id='word_1_198' title='bbox 2487 2363 2540 2407; x_wconf 89' lang='lat' dir='ltr'><strong>et</strong></span> <span class='ocrx_word' id='word_1_199' title='bbox 2573 2375 2709 2423; x_wconf 90' lang='lat' dir='ltr'><strong>quae</strong></span> 
     </span>
     <span class='ocr_line' id='line_1_20' title="bbox 253 2443 2709 2508; baseline 0.001 -16"><span class='ocrx_word' id='word_1_200' title='bbox 253 2445 391 2492; x_wconf 86' lang='lat' dir='ltr'><strong>dubia</strong></span> <span class='ocrx_word' id='word_1_201' title='bbox 438 2451 613 2494; x_wconf 89' lang='lat' dir='ltr'><strong>essent</strong></span> <span class='ocrx_word' id='word_1_202' title='bbox 661 2445 927 2494; x_wconf 87' lang='lat' dir='ltr'><strong>illustrata</strong></span> <span class='ocrx_word' id='word_1_203' title='bbox 974 2445 1311 2494; x_wconf 81' lang='lat' dir='ltr'><strong>collucerent.</strong></span> <span class='ocrx_word' id='word_1_204' title='bbox 1376 2443 1481 2492; x_wconf 86' lang='lat' dir='ltr'><strong>Sed</strong></span> <span class='ocrx_word' id='word_1_205' title='bbox 1530 2445 1857 2508; x_wconf 85' lang='lat' dir='ltr'><strong>potissimum</strong></span> <span class='ocrx_word' id='word_1_206' title='bbox 1905 2445 2208 2494; x_wconf 85' lang='lat' dir='ltr'><strong>adiumento</strong></span> <span class='ocrx_word' id='word_1_207' title='bbox 2259 2446 2474 2494; x_wconf 87' lang='lat' dir='ltr'><strong>fuerunt</strong></span> <span class='ocrx_word' id='word_1_208' title='bbox 2510 2445 2709 2495; x_wconf 88' lang='lat' dir='ltr'><strong>Biblio-</strong></span> 
     </span>
     <span class='ocr_line' id='line_1_21' title="bbox 253 2532 2710 2597; baseline 0.001 -18"><span class='ocrx_word' id='word_1_209' title='bbox 253 2532 416 2580; x_wconf 86' lang='lat' dir='ltr'><strong>thecae</strong></span> <span class='ocrx_word' id='word_1_210' title='bbox 441 2532 736 2581; x_wconf 88' lang='lat' dir='ltr'><strong>Vaticanae</strong></span> <span class='ocrx_word' id='word_1_211' title='bbox 763 2532 1100 2581; x_wconf 88' lang='lat' dir='ltr'><strong>venerandae</strong></span> <span class='ocrx_word' id='word_1_212' title='bbox 1128 2533 1455 2596; x_wconf 88' lang='lat' dir='ltr'><strong>antiquitatis</strong></span> <span class='ocrx_word' id='word_1_213' title='bbox 1480 2532 1616 2594; x_wconf 85' lang='lat' dir='ltr'><strong>libri,</strong></span> <span class='ocrx_word' id='word_1_214' title='bbox 1652 2548 1874 2596; x_wconf 90' lang='lat' dir='ltr'><strong>quorum</strong></span> <span class='ocrx_word' id='word_1_215' title='bbox 1901 2534 2057 2596; x_wconf 83' lang='lat' dir='ltr'><strong>eopia</strong></span> <span class='ocrx_word' id='word_1_216' title='bbox 2080 2549 2176 2597; x_wconf 87' lang='lat' dir='ltr'><strong>per</strong></span> <span class='ocrx_word' id='word_1_217' title='bbox 2198 2533 2438 2582; x_wconf 90' lang='lat' dir='ltr'><strong>Leonem</strong></span> <span class='ocrx_word' id='word_1_218' title='bbox 2463 2535 2526 2583; x_wconf 89' lang='lat' dir='ltr'><strong>X.</strong></span> <span class='ocrx_word' id='word_1_219' title='bbox 2553 2535 2611 2582; x_wconf 90' lang='lat' dir='ltr'><strong>P.</strong></span> <span class='ocrx_word' id='word_1_220' title='bbox 2638 2535 2710 2583; x_wconf 89' lang='lat' dir='ltr'><strong>M.</strong></span> 
     </span>
     <span class='ocr_line' id='line_1_22' title="bbox 252 2619 2710 2686; baseline 0.001 -18"><span class='ocrx_word' id='word_1_221' title='bbox 252 2619 603 2684; x_wconf 85' lang='lat' dir='ltr'><strong>benignissime</strong></span> <span class='ocrx_word' id='word_1_222' title='bbox 628 2621 875 2669; x_wconf 86' lang='lat' dir='ltr'><strong>Ximenio</strong></span> <span class='ocrx_word' id='word_1_223' title='bbox 912 2620 1055 2669; x_wconf 83' lang='lat' dir='ltr'><strong>facta</strong></span> <span class='ocrx_word' id='word_1_224' title='bbox 1080 2625 1173 2669; x_wconf 89' lang='lat' dir='ltr'><strong>est.</strong></span> <span class='ocrx_word' id='word_1_225' title='bbox 1224 2619 1579 2669; x_wconf 83' lang='lat' dir='ltr'><strong>Accesserunt</strong></span> <span class='ocrx_word' id='word_1_226' title='bbox 1604 2619 1694 2669; x_wconf 83' lang='lat' dir='ltr'><strong>alii</strong></span> <span class='ocrx_word' id='word_1_227' title='bbox 1723 2635 1840 2668; x_wconf 86' lang='lat' dir='ltr'><strong>eum</strong></span> <span class='ocrx_word' id='word_1_228' title='bbox 1866 2619 2035 2669; x_wconf 87' lang='lat' dir='ltr'><strong>Roma</strong></span> <span class='ocrx_word' id='word_1_229' title='bbox 2059 2648 2113 2656; x_wconf 90' lang='lat'><strong>—</strong></span> <span class='ocrx_word' id='word_1_230' title='bbox 2142 2620 2351 2670; x_wconf 86' lang='lat' dir='ltr'><strong>codices</strong></span> <span class='ocrx_word' id='word_1_231' title='bbox 2377 2622 2710 2686; x_wconf 84' lang='lat' dir='ltr'><strong>postmodum</strong></span> 
     </span>
     <span class='ocr_line' id='line_1_23' title="bbox 249 2706 2714 2772; baseline 0.002 -17"><span class='ocrx_word' id='word_1_232' title='bbox 249 2708 535 2755; x_wconf 87' lang='lat' dir='ltr'><strong>Barberiani</strong></span> <span class='ocrx_word' id='word_1_233' title='bbox 560 2725 611 2771; x_wconf 92' lang='lat' dir='ltr'><strong>p.</strong></span> <span class='ocrx_word' id='word_1_234' title='bbox 642 2710 785 2770; x_wconf 79' lang='grc'><strong>122.;</strong></span> <span class='ocrx_word' id='word_1_235' title='bbox 826 2706 944 2755; x_wconf 84' lang='lat' dir='ltr'><strong>coll.</strong></span> <span class='ocrx_word' id='word_1_236' title='bbox 971 2707 1191 2772; x_wconf 87' lang='lat' dir='ltr'><strong>Bengel,</strong></span> <span class='ocrx_word' id='word_1_237' title='bbox 1229 2707 1425 2755; x_wconf 85' lang='lat' dir='ltr'><strong>Introd.</strong></span> <span class='ocrx_word' id='word_1_238' title='bbox 1454 2708 1509 2755; x_wconf 91' lang='lat' dir='ltr'><strong>in</strong></span> <span class='ocrx_word' id='word_1_239' title='bbox 1536 2707 1667 2756; x_wconf 87' lang='lat' dir='ltr'><strong>Cris.</strong></span> <span class='ocrx_word' id='word_1_240' title='bbox 1694 2708 1758 2755; x_wconf 91' lang='lat' dir='ltr'><strong>N.</strong></span> <span class='ocrx_word' id='word_1_241' title='bbox 1785 2708 1845 2755; x_wconf 88' lang='lat' dir='ltr'><strong>T.</strong></span> <span class='ocrx_word' id='word_1_242' title='bbox 1873 2710 1920 2767; x_wconf 68' lang='grc' dir='ltr'><strong>ξ.</strong></span> <span class='ocrx_word' id='word_1_243' title='bbox 1943 2709 2024 2755; x_wconf 83' lang='grc'><strong>35.</strong></span> <span class='ocrx_word' id='word_1_244' title='bbox 2063 2707 2196 2772; x_wconf 90' lang='lat' dir='ltr'><strong>App.</strong></span> <span class='ocrx_word' id='word_1_245' title='bbox 2223 2725 2275 2772; x_wconf 92' lang='lat' dir='ltr'><strong>p.</strong></span> <span class='ocrx_word' id='word_1_246' title='bbox 2305 2710 2385 2757; x_wconf 90' lang='lat'><strong>70.</strong></span> <span class='ocrx_word' id='word_1_247' title='bbox 2408 2736 2472 2743; x_wconf 93' lang='lat'><strong>—-—</strong></span> <span class='ocrx_word' id='word_1_248' title='bbox 2501 2714 2610 2757; x_wconf 87' lang='lat' dir='ltr'><strong>tum</strong></span> <span class='ocrx_word' id='word_1_249' title='bbox 2649 2726 2714 2759; x_wconf 85' lang='lat' dir='ltr'><strong>ex</strong></span> 
     </span>
     <span class='ocr_line' id='line_1_24' title="bbox 252 2793 2712 2861; baseline 0.001 -19"><span class='ocrx_word' id='word_1_250' title='bbox 252 2794 351 2843; x_wconf 83' lang='lat' dir='ltr'><strong>aliis</strong></span> <span class='ocrx_word' id='word_1_251' title='bbox 373 2795 660 2859; x_wconf 86' lang='lat' dir='ltr'><strong>peregrinis</strong></span> <span class='ocrx_word' id='word_1_252' title='bbox 678 2794 828 2855; x_wconf 86' lang='lat' dir='ltr'><strong>locis,</strong></span> <span class='ocrx_word' id='word_1_253' title='bbox 850 2795 1116 2859; x_wconf 81' lang='lat' dir='ltr'><strong>variisque</strong></span> <span class='ocrx_word' id='word_1_254' title='bbox 1137 2795 1194 2842; x_wconf 89' lang='lat' dir='ltr'><strong>in</strong></span> <span class='ocrx_word' id='word_1_255' title='bbox 1217 2794 1477 2857; x_wconf 87' lang='lat' dir='ltr'><strong>Hispania</strong></span> <span class='ocrx_word' id='word_1_256' title='bbox 1495 2793 1842 2842; x_wconf 86' lang='lat' dir='ltr'><strong>Bibliothecis</strong></span> <span class='ocrx_word' id='word_1_257' title='bbox 1864 2796 2069 2857; x_wconf 83' lang='lat' dir='ltr'><strong>magnis</strong></span> <span class='ocrx_word' id='word_1_258' title='bbox 2093 2796 2352 2844; x_wconf 87' lang='lat' dir='ltr'><strong>sumtibus</strong></span> <span class='ocrx_word' id='word_1_259' title='bbox 2375 2795 2712 2861; x_wconf 86' lang='lat' dir='ltr'><strong>Complutum</strong></span> 
     </span>
     <span class='ocr_line' id='line_1_25' title="bbox 252 2879 2712 2946; baseline 0.002 -18"><span class='ocrx_word' id='word_1_260' title='bbox 252 2880 405 2929; x_wconf 85' lang='lat' dir='ltr'><strong>delati.</strong></span> <span class='ocrx_word' id='word_1_261' title='bbox 451 2881 603 2929; x_wconf 90' lang='lat' dir='ltr'><strong>Anno</strong></span> <span class='ocrx_word' id='word_1_262' title='bbox 640 2883 789 2930; x_wconf 88' lang='grc'><strong>1502.</strong></span> <span class='ocrx_word' id='word_1_263' title='bbox 828 2898 960 2946; x_wconf 90' lang='lat' dir='ltr'><strong>opus</strong></span> <span class='ocrx_word' id='word_1_264' title='bbox 998 2886 1223 2945; x_wconf 82' lang='lat' dir='ltr'><strong>ceptum,</strong></span> <span class='ocrx_word' id='word_1_265' title='bbox 1264 2896 1379 2929; x_wconf 85' lang='lat' dir='ltr'><strong>cum</strong></span> <span class='ocrx_word' id='word_1_266' title='bbox 1416 2881 1480 2929; x_wconf 88' lang='lat' dir='ltr'><strong>N.</strong></span> <span class='ocrx_word' id='word_1_267' title='bbox 1508 2880 1568 2928; x_wconf 88' lang='lat' dir='ltr'><strong>T.</strong></span> <span class='ocrx_word' id='word_1_268' title='bbox 1606 2896 1682 2944; x_wconf 90' lang='lat' dir='ltr'><strong>gr.</strong></span> <span class='ocrx_word' id='word_1_269' title='bbox 1710 2879 1742 2928; x_wconf 92' lang='lat' dir='ltr'><strong>l.</strong></span> <span class='ocrx_word' id='word_1_270' title='bbox 1783 2881 2003 2944; x_wconf 90' lang='lat' dir='ltr'><strong>eiusque</strong></span> <span class='ocrx_word' id='word_1_271' title='bbox 2041 2880 2198 2929; x_wconf 91' lang='lat' dir='ltr'><strong>editio</strong></span> <span class='ocrx_word' id='word_1_272' title='bbox 2237 2881 2712 2932; x_wconf 87' lang='lat' dir='ltr'><strong>munificentissimi</strong></span> 
     </span>
     <span class='ocr_line' id='line_1_26' title="bbox 250 2967 2711 3033; baseline 0.001 -18"><span class='ocrx_word' id='word_1_273' title='bbox 250 2968 549 3017; x_wconf 86' lang='lat' dir='ltr'><strong>Maecenatis</strong></span> <span class='ocrx_word' id='word_1_274' title='bbox 577 2969 830 3033; x_wconf 87' lang='lat' dir='ltr'><strong>auspiciis</strong></span> <span class='ocrx_word' id='word_1_275' title='bbox 860 2968 927 3017; x_wconf 88' lang='lat' dir='ltr'><strong>ad</strong></span> <span class='ocrx_word' id='word_1_276' title='bbox 952 2967 1111 3017; x_wconf 89' lang='lat' dir='ltr'><strong>finem</strong></span> <span class='ocrx_word' id='word_1_277' title='bbox 1136 2967 1392 3032; x_wconf 82' lang='lat' dir='ltr'><strong>perducta</strong></span> <span class='ocrx_word' id='word_1_278' title='bbox 1422 2972 1501 3016; x_wconf 89' lang='lat' dir='ltr'><strong>est</strong></span> <span class='ocrx_word' id='word_1_279' title='bbox 1526 2967 1610 3015; x_wconf 91' lang='lat' dir='ltr'><strong>die</strong></span> <span class='ocrx_word' id='word_1_280' title='bbox 1640 2968 1719 3015; x_wconf 88' lang='lat'><strong>10.</strong></span> <span class='ocrx_word' id='word_1_281' title='bbox 1745 2967 1990 3015; x_wconf 61' lang='lat' dir='ltr'><strong>«Ianuarii</strong></span> <span class='ocrx_word' id='word_1_282' title='bbox 2021 2969 2196 3029; x_wconf 86' lang='lat'><strong>1514.;</strong></span> <span class='ocrx_word' id='word_1_283' title='bbox 2236 2968 2329 3017; x_wconf 88' lang='lat' dir='ltr'><strong>sed</strong></span> <span class='ocrx_word' id='word_1_284' title='bbox 2366 2969 2574 3018; x_wconf 90' lang='lat' dir='ltr'><strong>demum</strong></span> <span class='ocrx_word' id='word_1_285' title='bbox 2601 2974 2711 3019; x_wconf 86' lang='lat' dir='ltr'><strong>toto</strong></span> 
     </span>
     <span class='ocr_line' id='line_1_27' title="bbox 250 3053 2712 3119; baseline 0.001 -17"><span class='ocrx_word' id='word_1_286' title='bbox 250 3054 515 3103; x_wconf 82' lang='lat' dir='ltr'><strong>Bibliorum</strong></span> <span class='ocrx_word' id='word_1_287' title='bbox 547 3054 965 3119; x_wconf 82' lang='lat' dir='ltr'><strong>Polyglottorum</strong></span> <span class='ocrx_word' id='word_1_288' title='bbox 1004 3070 1161 3119; x_wconf 90' lang='lat' dir='ltr'><strong>opere</strong></span> <span class='ocrx_word' id='word_1_289' title='bbox 1190 3070 1237 3103; x_wconf 90' lang='lat' dir='ltr'><strong>a.</strong></span> <span class='ocrx_word' id='word_1_290' title='bbox 1272 3056 1421 3102; x_wconf 86' lang='lat'><strong>1517.</strong></span> <span class='ocrx_word' id='word_1_291' title='bbox 1460 3053 1724 3114; x_wconf 86' lang='lat' dir='ltr'><strong>absoluto,</strong></span> <span class='ocrx_word' id='word_1_292' title='bbox 1765 3053 1936 3102; x_wconf 87' lang='lat' dir='ltr'><strong>lucem</strong></span> <span class='ocrx_word' id='word_1_293' title='bbox 1974 3056 2194 3117; x_wconf 84' lang='lat' dir='ltr'><strong>aspexit.</strong></span> <span class='ocrx_word' id='word_1_294' title='bbox 2244 3056 2469 3104; x_wconf 83' lang='lat' dir='ltr'><strong>Textum</strong></span> <span class='ocrx_word' id='word_1_295' title='bbox 2497 3056 2712 3106; x_wconf 80' lang='lat' dir='ltr'><strong>exhibet</strong></span> 
     </span>
     <span class='ocr_line' id='line_1_28' title="bbox 252 3140 2712 3206; baseline 0.001 -17"><span class='ocrx_word' id='word_1_296' title='bbox 252 3143 349 3189; x_wconf 85' lang='lat' dir='ltr'><strong>sine</strong></span> <span class='ocrx_word' id='word_1_297' title='bbox 385 3143 647 3206; x_wconf 90' lang='lat' dir='ltr'><strong>spiritibus</strong></span> <span class='ocrx_word' id='word_1_298' title='bbox 675 3148 728 3190; x_wconf 90' lang='lat' dir='ltr'><strong>et</strong></span> <span class='ocrx_word' id='word_1_299' title='bbox 760 3142 1096 3191; x_wconf 80' lang='lat' dir='ltr'><strong>distinetione</strong></span> <span class='ocrx_word' id='word_1_300' title='bbox 1135 3147 1477 3203; x_wconf 80' lang='lat' dir='ltr'><strong>accentuum3</strong></span> <span class='ocrx_word' id='word_1_301' title='bbox 1515 3142 1571 3189; x_wconf 92' lang='lat' dir='ltr'><strong>in</strong></span> <span class='ocrx_word' id='word_1_302' title='bbox 1609 3142 1853 3189; x_wconf 89' lang='lat' dir='ltr'><strong>omnibus</strong></span> <span class='ocrx_word' id='word_1_303' title='bbox 1891 3146 2068 3189; x_wconf 88' lang='lat' dir='ltr'><strong>tamen</strong></span> <span class='ocrx_word' id='word_1_304' title='bbox 2105 3140 2454 3205; x_wconf 82' lang='lat' dir='ltr'><strong>polysyllabis</strong></span> <span class='ocrx_word' id='word_1_305' title='bbox 2492 3144 2712 3192; x_wconf 83' lang='lat' dir='ltr'><strong>vocibus</strong></span> 
     </span>
     <span class='ocr_line' id='line_1_29' title="bbox 252 3227 2712 3293; baseline 0.001 -18"><span class='ocrx_word' id='word_1_306' title='bbox 252 3230 377 3276; x_wconf 86' lang='lat' dir='ltr'><strong>acuti</strong></span> <span class='ocrx_word' id='word_1_307' title='bbox 411 3230 565 3276; x_wconf 87' lang='lat' dir='ltr'><strong>tonici</strong></span> <span class='ocrx_word' id='word_1_308' title='bbox 605 3234 907 3277; x_wconf 83' lang='lat' dir='ltr'><strong>cernuntur.</strong></span> <span class='ocrx_word' id='word_1_309' title='bbox 968 3229 1138 3277; x_wconf 84' lang='lat' dir='ltr'><strong>Facta</strong></span> <span class='ocrx_word' id='word_1_310' title='bbox 1175 3234 1255 3277; x_wconf 90' lang='lat' dir='ltr'><strong>est</strong></span> <span class='ocrx_word' id='word_1_311' title='bbox 1291 3228 1423 3277; x_wconf 86' lang='lat' dir='ltr'><strong>haee</strong></span> <span class='ocrx_word' id='word_1_312' title='bbox 1462 3228 1620 3277; x_wconf 87' lang='lat' dir='ltr'><strong>editio</strong></span> <span class='ocrx_word' id='word_1_313' title='bbox 1662 3230 1814 3292; x_wconf 87' lang='lat' dir='ltr'><strong>quasi</strong></span> <span class='ocrx_word' id='word_1_314' title='bbox 1862 3244 2124 3291; x_wconf 86' lang='lat' dir='ltr'><strong>cynosura</strong></span> <span class='ocrx_word' id='word_1_315' title='bbox 2160 3227 2482 3293; x_wconf 89' lang='lat' dir='ltr'><strong>reliquarum</strong></span> <span class='ocrx_word' id='word_1_316' title='bbox 2529 3230 2712 3279; x_wconf 90' lang='lat' dir='ltr'><strong>editio-</strong></span> 
     </span>
     <span class='ocr_line' id='line_1_30' title="bbox 252 3315 2712 3381; baseline 0.001 -17"><span class='ocrx_word' id='word_1_317' title='bbox 252 3333 387 3379; x_wconf 83' lang='lat' dir='ltr'><strong>num3</strong></span> <span class='ocrx_word' id='word_1_318' title='bbox 432 3333 654 3381; x_wconf 87' lang='lat' dir='ltr'><strong>eumque</strong></span> <span class='ocrx_word' id='word_1_319' title='bbox 705 3332 771 3365; x_wconf 90' lang='lat' dir='ltr'><strong>ea</strong></span> <span class='ocrx_word' id='word_1_320' title='bbox 815 3318 919 3365; x_wconf 90' lang='lat' dir='ltr'><strong>iam</strong></span> <span class='ocrx_word' id='word_1_321' title='bbox 957 3322 1081 3365; x_wconf 87' lang='lat' dir='ltr'><strong>ante</strong></span> <span class='ocrx_word' id='word_1_322' title='bbox 1122 3316 1472 3365; x_wconf 72' lang='lat' dir='ltr'><strong>defectionem</strong></span> <span class='ocrx_word' id='word_1_323' title='bbox 1510 3315 1750 3376; x_wconf 91' lang='lat' dir='ltr'><strong>Lutheri,</strong></span> <span class='ocrx_word' id='word_1_324' title='bbox 1799 3331 1908 3363; x_wconf 90' lang='lat' dir='ltr'><strong>rem</strong></span> <span class='ocrx_word' id='word_1_325' title='bbox 1947 3317 2330 3380; x_wconf 87' lang='lat' dir='ltr'><strong>impensissime</strong></span> <span class='ocrx_word' id='word_1_326' title='bbox 2368 3323 2712 3381; x_wconf 89' lang='lat' dir='ltr'><strong>promovente</strong></span> 
     </span>
     <span class='ocr_line' id='line_1_31' title="bbox 252 3403 2713 3468; baseline 0.001 -18"><span class='ocrx_word' id='word_1_327' title='bbox 252 3408 395 3467; x_wconf 87' lang='lat' dir='ltr'><strong>atque</strong></span> <span class='ocrx_word' id='word_1_328' title='bbox 431 3405 756 3467; x_wconf 88' lang='lat' dir='ltr'><strong>approbante</strong></span> <span class='ocrx_word' id='word_1_329' title='bbox 794 3403 978 3453; x_wconf 91' lang='lat' dir='ltr'><strong>Leone</strong></span> <span class='ocrx_word' id='word_1_330' title='bbox 1014 3405 1079 3452; x_wconf 89' lang='lat' dir='ltr'><strong>X.</strong></span> <span class='ocrx_word' id='word_1_331' title='bbox 1118 3404 1177 3452; x_wconf 92' lang='lat' dir='ltr'><strong>P.</strong></span> <span class='ocrx_word' id='word_1_332' title='bbox 1216 3404 1287 3452; x_wconf 93' lang='lat' dir='ltr'><strong>M.</strong></span> <span class='ocrx_word' id='word_1_333' title='bbox 1326 3403 1563 3468; x_wconf 87' lang='lat' dir='ltr'><strong>vulgata·</strong></span> <span class='ocrx_word' id='word_1_334' title='bbox 1585 3404 1766 3465; x_wconf 83' lang='lat' dir='ltr'><strong>fuerit3</strong></span> <span class='ocrx_word' id='word_1_335' title='bbox 1821 3408 2008 3466; x_wconf 88' lang='lat' dir='ltr'><strong>sponte</strong></span> <span class='ocrx_word' id='word_1_336' title='bbox 2058 3418 2172 3457; x_wconf 69' lang='lat' dir='ltr'><strong>sua,</strong></span> <span class='ocrx_word' id='word_1_337' title='bbox 2204 3405 2470 3467; x_wconf 85' lang='lat' dir='ltr'><strong>sequitur:</strong></span> <span class='ocrx_word' id='word_1_338' title='bbox 2525 3421 2554 3468; x_wconf 91' lang='lat' dir='ltr'>q</span> <span class='ocrx_word' id='word_1_339' title='bbox 2571 3420 2713 3453; x_wconf 86' lang='lat' dir='ltr'><strong>uam</strong></span> 
     </span>
     <span class='ocr_line' id='line_1_32' title="bbox 252 3488 2713 3553; baseline 0.001 -16"><span class='ocrx_word' id='word_1_340' title='bbox 252 3504 587 3553; x_wconf 87' lang='lat' dir='ltr'><strong>perperam</strong></span> <span class='ocrx_word' id='word_1_341' title='bbox 651 3490 1053 3539; x_wconf 84' lang='lat' dir='ltr'><strong>Acatholici</strong></span> <span class='ocrx_word' id='word_1_342' title='bbox 1114 3490 1189 3539; x_wconf 91' lang='lat' dir='ltr'><strong>de</strong></span> <span class='ocrx_word' id='word_1_343' title='bbox 1252 3491 1561 3539; x_wconf 86' lang='lat' dir='ltr'><strong>excitata</strong></span> <span class='ocrx_word' id='word_1_344' title='bbox 1624 3490 1704 3537; x_wconf 89' lang='lat' dir='ltr'><strong>ad</strong></span> <span class='ocrx_word' id='word_1_345' title='bbox 1764 3488 2149 3553; x_wconf 85' lang='lat' dir='ltr'><strong>vulgandos</strong></span> <span class='ocrx_word' id='word_1_346' title='bbox 2211 3488 2262 3539; x_wconf 82' lang='lat' dir='ltr'><strong>S.</strong></span> <span class='ocrx_word' id='word_1_347' title='bbox 2317 3492 2440 3539; x_wconf 92' lang='lat' dir='ltr'><strong>Bib</strong></span> <span class='ocrx_word' id='word_1_348' title='bbox 2462 3489 2713 3540; x_wconf 90' lang='lat' dir='ltr'><strong>liorum</strong></span> 
     </span>
     <span class='ocr_line' id='line_1_33' title="bbox 252 3568 2714 3641; baseline 0.001 -18"><span class='ocrx_word' id='word_1_349' title='bbox 252 3576 480 3625; x_wconf 89' lang='lat' dir='ltr'><strong>Libros</strong></span> <span class='ocrx_word' id='word_1_350' title='bbox 516 3578 583 3624; x_wconf 93' lang='lat' dir='ltr'><strong>in</strong></span> <span class='ocrx_word' id='word_1_351' title='bbox 620 3577 959 3625; x_wconf 86' lang='lat' dir='ltr'><strong>Textibus</strong></span> <span class='ocrx_word' id='word_1_352' title='bbox 1007 3578 1396 3641; x_wconf 88' lang='lat' dir='ltr'><strong>originariis</strong></span> <span class='ocrx_word' id='word_1_353' title='bbox 1434 3576 1766 3625; x_wconf 89' lang='lat' dir='ltr'><strong>industria</strong></span> <span class='ocrx_word' id='word_1_354' title='bbox 1802 3576 1928 3623; x_wconf 91' lang='lat' dir='ltr'><strong>sibi</strong></span> <span class='ocrx_word' id='word_1_355' title='bbox 1966 3568 2401 3640; x_wconf 85' lang='lat' dir='ltr'><strong>gratulentur.</strong></span> <span class='ocrx_word' id='word_1_356' title='bbox 2452 3578 2515 3626; x_wconf 92' lang='lat' dir='ltr'><strong>N.</strong></span> <span class='ocrx_word' id='word_1_357' title='bbox 2545 3579 2607 3627; x_wconf 88' lang='lat' dir='ltr'><strong>T.</strong></span> <span class='ocrx_word' id='word_1_358' title='bbox 2647 3578 2714 3626; x_wconf 92' lang='lat' dir='ltr'><strong>ad</strong></span> 
     </span>
     <span class='ocr_line' id='line_1_34' title="bbox 258 3662 2715 3727; baseline 0.002 -18"><span class='ocrx_word' id='word_1_359' title='bbox 258 3662 502 3726; x_wconf 81' lang='lat' dir='ltr'><strong>exemplar</strong></span> <span class='ocrx_word' id='word_1_360' title='bbox 528 3663 906 3727; x_wconf 88' lang='lat' dir='ltr'><strong>Complutense</strong></span> <span class='ocrx_word' id='word_1_361' title='bbox 945 3679 1251 3727; x_wconf 88' lang='lat' dir='ltr'><strong>expressum</strong></span> <span class='ocrx_word' id='word_1_362' title='bbox 1289 3668 1535 3711; x_wconf 86' lang='lat' dir='ltr'><strong>accurate</strong></span> <span class='ocrx_word' id='word_1_363' title='bbox 1574 3663 1738 3711; x_wconf 84' lang='lat' dir='ltr'><strong>edidit</strong></span> <span class='ocrx_word' id='word_1_364' title='bbox 1762 3663 1819 3710; x_wconf 90' lang='lat' dir='ltr'><strong>P.</strong></span> <span class='ocrx_word' id='word_1_365' title='bbox 1848 3662 1908 3711; x_wconf 90' lang='lat' dir='ltr'><strong>A.</strong></span> <span class='ocrx_word' id='word_1_366' title='bbox 1939 3662 2113 3712; x_wconf 85' lang='lat' dir='ltr'><strong>Gratz.</strong></span> <span class='ocrx_word' id='word_1_367' title='bbox 2141 3663 2276 3711; x_wconf 83' lang='lat' dir='ltr'><strong>Tub.</strong></span> <span class='ocrx_word' id='word_1_368' title='bbox 2309 3665 2455 3715; x_wconf 89' lang='grc'><strong>1821.</strong></span> <span class='ocrx_word' id='word_1_369' title='bbox 2486 3664 2566 3713; x_wconf 90' lang='lat' dir='ltr'><strong>ed.</strong></span> <span class='ocrx_word' id='word_1_370' title='bbox 2594 3681 2715 3713; x_wconf 87' lang='lat' dir='ltr'><strong>nov.</strong></span> 
     </span>
     <span class='ocr_line' id='line_1_35' title="bbox 257 3748 2718 3815; baseline 0.001 -19"><span class='ocrx_word' id='word_1_371' title='bbox 257 3748 541 3813; x_wconf 88' lang='lat' dir='ltr'><strong>Moguntiae</strong></span> <span class='ocrx_word' id='word_1_372' title='bbox 580 3752 729 3799; x_wconf 89' lang='grc'><strong>1827.</strong></span> <span class='ocrx_word' id='word_1_373' title='bbox 752 3753 799 3797; x_wconf 86' lang='grc'><strong>2.</strong></span> <span class='ocrx_word' id='word_1_374' title='bbox 826 3749 930 3798; x_wconf 88' lang='lat' dir='ltr'><strong>vol.</strong></span> <span class='ocrx_word' id='word_1_375' title='bbox 983 3749 1287 3813; x_wconf 89' lang='lat' dir='ltr'><strong>Optandum</strong></span> <span class='ocrx_word' id='word_1_376' title='bbox 1324 3755 1500 3798; x_wconf 88' lang='lat' dir='ltr'><strong>autem</strong></span> <span class='ocrx_word' id='word_1_377' title='bbox 1527 3751 1740 3798; x_wconf 89' lang='lat' dir='ltr'><strong>omnino</strong></span> <span class='ocrx_word' id='word_1_378' title='bbox 1781 3754 1933 3809; x_wconf 87' lang='lat' dir='ltr'><strong>esset,</strong></span> <span class='ocrx_word' id='word_1_379' title='bbox 1971 3754 2030 3797; x_wconf 90' lang='lat' dir='ltr'><strong>ut</strong></span> <span class='ocrx_word' id='word_1_380' title='bbox 2067 3749 2226 3798; x_wconf 89' lang='lat' dir='ltr'><strong>editio</strong></span> <span class='ocrx_word' id='word_1_381' title='bbox 2264 3749 2396 3798; x_wconf 83' lang='lat' dir='ltr'><strong>haec</strong></span> <span class='ocrx_word' id='word_1_382' title='bbox 2434 3751 2718 3815; x_wconf 85' lang='lat' dir='ltr'><strong>magnifica</strong></span> 
     </span>
     <span class='ocr_line' id='line_1_36' title="bbox 256 3827 2714 3899; baseline 0.001 -16"><span class='ocrx_word' id='word_1_383' title='bbox 256 3836 375 3883; x_wconf 86' lang='lat' dir='ltr'><strong>sieut</strong></span> <span class='ocrx_word' id='word_1_384' title='bbox 418 3838 646 3885; x_wconf 91' lang='lat' dir='ltr'><strong>omnium</strong></span> <span class='ocrx_word' id='word_1_385' title='bbox 683 3838 851 3899; x_wconf 90' lang='lat' dir='ltr'><strong>prima</strong></span> <span class='ocrx_word' id='word_1_386' title='bbox 902 3842 1038 3897; x_wconf 86' lang='lat' dir='ltr'><strong>erat,</strong></span> <span class='ocrx_word' id='word_1_387' title='bbox 1086 3838 1163 3885; x_wconf 87' lang='lat' dir='ltr'><strong>ita</strong></span> <span class='ocrx_word' id='word_1_388' title='bbox 1198 3836 1313 3885; x_wconf 87' lang='lat' dir='ltr'><strong>sola</strong></span> <span class='ocrx_word' id='word_1_389' title='bbox 1350 3836 1563 3899; x_wconf 89' lang='lat' dir='ltr'><strong>quidem</strong></span> <span class='ocrx_word' id='word_1_390' title='bbox 1599 3836 1810 3896; x_wconf 86' lang='lat' dir='ltr'><strong>fuisset,</strong></span> <span class='ocrx_word' id='word_1_391' title='bbox 1863 3827 2012 3884; x_wconf 85' lang='lat' dir='ltr'><strong>euius</strong></span> <span class='ocrx_word' id='word_1_392' title='bbox 2052 3836 2250 3884; x_wconf 85' lang='lat' dir='ltr'><strong>Textus</strong></span> <span class='ocrx_word' id='word_1_393' title='bbox 2291 3863 2350 3871; x_wconf 90' lang='lat'><strong>--</strong></span> <span class='ocrx_word' id='word_1_394' title='bbox 2394 3836 2568 3885; x_wconf 85' lang='lat' dir='ltr'><strong>demto</strong></span> <span class='ocrx_word' id='word_1_395' title='bbox 2607 3854 2714 3886; x_wconf 88' lang='lat' dir='ltr'><strong>uno</strong></span> 
     </span>
     <span class='ocr_line' id='line_1_37' title="bbox 256 3921 2719 3988; baseline 0.002 -20"><span class='ocrx_word' id='word_1_396' title='bbox 256 3921 331 3970; x_wconf 82' lang='lat' dir='ltr'><strong>vel</strong></span> <span class='ocrx_word' id='word_1_397' title='bbox 360 3921 515 3972; x_wconf 88' lang='lat' dir='ltr'><strong>altero</strong></span> <span class='ocrx_word' id='word_1_398' title='bbox 540 3924 684 3984; x_wconf 83' lang='lat' dir='ltr'><strong>vitio,</strong></span> <span class='ocrx_word' id='word_1_399' title='bbox 726 3923 868 3987; x_wconf 92' lang='lat' dir='ltr'><strong>quod</strong></span> <span class='ocrx_word' id='word_1_400' title='bbox 893 3924 949 3971; x_wconf 93' lang='lat' dir='ltr'><strong>in</strong></span> <span class='ocrx_word' id='word_1_401' title='bbox 975 3924 1165 3971; x_wconf 84' lang='lat' dir='ltr'><strong>iterata</strong></span> <span class='ocrx_word' id='word_1_402' title='bbox 1192 3923 1422 3971; x_wconf 90' lang='lat' dir='ltr'><strong>editione</strong></span> <span class='ocrx_word' id='word_1_403' title='bbox 1460 3922 1672 3971; x_wconf 90' lang='lat' dir='ltr'><strong>sustulit</strong></span> <span class='ocrx_word' id='word_1_404' title='bbox 1706 3921 1906 3971; x_wconf 88' lang='lat' dir='ltr'><strong>Arias</strong></span> <span class='ocrx_word' id='word_1_405' title='bbox 1941 3922 2304 3971; x_wconf 87' lang='lat' dir='ltr'><strong>Montanus.</strong></span> <span class='ocrx_word' id='word_1_406' title='bbox 2331 3950 2398 3957; x_wconf 93' lang='lat'>—</span> <span class='ocrx_word' id='word_1_407' title='bbox 2422 3924 2628 3988; x_wconf 90' lang='lat' dir='ltr'><strong>integer</strong></span> <span class='ocrx_word' id='word_1_408' title='bbox 2666 3929 2719 3972; x_wconf 91' lang='lat' dir='ltr'><strong>et</strong></span> 
     </span>
     <span class='ocr_line' id='line_1_38' title="bbox 256 4006 2718 4075; baseline 0.002 -21"><span class='ocrx_word' id='word_1_409' title='bbox 256 4006 467 4057; x_wconf 89' lang='lat' dir='ltr'><strong>illibatus</strong></span> <span class='ocrx_word' id='word_1_410' title='bbox 504 4012 560 4057; x_wconf 92' lang='lat' dir='ltr'><strong>in</strong></span> <span class='ocrx_word' id='word_1_411' title='bbox 587 4008 846 4058; x_wconf 86' lang='lat' dir='ltr'><strong>editiones</strong></span> <span class='ocrx_word' id='word_1_412' title='bbox 884 4011 1201 4073; x_wconf 87' lang='lat' dir='ltr'><strong>posteriores</strong></span> <span class='ocrx_word' id='word_1_413' title='bbox 1240 4024 1479 4073; x_wconf 89' lang='lat' dir='ltr'><strong>quasque</strong></span> <span class='ocrx_word' id='word_1_414' title='bbox 1504 4010 1818 4058; x_wconf 88' lang='lat' dir='ltr'><strong>transiisset.</strong></span> <span class='ocrx_word' id='word_1_415' title='bbox 1872 4010 2228 4058; x_wconf 88' lang='lat' dir='ltr'><strong>Praestitisset</strong></span> <span class='ocrx_word' id='word_1_416' title='bbox 2253 4011 2464 4059; x_wconf 90' lang='lat' dir='ltr'><strong>omnino</strong></span> <span class='ocrx_word' id='word_1_417' title='bbox 2490 4012 2718 4075; x_wconf 91' lang='lat' dir='ltr'><strong>principi</strong></span> 
     </span>
     <span class='ocr_line' id='line_1_39' title="bbox 258 4092 2720 4159; baseline 0.002 -18"><span class='ocrx_word' id='word_1_418' title='bbox 258 4092 365 4142; x_wconf 91' lang='lat' dir='ltr'><strong>huic</strong></span> <span class='ocrx_word' id='word_1_419' title='bbox 383 4096 611 4157; x_wconf 89' lang='lat' dir='ltr'><strong>editioni,</strong></span> <span class='ocrx_word' id='word_1_420' title='bbox 634 4111 729 4145; x_wconf 90' lang='lat' dir='ltr'><strong>seu</strong></span> <span class='ocrx_word' id='word_1_421' title='bbox 754 4095 1010 4144; x_wconf 89' lang='lat' dir='ltr'><strong>immobili</strong></span> <span class='ocrx_word' id='word_1_422' title='bbox 1031 4096 1216 4155; x_wconf 86' lang='lat' dir='ltr'><strong>fundo,</strong></span> <span class='ocrx_word' id='word_1_423' title='bbox 1236 4095 1303 4143; x_wconf 89' lang='lat' dir='ltr'><strong>ad</strong></span> <span class='ocrx_word' id='word_1_424' title='bbox 1328 4097 1620 4159; x_wconf 90' lang='lat' dir='ltr'><strong>marginem</strong></span> <span class='ocrx_word' id='word_1_425' title='bbox 1645 4094 1917 4155; x_wconf 87' lang='lat' dir='ltr'><strong>lectiones,</strong></span> <span class='ocrx_word' id='word_1_426' title='bbox 1945 4110 2080 4159; x_wconf 89' lang='lat' dir='ltr'><strong>quae</strong></span> <span class='ocrx_word' id='word_1_427' title='bbox 2100 4094 2342 4145; x_wconf 89' lang='lat' dir='ltr'><strong>meliores</strong></span> <span class='ocrx_word' id='word_1_428' title='bbox 2361 4097 2720 4146; x_wconf 87' lang='lat' dir='ltr'><strong>iudicarentur</strong></span> 
     </span>
     <span class='ocr_line' id='line_1_40' title="bbox 260 4181 2717 4247; baseline 0.001 -19"><span class='ocrx_word' id='word_1_429' title='bbox 260 4181 513 4246; x_wconf 79' lang='lat' dir='ltr'><strong>adiecisse3</strong></span> <span class='ocrx_word' id='word_1_430' title='bbox 551 4198 709 4247; x_wconf 89' lang='lat' dir='ltr'><strong>quam</strong></span> <span class='ocrx_word' id='word_1_431' title='bbox 748 4182 969 4231; x_wconf 86' lang='lat' dir='ltr'><strong>sublatis</strong></span> <span class='ocrx_word' id='word_1_432' title='bbox 996 4183 1077 4242; x_wconf 86' lang='lat' dir='ltr'><strong>iis,</strong></span> <span class='ocrx_word' id='word_1_433' title='bbox 1118 4182 1213 4231; x_wconf 83' lang='lat' dir='ltr'><strong>has</strong></span> <span class='ocrx_word' id='word_1_434' title='bbox 1250 4184 1305 4229; x_wconf 93' lang='lat' dir='ltr'><strong>in</strong></span> <span class='ocrx_word' id='word_1_435' title='bbox 1330 4184 1563 4247; x_wconf 88' lang='lat' dir='ltr'><strong>ipsorum</strong></span> <span class='ocrx_word' id='word_1_436' title='bbox 1598 4182 1790 4243; x_wconf 88' lang='lat' dir='ltr'><strong>locum,</strong></span> <span class='ocrx_word' id='word_1_437' title='bbox 1830 4183 1885 4229; x_wconf 89' lang='lat' dir='ltr'><strong>in</strong></span> <span class='ocrx_word' id='word_1_438' title='bbox 1923 4198 2141 4245; x_wconf 84' lang='lat' dir='ltr'><strong>corpore</strong></span> <span class='ocrx_word' id='word_1_439' title='bbox 2171 4188 2345 4232; x_wconf 83' lang='lat' dir='ltr'><strong>textus</strong></span> <span class='ocrx_word' id='word_1_440' title='bbox 2383 4184 2717 4247; x_wconf 86' lang='lat' dir='ltr'><strong>subrogasse.</strong></span> 
     </span>
     <span class='ocr_line' id='line_1_41' title="bbox 260 4266 2718 4333; baseline 0.001 -19"><span class='ocrx_word' id='word_1_441' title='bbox 260 4266 475 4332; x_wconf 85' lang='lat' dir='ltr'><strong>Suspicio</strong></span> <span class='ocrx_word' id='word_1_442' title='bbox 522 4268 617 4317; x_wconf 89' lang='lat' dir='ltr'><strong>illa</strong></span> <span class='ocrx_word' id='word_1_443' title='bbox 652 4270 942 4333; x_wconf 87' lang='lat' dir='ltr'><strong>iniquaque</strong></span> <span class='ocrx_word' id='word_1_444' title='bbox 982 4270 1295 4330; x_wconf 85' lang='lat' dir='ltr'><strong>criminatio,</strong></span> <span class='ocrx_word' id='word_1_445' title='bbox 1348 4284 1503 4333; x_wconf 87' lang='lat' dir='ltr'><strong>quam</strong></span> <span class='ocrx_word' id='word_1_446' title='bbox 1555 4270 1663 4317; x_wconf 88' lang='lat' dir='ltr'><strong>iam</strong></span> <span class='ocrx_word' id='word_1_447' title='bbox 1714 4268 1836 4316; x_wconf 88' lang='lat' dir='ltr'><strong>olim</strong></span> <span class='ocrx_word' id='word_1_448' title='bbox 1874 4267 2006 4316; x_wconf 88' lang='lat' dir='ltr'><strong>aluit</strong></span> <span class='ocrx_word' id='word_1_449' title='bbox 2041 4270 2378 4318; x_wconf 86' lang='lat' dir='ltr'><strong>Erasmus:</strong></span> <span class='ocrx_word' id='word_1_450' title='bbox 2431 4269 2718 4317; x_wconf 90' lang='lat' dir='ltr'><strong>editores</strong></span> 
     </span>
     <span class='ocr_line' id='line_1_42' title="bbox 260 4352 2718 4419; baseline 0.002 -18"><span class='ocrx_word' id='word_1_451' title='bbox 260 4352 773 4419; x_wconf 86' lang='lat' dir='ltr'><strong>Complutenses</strong></span> <span class='ocrx_word' id='word_1_452' title='bbox 812 4356 993 4404; x_wconf 86' lang='lat' dir='ltr'><strong>eitra</strong></span> <span class='ocrx_word' id='word_1_453' title='bbox 1027 4354 1247 4403; x_wconf 88' lang='lat' dir='ltr'><strong>ullius</strong></span> <span class='ocrx_word' id='word_1_454' title='bbox 1292 4356 1560 4404; x_wconf 81' lang='lat' dir='ltr'><strong>codicis</strong></span> <span class='ocrx_word' id='word_1_455' title='bbox 1604 4356 1841 4419; x_wconf 87' lang='lat' dir='ltr'><strong>graeei</strong></span> <span class='ocrx_word' id='word_1_456' title='bbox 1885 4357 2380 4404; x_wconf 84' lang='lat' dir='ltr'><strong>auctoritatem</strong></span> <span class='ocrx_word' id='word_1_457' title='bbox 2424 4356 2718 4405; x_wconf 88' lang='lat' dir='ltr'><strong>subinde</strong></span> 
     </span>
     <span class='ocr_line' id='line_1_43' title="bbox 258 4441 2716 4505; baseline 0.001 -18"><span class='ocrx_word' id='word_1_458' title='bbox 258 4441 551 4490; x_wconf 83' lang='lat' dir='ltr'><strong>nonnulla</strong></span> <span class='ocrx_word' id='word_1_459' title='bbox 587 4447 901 4502; x_wconf 87' lang='lat' dir='ltr'><strong>mutasse,</strong></span> <span class='ocrx_word' id='word_1_460' title='bbox 942 4446 1100 4505; x_wconf 91' lang='lat' dir='ltr'><strong>atque</strong></span> <span class='ocrx_word' id='word_1_461' title='bbox 1140 4441 1403 4489; x_wconf 84' lang='lat' dir='ltr'><strong>Graecum</strong></span> <span class='ocrx_word' id='word_1_462' title='bbox 1440 4443 1664 4489; x_wconf 87' lang='lat' dir='ltr'><strong>Textum</strong></span> <span class='ocrx_word' id='word_1_463' title='bbox 1703 4441 1771 4489; x_wconf 90' lang='lat' dir='ltr'><strong>ad</strong></span> <span class='ocrx_word' id='word_1_464' title='bbox 1805 4442 2056 4489; x_wconf 88' lang='lat' dir='ltr'><strong>Latinam</strong></span> <span class='ocrx_word' id='word_1_465' title='bbox 2083 4443 2381 4490; x_wconf 87' lang='lat' dir='ltr'><strong>versionem</strong></span> <span class='ocrx_word' id='word_1_466' title='bbox 2408 4442 2716 4505; x_wconf 84' lang='lat' dir='ltr'><strong>detorsisse3</strong></span> 
     </span>
     <span class='ocr_line' id='line_1_44' title="bbox 258 4526 2718 4593; baseline 0.001 -20"><span class='ocrx_word' id='word_1_467' title='bbox 258 4542 313 4575; x_wconf 91' lang='lat' dir='ltr'><strong>ne</strong></span> <span class='ocrx_word' id='word_1_468' title='bbox 337 4526 481 4576; x_wconf 90' lang='lat' dir='ltr'><strong>litera</strong></span> <span class='ocrx_word' id='word_1_469' title='bbox 506 4527 720 4593; x_wconf 88' lang='lat' dir='ltr'><strong>quidem</strong></span> <span class='ocrx_word' id='word_1_470' title='bbox 754 4528 1025 4577; x_wconf 85' lang='lat' dir='ltr'><strong>admonito</strong></span> <span class='ocrx_word' id='word_1_471' title='bbox 1062 4527 1277 4588; x_wconf 84' lang='lat' dir='ltr'><strong>lectore,</strong></span> <span class='ocrx_word' id='word_1_472' title='bbox 1316 4533 1495 4576; x_wconf 86' lang='lat' dir='ltr'><strong>nostro</strong></span> <span class='ocrx_word' id='word_1_473' title='bbox 1536 4544 1749 4592; x_wconf 88' lang='lat' dir='ltr'><strong>quoque</strong></span> <span class='ocrx_word' id='word_1_474' title='bbox 1775 4532 2011 4590; x_wconf 87' lang='lat' dir='ltr'><strong>tempore</strong></span> <span class='ocrx_word' id='word_1_475' title='bbox 2049 4543 2082 4575; x_wconf 91' lang='lat' dir='ltr'><strong>a</strong></span> <span class='ocrx_word' id='word_1_476' title='bbox 2119 4527 2627 4577; x_wconf 85' lang='lat' dir='ltr'><strong>Tischendorfio</strong></span> <span class='ocrx_word' id='word_1_477' title='bbox 2651 4556 2718 4563; x_wconf 93' lang='lat'>—</span> 
     </span>
     <span class='ocr_line' id='line_1_45' title="bbox 256 4597 2718 4678; baseline 0 -17"><span class='ocrx_word' id='word_1_478' title='bbox 256 4620 361 4676; x_wconf 86' lang='lat' dir='ltr'><strong>post</strong></span> <span class='ocrx_word' id='word_1_479' title='bbox 392 4614 583 4664; x_wconf 87' lang='lat' dir='ltr'><strong>similes</strong></span> <span class='ocrx_word' id='word_1_480' title='bbox 623 4616 994 4664; x_wconf 85' lang='lat' dir='ltr'><strong>accusationes</strong></span> <span class='ocrx_word' id='word_1_481' title='bbox 1030 4615 1411 4675; x_wconf 89' lang='lat' dir='ltr'><strong>Wetstenii‚</strong></span> <span class='ocrx_word' id='word_1_482' title='bbox 1450 4613 1649 4678; x_wconf 87' lang='lat' dir='ltr'><strong>proleg.</strong></span> <span class='ocrx_word' id='word_1_483' title='bbox 1689 4631 1741 4678; x_wconf 91' lang='lat' dir='ltr'><strong>p.</strong></span> <span class='ocrx_word' id='word_1_484' title='bbox 1772 4616 1885 4663; x_wconf 90' lang='lat'><strong>117.</strong></span> <span class='ocrx_word' id='word_1_485' title='bbox 1913 4629 1954 4662; x_wconf 85' lang='lat' dir='ltr'><strong>s.</strong></span> <span class='ocrx_word' id='word_1_486' title='bbox 2003 4615 2055 4662; x_wconf 87' lang='lat' dir='ltr'><strong>J.</strong></span> <span class='ocrx_word' id='word_1_487' title='bbox 2086 4597 2146 4662; x_wconf 73' lang='lat' dir='ltr'><strong>G&#39;.</strong></span> <span class='ocrx_word' id='word_1_488' title='bbox 2176 4613 2429 4675; x_wconf 61' lang='lat' dir='ltr'><strong>WValch,</strong></span> <span class='ocrx_word' id='word_1_489' title='bbox 2469 4614 2718 4664; x_wconf 89' lang='lat' dir='ltr'><strong>Biblioth.</strong></span> 
     </span>
    </p>
   </div>
  </div>
 </body>
</html>
