3309 5300
541 424 555 431 ”
600 402 727 466 226
1312 411 1544 453 Comment.
1574 412 1627 452 de
1654 412 1698 452 S.
1722 411 1879 461 Script.
1911 422 2005 461 cap.
2035 422 2122 451 sec.
2150 411 2280 451 tract.
2311 409 2366 449 11.

596 589 780 652 XIV.
840 597 905 651 et
960 610 1153 674 quem
1199 588 1265 649 in
1310 587 1704 651 Pontificatu
1751 595 1983 649 nactus
2031 594 2131 649 est
2175 606 2654 666 successorem,
2701 582 3085 646 Innocentio

596 701 737 784 IX„
783 702 956 764 viam
1001 701 1343 764 universae
1393 702 1605 763 carnis
1650 701 1978 783 ingresso:
2026 698 2352 784 Prospere
2397 697 2666 760 tandem
2713 695 2974 777 accidit,
3021 703 3090 757 ut

596 813 779 877 brevi
828 811 1134 877 Clemens
1166 811 1351 876 VIII.
1402 812 1467 876 S.
1500 812 1574 875 P.
1625 811 1990 896 eligeretur,
2039 812 2149 895 qui
2197 810 2536 874 consilium
2569 809 2872 893 Gregorii
2904 806 3087 870 XIV.

597 925 874 989 feliciter
926 924 1251 1012 implevit3
1326 926 2032 1010 praestantissimorum
2093 924 2382 987 virorum
2442 922 2524 985 A.
2572 920 2904 1003 Valerii,
2981 920 3087 984 Fr.

595 1039 977 1102 Borroma
998 1040 1065 1102 ei
1112 1047 1308 1123 atque
1342 1036 1601 1101 Toleti
1650 1035 1862 1099 studio
1898 1045 1964 1099 et
1994 1058 2168 1099 cura.
2219 1034 2365 1098 Tali
2393 1035 2644 1098 ratione
2675 1033 2894 1097 Biblia
2925 1032 3090 1096 Sixti

595 1151 677 1214 V.
704 1153 913 1235 magis
948 1150 1295 1214 emendata
1325 1148 1523 1213 Aldo
1555 1148 1900 1212 Manutio
1927 1152 1938 1191 ¹
1974 1150 2146 1234 typis
2186 1147 2619 1213 describenda
2639 1145 3087 1210 tradebantur.

594 1262 727 1327 Iste
762 1262 1026 1348 quidem
1058 1262 1213 1327 folio
1250 1264 1536 1325 maximo
1587 1271 1783 1345 atque
1829 1261 2061 1324 iisdem
2096 1259 2582 1324 characteribus
2627 1282 2802 1343 usus,
2853 1259 3088 1344 quibus

598 1375 852 1440 Sixtina
915 1375 1379 1460 descripserat,
1449 1397 1611 1459 opus
1667 1383 1818 1438 ante
1887 1375 2038 1437 anni
2089 1376 2275 1441 1592.
2337 1373 2529 1436 finem
2594 1374 3088 1436 consummavit.

595 1487 799 1552 Liber
846 1488 949 1552 cui
980 1487 1200 1551 titulus
1234 1487 1444 1551 factus
1494 1496 1622 1551 est:
1671 1485 1909 1567 ,Biblia
1948 1486 2151 1550 Sacra
2185 1482 2504 1569 Vulgatae
2538 1484 2882 1567 editionis‘,
2932 1486 3092 1549 exiit
3250 1524 3251 1565 1

595 1603 661 1664 in
723 1599 1057 1687 publicum
1108 1599 1358 1665 Romae
1423 1622 1507 1664 ex
1570 1599 2008 1686 typographia
2069 1596 2429 1683 apostolica
2491 1598 2814 1662 Vaticana
2879 1600 3088 1679 1592„

592 1715 907 1797 repetitus
938 1705 1180 1777 ibidem
1212 1716 1396 1780 1593.
1422 1711 1778 1776 levioribus
1810 1711 2201 1798 quibusdam
2227 1707 2481 1773 mendis
2505 1712 2785 1775 mutatis.
2831 1711 3087 1796 Estque

592 1849 863 1891 norma
909 1828 1248 1891 omnium
1295 1828 1828 1911 sequentium,
1891 1834 1968 1911 ‘³ss
2026 1848 2167 1911 pro
2230 1822 2370 1886 illa
2413 1823 2801 1907 habenda,
2867 1846 3088 1910 quam

596 1939 1036 2004 Concilium
1067 1939 1609 2004 Tridentinum
1651 1937 2104 2002 declaravit
2141 1940 2741 2021 ,authenticam‘.
2803 1939 3086 2004 Additae

596 2061 743 2116 sunt
789 2051 1315 2117 Concordantiae
1360 2051 1776 2137 marginaleS,
1845 2051 2316 2137 explicationes
2363 2056 2698 2117 nominum
2752 2052 3088 2116 hebraico-

592 2190 755 2244 rum,
807 2176 871 2231 et
914 2165 1119 2230 index
1163 2188 1380 2229 rerum
1401 2166 1445 2229 ².

593 2430 919 2492 Sornano,
960 2424 1224 2479 Guilelmo
1261 2429 1470 2480 Alano
1509 2429 1701 2495 Anglo,
1743 2429 2060 2479 Columna
2094 2430 2223 2493 iun.,
2264 2430 2321 2479 C.
2359 2429 2448 2479 Fr.
2485 2430 2917 2493 Borromae03
2956 2445 3082 2478 evo-

594 2520 726 2568 catis
763 2518 819 2566 in
854 2517 995 2567 hanc
1033 2533 1213 2566 curam
1252 2532 1367 2565 cum
1394 2518 1495 2581 Ep.
1520 2518 1579 2565 P.
1608 2516 1897 2579 Ridolfi,
1937 2532 2075 2582 mag.
2111 2518 2217 2583 pal.
2255 2518 2312 2565 M
2324 2517 2560 2567 iranda
2595 2518 2720 2567 viris
2758 2517 3084 2567 doctissimis

594 2604 1013 2668 Salv-enemo,
1050 2603 1442 2665 Valverdio,
1490 2603 2042 2667 Morino‚‚Laelio
2080 2604 2330 2667 Lando,
2369 2605 2432 2654 R.
2469 2604 2905 2666 Bellarmino,
2943 2604 3084 2668 Ang.

590 2692 836 2755 Rocca,
874 2692 963 2741 Fr.
1002 2692 1261 2753 Tolet0‚
1312 2693 1381 2741 H.
1433 2690 1676 2743 Gravio
1727 2697 1780 2742 et
1825 2692 2106 2758 Agellio.
2144 2692 2406 2757 Theologi
2443 2691 2496 2740 hi
2535 2692 2788 2742 adhibitis
2825 2691 3086 2755 antiquis-

594 2781 739 2829 simis
791 2779 1065 2829 codicibus
1120 2780 1495 2844 manuscriptis
1523 2807 1589 2814 —
1614 2780 1918 2829 Amiantino
1976 2795 2189 2845 quoque
2245 2780 2405 2838 libro,
2454 2796 2501 2828 ν.
2540 2778 2919 2839 Tischendorf,
2967 2777 3003 2824 l.
3044 2793 3088 2824 c.

592 2883 644 2930 p.
670 2866 821 2915 XIII.
848 2895 915 2902 --
939 2867 1193 2930 inspectis
1233 2881 1446 2930 quoque
1484 2866 1749 2916 hebraicis
1775 2872 1829 2916 et
1852 2869 2058 2932 graecis
2097 2865 2517 2931 exemplaribus3
2557 2865 2814 2915 consultis
2852 2865 3088 2928 denique

593 2953 847 3002 Veterum
874 2950 926 3002 S.
950 2951 1002 3000 S.
1027 2953 1245 3002 Patrum
1272 2957 1431 3017 atque
1458 2953 1511 3003 S.
1530 2953 1596 3002 Ε.
1624 2955 2014 3004 commentariis
2041 2969 2257 3018 operam
2285 2953 2670 3002 emendationis
2697 2953 2749 3002 S.
2770 2952 3087 3010 Bibliorum‚
3250 2939 3251 2982 l

592 3042 741 3090 iussu
788 3041 1014 3091 Concilii
1051 3042 1345 3092 Tridentini
1398 3042 1726 3093 edendorum
1775 3043 2135 3092 absolverunt.
2199 3043 2339 3104 Quid
2389 3048 2442 3092 et
2488 3043 2755 3108 quomodo
2806 3043 2986 3092 fuerat
3031 3043 3088 3088 in

590 3126 781 3177 Bibliis
837 3127 1056 3177 Sixtinis
1111 3134 1387 3190 mutatum,
1445 3131 1785 3194 cognoscitur
1839 3145 1905 3178 ex
1955 3129 2273 3180 documento
2339 3131 2435 3191 „de
2484 3131 2692 3179 ratione
2740 3128 2983 3178 ineunda
3033 3129 3089 3176 in

590 3213 779 3265 Bibliis
832 3215 1208 3280 corrigendis“,
1260 3216 1326 3265 ab
1379 3216 1557 3281 aliquo
1610 3216 1914 3266 consultore
1955 3216 2400 3282 Congregationis
2437 3216 2804 3282 Gregorianae
2853 3217 3086 3280 script03

592 3302 735 3366 quod
784 3304 921 3352 inter
972 3303 1197 3354 schedas
1248 3303 1306 3353 C.
1344 3303 1433 3352 Fr.
1470 3304 1782 3353 Borromaei
1831 3303 1886 3352 in
1924 3303 2277 3354 Ambrosiana
2318 3304 2609 3354 Mediolani
2657 3304 2866 3368 reperit,
2917 3308 3088 3366 atque

589 3388 733 3439 Prol.
784 3390 854 3439 ad
889 3391 1015 3440 Var.
1062 3391 1121 3452 1.,
1173 3393 1255 3440 50.
1306 3407 1347 3442 s.
1406 3391 1570 3440 edidit
1620 3390 1679 3440 C.
1717 3391 2047 3440 Vel-cellone.
2112 3391 2228 3440 Viri
2282 3390 2363 3440 illi
2417 3392 2857 3456 praestantissimi
2911 3406 3087 3439 verno

592 3481 828 3542 tempore
865 3493 913 3526 a.
955 3479 1104 3527 1591.
1142 3477 1217 3530 ad
1249 3482 1475 3528 castrum
1513 3478 1685 3527 Marci
1721 3478 1938 3527 Antonii
1974 3478 2006 3526 i.
2048 3493 2092 3526 e.
2133 3478 2536 3544 zagarolum
2573 3483 2939 3541 secesserunt3
2993 3478 3090 3527 ubi

588 3565 644 3612 in
693 3565 797 3615 isto
848 3566 967 3614 vico
1014 3565 1327 3614 Patrimonii
1383 3570 1436 3614 et
1478 3564 1702 3614 aedibus
1753 3564 1811 3615 C.
1848 3565 1909 3613 A.
1950 3563 2262 3627 Columnae,
2319 3565 2494 3615 labori
2541 3581 2638 3615 suo
2691 3564 2804 3614 sine
2854 3564 3090 3614 aliorum

591 3652 926 3716 negotiorum
977 3653 1373 3717 impedimento,
1423 3653 1526 3703 imo
1565 3652 1770 3716 absque
1806 3650 2296 3716 interpellatoribus
2334 3668 2530 3702 vacare
2577 3657 2839 3718 poterant.
2899 3651 3090 3716 Opere

590 3755 688 3790 suo
728 3739 899 3788 functi
933 3740 1157 3789 Romam
1208 3741 1535 3804 repetierunt
1579 3754 1761 3789 mense
1800 3739 2048 3803 Octobri3
2106 3754 2225 3788 cum
2275 3740 2380 3788 iam
2419 3739 2708 3804 Gregorius
2743 3738 2883 3787 XIV.
2923 3739 3090 3788 morti

591 3828 864 3890 proximus
903 3831 1031 3889 erat,
1074 3841 1231 3892 quam
1267 3842 1459 3876 revera
1495 3825 1580 3875 die
1622 3827 1704 3876 15.
1732 3843 1776 3876 e.
1801 3842 1870 3875 m.
1900 3827 2051 3876 1591.
2091 3827 2332 3892 oppetiit.
2382 3827 2486 3888 Qui
2525 3826 2785 3892 Gregorio
2822 3826 3090 3874 successit

591 3912 937 3964 Innocentius
975 3913 1067 3962 IX.
1120 3928 1292 3979 aeque
1341 3913 1409 3962 ad
1446 3912 1606 3962 finem
1641 3913 1954 3964 Decembris
2007 3913 2155 3976 obiit,
2206 3928 2370 3979 quare
2420 3913 2552 3963 nihil
2601 3914 2746 3962 circa
2793 3911 3090 3962 editionem

590 4001 689 4049 sub
726 3999 818 4049 illo
859 4005 1038 4049 actum
1076 4004 1171 4050 est.

801 4087 837 4152 ¹)
878 4085 1000 4136 Aldi
1037 4087 1305 4152 abnepoti.
1380 4084 1419 4152 ²)
1457 4086 1639 4136 Editio
1679 4087 1849 4151 prima
1885 4087 2059 4137 fronte
2099 4086 2232 4136 Sixti
2265 4087 2329 4136 V.
2369 4086 2583 4136 nomine
2619 4085 2884 4152 insignita,
2923 4101 3087 4152 prae-

589 4173 860 4238 missaque
896 4172 1057 4222 Bulla
1094 4175 1207 4223 eius
1244 4175 1479 4224 munitur
1516 4173 1910 4224 Constitutione
1951 4173 2239 4224 Clementis
2269 4174 2412 4222 VIII.
2455 4173 2621 4234 „Cum
2662 4174 2714 4224 S.
2752 4172 3084 4224 Bibliorum“

593 4259 719 4309 data
756 4260 959 4309 Romae
999 4259 1143 4325 apud
1179 4276 1220 4311 s.
1246 4259 1461 4310 Petrum
1502 4259 1600 4310 sub
1637 4260 1836 4310 annulo
1863 4260 2141 4325 piscatoris
2180 4260 2266 4309 die
2291 4257 2385 4309 IX.
2411 4260 2728 4310 Novembris
2769 4262 2934 4310 1592:
2975 4275 3090 4326 qua

590 4345 981 4396 Constitutione
1021 4361 1203 4396 omnes
1242 4346 1379 4396 aliae
1416 4347 1640 4397 iteratae
1679 4347 1940 4396 editiones
1981 4363 2078 4412 per
2122 4347 2438 4396 decennium
2474 4345 2848 4412 prohibentur3
2891 4347 3086 4412 elapso

590 4438 767 4483 autem
806 4431 1091 4496 decennio,
1150 4434 1285 4495 „nisi
1321 4432 1503 4484 habito
1542 4435 1687 4499 prius
1725 4433 2016 4498 exemplari
2052 4433 2108 4482 in
2145 4433 2530 4498 Typographia'
2560 4434 2828 4484 Vaticana
2861 4449 3084 4496 excuso,

590 4521 741 4570 cuius
770 4519 1089 4586 exemplaris
1121 4521 1309 4582 forma,
1352 4536 1459 4584 „ne
1494 4521 1761 4570 minima
1798 4520 2058 4586 quidem
2093 4520 2432 4586 particula
2469 4519 2546 4569 de
2579 4525 2773 4570 textu
2807 4525 3084 4583 mutata,

589 4605 773 4655 addita
808 4605 895 4655 vel
933 4605 1001 4655 ab
1041 4623 1103 4657 eo
1143 4607 1408 4670 detracta,
1458 4608 1594 4658 nisi
1632 4607 1905 4673 aliquod
1943 4614 2276 4673 occurrat,
2331 4607 2508 4674 quod
2553 4607 3084 4675 typographicae
