<?xml version="1.0" encoding="UTF-8"?>
<!DOCTYPE html PUBLIC "-//W3C//DTD XHTML 1.0 Transitional//EN"
    "http://www.w3.org/TR/xhtml1/DTD/xhtml1-transitional.dtd">
<html xmlns="http://www.w3.org/1999/xhtml" xml:lang="en" lang="en">
 <head>
  <title>
</title>
<meta http-equiv="Content-Type" content="text/html;charset=utf-8" />
  <meta name='ocr-system' content='tesseract 3.04.00' />
  <meta name='ocr-capabilities' content='ocr_page ocr_carea ocr_par ocr_line ocrx_word'/>
</head>
<body>
  <div class='ocr_page' id='page_1' title='image "./historiarevelat02dankgoog_0020.png"; bbox 0 0 3309 5300; ppageno 0'>
   <div class='ocr_carea' id='block_1_1' title="bbox 502 404 630 457">
    <p class='ocr_par' dir='ltr' id='par_1_1' title="bbox 502 404 630 457">
     <span class='ocr_line' id='line_1_1' title="bbox 502 404 630 457; baseline -0.016 0"><span class='ocrx_word' id='word_1_1' title='bbox 502 404 630 457; x_wconf 90' lang='lat' dir='ltr'>XIV</span> 
     </span>
    </p>
   </div>
   <div class='ocr_carea' id='block_1_2' title="bbox 441 601 2990 2453">
    <p class='ocr_par' dir='ltr' id='par_1_2' title="bbox 441 601 2990 2453">
     <span class='ocr_line' id='line_1_2' title="bbox 507 601 2985 678; baseline 0.001 -19"><span class='ocrx_word' id='word_1_2' title='bbox 507 601 556 678; x_wconf 90' lang='lat'>5.</span> <span class='ocrx_word' id='word_1_3' title='bbox 624 606 764 660; x_wconf 99' lang='lat'>120.</span> <span class='ocrx_word' id='word_1_4' title='bbox 845 603 1170 677; x_wconf 78' lang='lat' dir='ltr'>Praecipua</span> <span class='ocrx_word' id='word_1_5' title='bbox 1234 601 1435 658; x_wconf 77' lang='lat' dir='ltr'>literas</span> <span class='ocrx_word' id='word_1_6' title='bbox 1501 602 1801 661; x_wconf 86' lang='lat' dir='ltr'>Hebraeas</span> <span class='ocrx_word' id='word_1_7' title='bbox 1868 604 2245 677; x_wconf 86' lang='lat' dir='ltr'>cognoscendi</span> <span class='ocrx_word' id='word_1_8' title='bbox 2312 604 2573 662; x_wconf 87' lang='lat' dir='ltr'>subsidia</span> <span class='ocrx_word' id='word_1_9' title='bbox 2638 622 2985 663; x_wconf 86' lang='lat' dir='ltr'>enumeran-</span> 
     </span>
     <span class='ocr_line' id='line_1_3' title="bbox 504 704 2986 782; baseline 0.002 -19"><span class='ocrx_word' id='word_1_10' title='bbox 504 712 618 764; x_wconf 85' lang='lat' dir='ltr'>tur.</span> <span class='ocrx_word' id='word_1_11' title='bbox 673 710 815 765; x_wconf 90' lang='grc'><strong>277.</strong></span> <span class='ocrx_word' id='word_1_12' title='bbox 867 739 944 747; x_wconf 94' lang='grc'>-</span> <span class='ocrx_word' id='word_1_13' title='bbox 991 704 1231 781; x_wconf 77' lang='lat'>5121.</span> <span class='ocrx_word' id='word_1_14' title='bbox 1292 706 1526 764; x_wconf 89' lang='lat' dir='ltr'>Indoles</span> <span class='ocrx_word' id='word_1_15' title='bbox 1573 706 1809 782; x_wconf 84' lang='lat' dir='ltr'>linguae</span> <span class='ocrx_word' id='word_1_16' title='bbox 1854 706 2111 765; x_wconf 80' lang='lat' dir='ltr'>Graecae</span> <span class='ocrx_word' id='word_1_17' title='bbox 2157 707 2311 765; x_wconf 86' lang='lat' dir='ltr'>Novi</span> <span class='ocrx_word' id='word_1_18' title='bbox 2373 709 2663 769; x_wconf 86' lang='lat' dir='ltr'>Foederis.</span> <span class='ocrx_word' id='word_1_19' title='bbox 2714 714 2855 767; x_wconf 88' lang='grc'><strong>279.</strong></span> <span class='ocrx_word' id='word_1_20' title='bbox 2901 741 2986 751; x_wconf 91' lang='lat'>——-</span> 
     </span>
     <span class='ocr_line' id='line_1_4' title="bbox 505 809 2984 889; baseline 0.001 -22"><span class='ocrx_word' id='word_1_21' title='bbox 505 809 553 887; x_wconf 75' lang='lat'>5.</span> <span class='ocrx_word' id='word_1_22' title='bbox 603 815 741 869; x_wconf 90' lang='lat'>122.</span> <span class='ocrx_word' id='word_1_23' title='bbox 801 810 890 868; x_wconf 92' lang='lat' dir='ltr'>De</span> <span class='ocrx_word' id='word_1_24' title='bbox 935 809 1143 883; x_wconf 87' lang='lat' dir='ltr'>lingua</span> <span class='ocrx_word' id='word_1_25' title='bbox 1185 812 1257 867; x_wconf 88' lang='lat' dir='ltr'>N.</span> <span class='ocrx_word' id='word_1_26' title='bbox 1299 812 1364 869; x_wconf 90' lang='lat' dir='ltr'>F.</span> <span class='ocrx_word' id='word_1_27' title='bbox 1409 811 1632 870; x_wconf 83' lang='lat' dir='ltr'>Graeca</span> <span class='ocrx_word' id='word_1_28' title='bbox 1678 812 2093 885; x_wconf 86' lang='lat' dir='ltr'>cognoscenda.</span> <span class='ocrx_word' id='word_1_29' title='bbox 2144 816 2288 871; x_wconf 91' lang='lat'>281.</span> <span class='ocrx_word' id='word_1_30' title='bbox 2335 845 2419 853; x_wconf 89' lang='lat'><strong>—</strong></span> <span class='ocrx_word' id='word_1_31' title='bbox 2466 811 2698 889; x_wconf 75' lang='lat'>§.123.</span> <span class='ocrx_word' id='word_1_32' title='bbox 2748 814 2803 871; x_wconf 91' lang='lat' dir='ltr'>S.</span> <span class='ocrx_word' id='word_1_33' title='bbox 2835 813 2984 871; x_wconf 90' lang='lat' dir='ltr'>Scri-</span> 
     </span>
     <span class='ocr_line' id='line_1_5' title="bbox 502 912 2985 991; baseline 0.001 -20"><span class='ocrx_word' id='word_1_34' title='bbox 502 918 714 989; x_wconf 85' lang='lat' dir='ltr'>pturae</span> <span class='ocrx_word' id='word_1_35' title='bbox 757 933 960 971; x_wconf 86' lang='lat' dir='ltr'>sensus</span> <span class='ocrx_word' id='word_1_36' title='bbox 1004 914 1067 971; x_wconf 87' lang='lat' dir='ltr'>in</span> <span class='ocrx_word' id='word_1_37' title='bbox 1114 934 1380 972; x_wconf 85' lang='lat' dir='ltr'>sermone</span> <span class='ocrx_word' id='word_1_38' title='bbox 1425 916 1664 990; x_wconf 79' lang='lat' dir='ltr'>tropico,</span> <span class='ocrx_word' id='word_1_39' title='bbox 1718 920 1861 973; x_wconf 87' lang='lat'>282.</span> <span class='ocrx_word' id='word_1_40' title='bbox 1896 948 1970 957; x_wconf 89' lang='lat'><strong>—</strong></span> <span class='ocrx_word' id='word_1_41' title='bbox 2008 912 2239 991; x_wconf 68' lang='lat'>5124.</span> <span class='ocrx_word' id='word_1_42' title='bbox 2284 915 2480 973; x_wconf 84' lang='lat' dir='ltr'>Genus</span> <span class='ocrx_word' id='word_1_43' title='bbox 2518 918 2721 976; x_wconf 87' lang='lat' dir='ltr'>Divini</span> <span class='ocrx_word' id='word_1_44' title='bbox 2762 916 2985 975; x_wconf 90' lang='lat' dir='ltr'>Codicis</span> 
     </span>
     <span class='ocr_line' id='line_1_6' title="bbox 505 1017 2984 1095; baseline 0.001 -19"><span class='ocrx_word' id='word_1_45' title='bbox 505 1020 731 1076; x_wconf 88' lang='lat' dir='ltr'>dicendi</span> <span class='ocrx_word' id='word_1_46' title='bbox 762 1019 1138 1093; x_wconf 88' lang='lat' dir='ltr'>poeticum.</span> <span class='ocrx_word' id='word_1_47' title='bbox 1178 1024 1320 1078; x_wconf 90' lang='lat'>284.</span> <span class='ocrx_word' id='word_1_48' title='bbox 1341 1017 1496 1095; x_wconf 88' lang='lat'>——5.</span> <span class='ocrx_word' id='word_1_49' title='bbox 1528 1024 1668 1077; x_wconf 89' lang='lat'>125.</span> <span class='ocrx_word' id='word_1_50' title='bbox 1703 1021 1794 1078; x_wconf 89' lang='lat' dir='ltr'>De</span> <span class='ocrx_word' id='word_1_51' title='bbox 1816 1020 2043 1077; x_wconf 84' lang='lat' dir='ltr'>ratione</span> <span class='ocrx_word' id='word_1_52' title='bbox 2067 1020 2123 1077; x_wconf 97' lang='lat' dir='ltr'>S.</span> <span class='ocrx_word' id='word_1_53' title='bbox 2150 1019 2461 1078; x_wconf 87' lang='lat' dir='ltr'>Librorum</span> <span class='ocrx_word' id='word_1_54' title='bbox 2493 1022 2806 1079; x_wconf 87' lang='lat' dir='ltr'>metrica.</span> <span class='ocrx_word' id='word_1_55' title='bbox 2844 1025 2984 1079; x_wconf 88' lang='lat'>285.</span> 
     </span>
     <span class='ocr_line' id='line_1_7' title="bbox 502 1120 2984 1199; baseline 0 -18"><span class='ocrx_word' id='word_1_56' title='bbox 502 1154 589 1165; x_wconf 89' lang='lat'>--</span> <span class='ocrx_word' id='word_1_57' title='bbox 633 1120 872 1198; x_wconf 69' lang='lat'>5126.</span> <span class='ocrx_word' id='word_1_58' title='bbox 943 1123 1334 1182; x_wconf 86' lang='lat' dir='ltr'>Parallelismi</span> <span class='ocrx_word' id='word_1_59' title='bbox 1393 1123 1603 1198; x_wconf 88' lang='lat' dir='ltr'>poetici</span> <span class='ocrx_word' id='word_1_60' title='bbox 1654 1124 1711 1180; x_wconf 88' lang='lat' dir='ltr'>S.</span> <span class='ocrx_word' id='word_1_61' title='bbox 1760 1125 2103 1182; x_wconf 87' lang='lat' dir='ltr'>Literarum.</span> <span class='ocrx_word' id='word_1_62' title='bbox 2155 1125 2355 1183; x_wconf 84' lang='lat' dir='ltr'>variae</span> <span class='ocrx_word' id='word_1_63' title='bbox 2414 1125 2635 1199; x_wconf 87' lang='lat' dir='ltr'>species</span> <span class='ocrx_word' id='word_1_64' title='bbox 2681 1144 2984 1182; x_wconf 88' lang='lat' dir='ltr'>recensen-</span> 
     </span>
     <span class='ocr_line' id='line_1_8' title="bbox 504 1224 2986 1305; baseline 0 -21"><span class='ocrx_word' id='word_1_65' title='bbox 504 1234 618 1284; x_wconf 90' lang='lat' dir='ltr'>tur.</span> <span class='ocrx_word' id='word_1_66' title='bbox 671 1232 810 1285; x_wconf 87' lang='grc'><strong>286.</strong></span> <span class='ocrx_word' id='word_1_67' title='bbox 841 1226 1191 1305; x_wconf 83' lang='lat'>—5.127.</span> <span class='ocrx_word' id='word_1_68' title='bbox 1245 1224 1600 1304; x_wconf 79' lang='grc' dir='ltr'>Παραλλαγὴ</span> <span class='ocrx_word' id='word_1_69' title='bbox 1647 1233 1707 1285; x_wconf 92' lang='lat' dir='ltr'>et</span> <span class='ocrx_word' id='word_1_70' title='bbox 1750 1226 2143 1305; x_wconf 79' lang='grc' dir='ltr'><strong>παρονομασία.</strong></span> <span class='ocrx_word' id='word_1_71' title='bbox 2193 1234 2333 1288; x_wconf 90' lang='grc'><strong>287.</strong></span> <span class='ocrx_word' id='word_1_72' title='bbox 2399 1226 2687 1305; x_wconf 69' lang='grc' dir='ltr'>Παρεργὸν</span> <span class='ocrx_word' id='word_1_73' title='bbox 2732 1230 2804 1285; x_wconf 92' lang='lat' dir='ltr'>de</span> <span class='ocrx_word' id='word_1_74' title='bbox 2850 1229 2986 1286; x_wconf 88' lang='lat' dir='ltr'>Car-</span> 
     </span>
     <span class='ocr_line' id='line_1_9' title="bbox 504 1330 2988 1409; baseline -0 -19"><span class='ocrx_word' id='word_1_75' title='bbox 504 1332 758 1390; x_wconf 80' lang='lat' dir='ltr'>minibus</span> <span class='ocrx_word' id='word_1_76' title='bbox 787 1333 856 1390; x_wconf 89' lang='lat' dir='ltr'>V.</span> <span class='ocrx_word' id='word_1_77' title='bbox 891 1334 955 1389; x_wconf 87' lang='lat' dir='ltr'>F.</span> <span class='ocrx_word' id='word_1_78' title='bbox 989 1332 1389 1409; x_wconf 77' lang='lat' dir='ltr'>alphabetiois.</span> <span class='ocrx_word' id='word_1_79' title='bbox 1425 1338 1565 1390; x_wconf 87' lang='grc'>287.</span> <span class='ocrx_word' id='word_1_80' title='bbox 1589 1365 1678 1375; x_wconf 93' lang='grc'>--</span> <span class='ocrx_word' id='word_1_81' title='bbox 1707 1331 1939 1408; x_wconf 77' lang='lat'>§.128.</span> <span class='ocrx_word' id='word_1_82' title='bbox 1971 1332 2309 1390; x_wconf 89' lang='lat' dir='ltr'>Parabolae.</span> <span class='ocrx_word' id='word_1_83' title='bbox 2347 1336 2489 1390; x_wconf 94' lang='lat'>288.</span> <span class='ocrx_word' id='word_1_84' title='bbox 2523 1365 2607 1373; x_wconf 89' lang='lat'><em>-</em></span> <span class='ocrx_word' id='word_1_85' title='bbox 2638 1330 2863 1408; x_wconf 85' lang='lat'>5129.</span> <span class='ocrx_word' id='word_1_86' title='bbox 2896 1332 2988 1390; x_wconf 91' lang='lat' dir='ltr'>De</span> 
     </span>
     <span class='ocr_line' id='line_1_10' title="bbox 505 1434 2987 1513; baseline 0 -20"><span class='ocrx_word' id='word_1_87' title='bbox 505 1437 836 1511; x_wconf 86' lang='lat' dir='ltr'>Prophetiis</span> <span class='ocrx_word' id='word_1_88' title='bbox 868 1438 934 1495; x_wconf 89' lang='lat' dir='ltr'>V.</span> <span class='ocrx_word' id='word_1_89' title='bbox 962 1438 1026 1494; x_wconf 90' lang='lat' dir='ltr'>F.</span> <span class='ocrx_word' id='word_1_90' title='bbox 1061 1456 1381 1513; x_wconf 86' lang='lat' dir='ltr'>earumque</span> <span class='ocrx_word' id='word_1_91' title='bbox 1426 1436 1839 1511; x_wconf 74' lang='lat' dir='ltr'>explicatione.</span> <span class='ocrx_word' id='word_1_92' title='bbox 1894 1442 2035 1494; x_wconf 83' lang='lat'>290.</span> <span class='ocrx_word' id='word_1_93' title='bbox 2072 1470 2152 1477; x_wconf 90' lang='lat'>——</span> <span class='ocrx_word' id='word_1_94' title='bbox 2186 1434 2431 1512; x_wconf 72' lang='lat'>5130.</span> <span class='ocrx_word' id='word_1_95' title='bbox 2481 1436 2680 1494; x_wconf 89' lang='lat' dir='ltr'>Sermo</span> <span class='ocrx_word' id='word_1_96' title='bbox 2726 1438 2987 1511; x_wconf 86' lang='lat' dir='ltr'>Prophe·</span> 
     </span>
     <span class='ocr_line' id='line_1_11' title="bbox 505 1538 2987 1617; baseline 0 -21"><span class='ocrx_word' id='word_1_97' title='bbox 505 1545 698 1597; x_wconf 83' lang='lat' dir='ltr'>tarum</span> <span class='ocrx_word' id='word_1_98' title='bbox 732 1540 983 1615; x_wconf 88' lang='lat' dir='ltr'>amplius</span> <span class='ocrx_word' id='word_1_99' title='bbox 1015 1538 1361 1597; x_wconf 83' lang='lat' dir='ltr'>illustratur.</span> <span class='ocrx_word' id='word_1_100' title='bbox 1402 1546 1542 1599; x_wconf 89' lang='lat'>292.</span> <span class='ocrx_word' id='word_1_101' title='bbox 1577 1574 1661 1582; x_wconf 89' lang='lat'>—</span> <span class='ocrx_word' id='word_1_102' title='bbox 1693 1538 1743 1617; x_wconf 84' lang='lat'>5.</span> <span class='ocrx_word' id='word_1_103' title='bbox 1785 1545 1924 1598; x_wconf 89' lang='lat'>131.</span> <span class='ocrx_word' id='word_1_104' title='bbox 1968 1541 2085 1597; x_wconf 88' lang='lat' dir='ltr'>Res</span> <span class='ocrx_word' id='word_1_105' title='bbox 2118 1540 2528 1599; x_wconf 87' lang='lat' dir='ltr'>circumiectae</span> <span class='ocrx_word' id='word_1_106' title='bbox 2573 1541 2697 1599; x_wconf 86' lang='lat' dir='ltr'>sive</span> <span class='ocrx_word' id='word_1_107' title='bbox 2743 1541 2987 1597; x_wconf 88' lang='lat' dir='ltr'>circum-</span> 
     </span>
     <span class='ocr_line' id='line_1_12' title="bbox 505 1642 2986 1719; baseline 0.001 -19"><span class='ocrx_word' id='word_1_108' title='bbox 505 1644 759 1701; x_wconf 77' lang='lat' dir='ltr'>stantiae</span> <span class='ocrx_word' id='word_1_109' title='bbox 824 1648 966 1703; x_wconf 81' lang='lat'>295.</span> <span class='ocrx_word' id='word_1_110' title='bbox 1024 1676 1102 1685; x_wconf 89' lang='lat'>—</span> <span class='ocrx_word' id='word_1_111' title='bbox 1161 1642 1414 1718; x_wconf 77' lang='lat'>5132.</span> <span class='ocrx_word' id='word_1_112' title='bbox 1489 1644 1624 1702; x_wconf 89' lang='lat' dir='ltr'>Loci</span> <span class='ocrx_word' id='word_1_113' title='bbox 1692 1644 1747 1702; x_wconf 90' lang='lat' dir='ltr'>S.</span> <span class='ocrx_word' id='word_1_114' title='bbox 1798 1645 1854 1702; x_wconf 92' lang='lat' dir='ltr'>S.</span> <span class='ocrx_word' id='word_1_115' title='bbox 1920 1644 2199 1702; x_wconf 88' lang='lat' dir='ltr'>Paralleli</span> <span class='ocrx_word' id='word_1_116' title='bbox 2259 1649 2321 1701; x_wconf 87' lang='lat' dir='ltr'>et</span> <span class='ocrx_word' id='word_1_117' title='bbox 2376 1644 2646 1719; x_wconf 85' lang='lat' dir='ltr'>Analogi.</span> <span class='ocrx_word' id='word_1_118' title='bbox 2713 1650 2854 1703; x_wconf 88' lang='grc'><strong>296.</strong></span> <span class='ocrx_word' id='word_1_119' title='bbox 2904 1676 2986 1685; x_wconf 89' lang='grc'>-</span> 
     </span>
     <span class='ocr_line' id='line_1_13' title="bbox 441 1724 2989 1823; baseline 0.002 -20"><span class='ocrx_word' id='word_1_120' title='bbox 441 1724 456 1771; x_wconf 49' lang='lat'>⁰·</span> <span class='ocrx_word' id='word_1_121' title='bbox 506 1746 749 1823; x_wconf 73' lang='lat'>5133.</span> <span class='ocrx_word' id='word_1_122' title='bbox 813 1748 1114 1822; x_wconf 79' lang='lat' dir='ltr'>Allegata,</span> <span class='ocrx_word' id='word_1_123' title='bbox 1178 1748 1302 1806; x_wconf 85' lang='lat' dir='ltr'>sive</span> <span class='ocrx_word' id='word_1_124' title='bbox 1365 1749 1725 1807; x_wconf 84' lang='lat' dir='ltr'>Testimonia</span> <span class='ocrx_word' id='word_1_125' title='bbox 1784 1750 1855 1806; x_wconf 88' lang='lat' dir='ltr'>N.</span> <span class='ocrx_word' id='word_1_126' title='bbox 1906 1749 1970 1807; x_wconf 91' lang='lat' dir='ltr'>T.</span> <span class='ocrx_word' id='word_1_127' title='bbox 2024 1768 2099 1807; x_wconf 85' lang='lat' dir='ltr'>ex</span> <span class='ocrx_word' id='word_1_128' title='bbox 2147 1750 2218 1805; x_wconf 89' lang='lat' dir='ltr'>A.</span> <span class='ocrx_word' id='word_1_129' title='bbox 2268 1750 2333 1805; x_wconf 86' lang='grc' dir='ltr'>Τ.</span> <span class='ocrx_word' id='word_1_130' title='bbox 2383 1750 2663 1807; x_wconf 85' lang='lat' dir='ltr'>desumta.</span> <span class='ocrx_word' id='word_1_131' title='bbox 2717 1754 2857 1807; x_wconf 91' lang='grc'><strong>298.</strong></span> <span class='ocrx_word' id='word_1_132' title='bbox 2905 1782 2989 1791; x_wconf 87' lang='lat'>--</span> 
     </span>
     <span class='ocr_line' id='line_1_14' title="bbox 505 1849 2979 1927; baseline 0.002 -20"><span class='ocrx_word' id='word_1_133' title='bbox 505 1849 553 1927; x_wconf 88' lang='lat'>5.</span> <span class='ocrx_word' id='word_1_134' title='bbox 608 1856 743 1908; x_wconf 88' lang='lat'>134.</span> <span class='ocrx_word' id='word_1_135' title='bbox 803 1850 1254 1909; x_wconf 89' lang='lat' dir='ltr'>Conclusionum</span> <span class='ocrx_word' id='word_1_136' title='bbox 1317 1854 1388 1910; x_wconf 89' lang='lat' dir='ltr'>N.</span> <span class='ocrx_word' id='word_1_137' title='bbox 1434 1854 1498 1910; x_wconf 88' lang='lat' dir='ltr'>F.</span> <span class='ocrx_word' id='word_1_138' title='bbox 1561 1874 1634 1911; x_wconf 89' lang='lat' dir='ltr'>ex</span> <span class='ocrx_word' id='word_1_139' title='bbox 1689 1853 1981 1927; x_wconf 83' lang='lat' dir='ltr'>Allegatis</span> <span class='ocrx_word' id='word_1_140' title='bbox 2029 1853 2097 1911; x_wconf 89' lang='lat' dir='ltr'>V.</span> <span class='ocrx_word' id='word_1_141' title='bbox 2144 1854 2206 1910; x_wconf 88' lang='lat' dir='ltr'>F.</span> <span class='ocrx_word' id='word_1_142' title='bbox 2255 1853 2345 1912; x_wconf 81' lang='lat' dir='ltr'>vis</span> <span class='ocrx_word' id='word_1_143' title='bbox 2391 1858 2452 1912; x_wconf 81' lang='lat' dir='ltr'>et</span> <span class='ocrx_word' id='word_1_144' title='bbox 2495 1854 2663 1913; x_wconf 86' lang='lat' dir='ltr'>ratio.</span> <span class='ocrx_word' id='word_1_145' title='bbox 2714 1859 2856 1912; x_wconf 88' lang='grc'><strong>299.</strong></span> <span class='ocrx_word' id='word_1_146' title='bbox 2914 1887 2979 1897; x_wconf 89' lang='lat'>—-</span> 
     </span>
     <span class='ocr_line' id='line_1_15' title="bbox 505 1951 2989 2035; baseline 0.002 -23"><span class='ocrx_word' id='word_1_147' title='bbox 505 1954 554 2031; x_wconf 90' lang='lat'>5.</span> <span class='ocrx_word' id='word_1_148' title='bbox 597 1960 736 2014; x_wconf 88' lang='grc'><strong>135.</strong></span> <span class='ocrx_word' id='word_1_149' title='bbox 786 1957 1230 2014; x_wconf 77' lang='lat' dir='ltr'>Observationes</span> <span class='ocrx_word' id='word_1_150' title='bbox 1276 1951 1399 2032; x_wconf 83' lang='grc' dir='ltr'>περὶ</span> <span class='ocrx_word' id='word_1_151' title='bbox 1447 1952 1853 2035; x_wconf 69' lang='grc' dir='ltr'><strong>ἐναντιφφανῶν.</strong></span> <span class='ocrx_word' id='word_1_152' title='bbox 1906 1962 2047 2015; x_wconf 88' lang='grc'><strong>300.</strong></span> <span class='ocrx_word' id='word_1_153' title='bbox 2082 1990 2159 1999; x_wconf 84' lang='grc'><strong>-</strong></span> <span class='ocrx_word' id='word_1_154' title='bbox 2200 1956 2439 2033; x_wconf 72' lang='lat'>5136.</span> <span class='ocrx_word' id='word_1_155' title='bbox 2483 1958 2821 2030; x_wconf 83' lang='lat' dir='ltr'>Consilium,</span> <span class='ocrx_word' id='word_1_156' title='bbox 2871 1978 2989 2035; x_wconf 88' lang='lat' dir='ltr'>quo</span> 
     </span>
     <span class='ocr_line' id='line_1_16' title="bbox 505 2058 2989 2138; baseline 0.002 -23"><span class='ocrx_word' id='word_1_157' title='bbox 505 2059 562 2116; x_wconf 91' lang='lat' dir='ltr'>S.</span> <span class='ocrx_word' id='word_1_158' title='bbox 610 2060 914 2134; x_wconf 79' lang='lat' dir='ltr'>Scriptura</span> <span class='ocrx_word' id='word_1_159' title='bbox 956 2065 1196 2117; x_wconf 84' lang='lat' dir='ltr'>exarata</span> <span class='ocrx_word' id='word_1_160' title='bbox 1239 2065 1343 2118; x_wconf 89' lang='lat' dir='ltr'>est.</span> <span class='ocrx_word' id='word_1_161' title='bbox 1397 2066 1540 2118; x_wconf 89' lang='lat'>302.</span> <span class='ocrx_word' id='word_1_162' title='bbox 1599 2094 1671 2102; x_wconf 96' lang='lat'><strong>—</strong></span> <span class='ocrx_word' id='word_1_163' title='bbox 1719 2058 1769 2137; x_wconf 87' lang='lat'>5.</span> <span class='ocrx_word' id='word_1_164' title='bbox 1825 2066 1965 2119; x_wconf 89' lang='grc'><strong>137.</strong></span> <span class='ocrx_word' id='word_1_165' title='bbox 2034 2062 2123 2119; x_wconf 91' lang='lat' dir='ltr'>De</span> <span class='ocrx_word' id='word_1_166' title='bbox 2169 2060 2376 2119; x_wconf 86' lang='lat' dir='ltr'>Codice</span> <span class='ocrx_word' id='word_1_167' title='bbox 2422 2064 2595 2121; x_wconf 91' lang='lat' dir='ltr'>Sacro</span> <span class='ocrx_word' id='word_1_168' title='bbox 2641 2062 2989 2138; x_wconf 86' lang='lat' dir='ltr'>explicando</span> 
     </span>
     <span class='ocr_line' id='line_1_17' title="bbox 506 2163 2990 2249; baseline 0.001 -28"><span class='ocrx_word' id='word_1_169' title='bbox 506 2166 670 2221; x_wconf 87' lang='lat' dir='ltr'>iuxta</span> <span class='ocrx_word' id='word_1_170' title='bbox 716 2163 1158 2249; x_wconf 57' lang='lat' dir='ltr'>3Analogiam</span> <span class='ocrx_word' id='word_1_171' title='bbox 1203 2164 1441 2223; x_wconf 87' lang='lat' dir='ltr'>Fidei‘.</span> <span class='ocrx_word' id='word_1_172' title='bbox 1495 2170 1636 2224; x_wconf 88' lang='lat'>303.</span> <span class='ocrx_word' id='word_1_173' title='bbox 1692 2199 1764 2206; x_wconf 93' lang='lat'>—</span> <span class='ocrx_word' id='word_1_174' title='bbox 1818 2164 2061 2239; x_wconf 72' lang='lat'>5138.</span> <span class='ocrx_word' id='word_1_175' title='bbox 2126 2168 2216 2225; x_wconf 92' lang='lat' dir='ltr'>De</span> <span class='ocrx_word' id='word_1_176' title='bbox 2275 2165 2543 2241; x_wconf 78' lang='lat' dir='ltr'>allegatis</span> <span class='ocrx_word' id='word_1_177' title='bbox 2598 2167 2655 2224; x_wconf 90' lang='lat' dir='ltr'>S.</span> <span class='ocrx_word' id='word_1_178' title='bbox 2705 2166 2761 2223; x_wconf 88' lang='lat' dir='ltr'>S.</span> <span class='ocrx_word' id='word_1_179' title='bbox 2809 2187 2990 2242; x_wconf 86' lang='lat' dir='ltr'>penes</span> 
     </span>
     <span class='ocr_line' id='line_1_18' title="bbox 507 2267 2990 2346; baseline 0.001 -21"><span class='ocrx_word' id='word_1_180' title='bbox 507 2290 549 2325; x_wconf 84' lang='lat' dir='ltr'>S.</span> <span class='ocrx_word' id='word_1_181' title='bbox 593 2270 795 2326; x_wconf 81' lang='lat' dir='ltr'>Patres</span> <span class='ocrx_word' id='word_1_182' title='bbox 840 2273 900 2325; x_wconf 92' lang='lat' dir='ltr'>et</span> <span class='ocrx_word' id='word_1_183' title='bbox 945 2267 1267 2343; x_wconf 73' lang='lat' dir='ltr'>Scriptores</span> <span class='ocrx_word' id='word_1_184' title='bbox 1300 2269 1365 2325; x_wconf 91' lang='lat' dir='ltr'>E.</span> <span class='ocrx_word' id='word_1_185' title='bbox 1413 2270 1758 2346; x_wconf 73' lang='lat' dir='ltr'>disquisitio.</span> <span class='ocrx_word' id='word_1_186' title='bbox 1793 2274 1937 2328; x_wconf 90' lang='grc'><strong>307.</strong></span> <span class='ocrx_word' id='word_1_187' title='bbox 1970 2303 2054 2311; x_wconf 93' lang='grc'>-</span> <span class='ocrx_word' id='word_1_188' title='bbox 2086 2268 2317 2346; x_wconf 58' lang='lat'>5139.</span> <span class='ocrx_word' id='word_1_189' title='bbox 2367 2272 2457 2328; x_wconf 90' lang='lat' dir='ltr'>De</span> <span class='ocrx_word' id='word_1_190' title='bbox 2488 2269 2723 2328; x_wconf 85' lang='lat' dir='ltr'>Catenis</span> <span class='ocrx_word' id='word_1_191' title='bbox 2754 2271 2990 2328; x_wconf 86' lang='lat' dir='ltr'>Graecis</span> 
     </span>
     <span class='ocr_line' id='line_1_19' title="bbox 459 2372 2053 2453; baseline 0.001 -22"><span class='ocrx_word' id='word_1_192' title='bbox 459 2448 464 2453; x_wconf 22' lang='lat'>⁸</span> <span class='ocrx_word' id='word_1_193' title='bbox 508 2377 566 2431; x_wconf 84' lang='lat' dir='ltr'>et</span> <span class='ocrx_word' id='word_1_194' title='bbox 615 2373 837 2430; x_wconf 87' lang='lat' dir='ltr'>Latinis</span> <span class='ocrx_word' id='word_1_195' title='bbox 883 2373 937 2430; x_wconf 93' lang='lat' dir='ltr'>S.</span> <span class='ocrx_word' id='word_1_196' title='bbox 985 2372 1224 2429; x_wconf 87' lang='lat' dir='ltr'>Patrum</span> <span class='ocrx_word' id='word_1_197' title='bbox 1273 2376 1333 2431; x_wconf 86' lang='lat' dir='ltr'>et</span> <span class='ocrx_word' id='word_1_198' title='bbox 1378 2374 1743 2447; x_wconf 82' lang='lat' dir='ltr'>Scriptorum</span> <span class='ocrx_word' id='word_1_199' title='bbox 1790 2373 1856 2430; x_wconf 91' lang='lat' dir='ltr'>E.</span> <span class='ocrx_word' id='word_1_200' title='bbox 1911 2378 2053 2433; x_wconf 87' lang='lat'>309.</span> 
     </span>
    </p>
   </div>
   <div class='ocr_carea' id='block_1_3' title="bbox 1347 2688 2162 2754">
    <p class='ocr_par' dir='ltr' id='par_1_3' title="bbox 1347 2688 2162 2754">
     <span class='ocr_line' id='line_1_20' title="bbox 1347 2688 2162 2754; baseline -0.001 -1"><span class='ocrx_word' id='word_1_201' title='bbox 1347 2688 1671 2754; x_wconf 87' lang='lat' dir='ltr'>SECTIO</span> <span class='ocrx_word' id='word_1_202' title='bbox 1735 2689 2162 2754; x_wconf 84' lang='lat' dir='ltr'>SECUNDA</span> 
     </span>
    </p>
   </div>
   <div class='ocr_carea' id='block_1_4' title="bbox 508 2828 2997 2975">
    <p class='ocr_par' dir='ltr' id='par_1_4' title="bbox 508 2828 2997 2975">
     <span class='ocr_line' id='line_1_21' title="bbox 508 2828 2997 2880; baseline 0.001 -2"><span class='ocrx_word' id='word_1_203' title='bbox 508 2831 607 2879; x_wconf 88' lang='lat' dir='ltr'>DE</span> <span class='ocrx_word' id='word_1_204' title='bbox 662 2829 1347 2880; x_wconf 84' lang='lat' dir='ltr'>INTERPRETATIONE</span> <span class='ocrx_word' id='word_1_205' title='bbox 1409 2829 1685 2879; x_wconf 87' lang='lat' dir='ltr'>SACRAE</span> <span class='ocrx_word' id='word_1_206' title='bbox 1748 2829 2196 2880; x_wconf 85' lang='lat' dir='ltr'>SCRIPTURAE</span> <span class='ocrx_word' id='word_1_207' title='bbox 2259 2828 2676 2879; x_wconf 88' lang='lat' dir='ltr'>CATHOLICA</span> <span class='ocrx_word' id='word_1_208' title='bbox 2730 2829 2997 2880; x_wconf 86' lang='lat' dir='ltr'>BREVIS</span> 
     </span>
     <span class='ocr_line' id='line_1_22' title="bbox 1561 2924 1945 2975; baseline -0.003 0"><span class='ocrx_word' id='word_1_209' title='bbox 1561 2924 1945 2975; x_wconf 86' lang='lat' dir='ltr'>NARRATIO.</span> 
     </span>
    </p>
   </div>
   <div class='ocr_carea' id='block_1_5' title="bbox 511 3100 2999 3472">
    <p class='ocr_par' dir='ltr' id='par_1_5' title="bbox 511 3100 2999 3472">
     <span class='ocr_line' id='line_1_23' title="bbox 718 3100 2994 3179; baseline -0 -20"><span class='ocrx_word' id='word_1_210' title='bbox 718 3101 767 3179; x_wconf 88' lang='lat'>5.</span> <span class='ocrx_word' id='word_1_211' title='bbox 821 3107 958 3161; x_wconf 82' lang='lat'>140.</span> <span class='ocrx_word' id='word_1_212' title='bbox 1021 3103 1182 3166; x_wconf 82' lang='lat' dir='ltr'>Quae</span> <span class='ocrx_word' id='word_1_213' title='bbox 1227 3105 1304 3160; x_wconf 90' lang='lat' dir='ltr'>sit</span> <span class='ocrx_word' id='word_1_214' title='bbox 1348 3103 1589 3174; x_wconf 81' lang='lat' dir='ltr'>utilit-as,</span> <span class='ocrx_word' id='word_1_215' title='bbox 1638 3104 1768 3178; x_wconf 89' lang='lat' dir='ltr'>quis</span> <span class='ocrx_word' id='word_1_216' title='bbox 1814 3121 2021 3178; x_wconf 89' lang='lat' dir='ltr'>scopus</span> <span class='ocrx_word' id='word_1_217' title='bbox 2066 3101 2235 3158; x_wconf 83' lang='lat' dir='ltr'>istius</span> <span class='ocrx_word' id='word_1_218' title='bbox 2278 3100 2667 3159; x_wconf 79' lang='lat' dir='ltr'>NarrationiS.</span> <span class='ocrx_word' id='word_1_219' title='bbox 2720 3105 2861 3158; x_wconf 87' lang='lat'>313.</span> <span class='ocrx_word' id='word_1_220' title='bbox 2910 3134 2994 3142; x_wconf 89' lang='lat'><strong>—</strong></span> 
     </span>
     <span class='ocr_line' id='line_1_24' title="bbox 511 3202 2999 3284; baseline 0.001 -23"><span class='ocrx_word' id='word_1_221' title='bbox 511 3205 559 3283; x_wconf 89' lang='lat'>5.</span> <span class='ocrx_word' id='word_1_222' title='bbox 598 3212 735 3264; x_wconf 90' lang='lat'>141.</span> <span class='ocrx_word' id='word_1_223' title='bbox 783 3207 1002 3264; x_wconf 86' lang='lat' dir='ltr'>Eorum</span> <span class='ocrx_word' id='word_1_224' title='bbox 1048 3208 1149 3284; x_wconf 87' lang='lat' dir='ltr'>qui</span> <span class='ocrx_word' id='word_1_225' title='bbox 1195 3206 1390 3265; x_wconf 90' lang='lat' dir='ltr'>Biblia</span> <span class='ocrx_word' id='word_1_226' title='bbox 1435 3209 1614 3265; x_wconf 87' lang='lat' dir='ltr'>Sacra</span> <span class='ocrx_word' id='word_1_227' title='bbox 1658 3225 1982 3280; x_wconf 84' lang='lat' dir='ltr'>exposuere</span> <span class='ocrx_word' id='word_1_228' title='bbox 2028 3205 2252 3263; x_wconf 78' lang='lat' dir='ltr'>divisio.</span> <span class='ocrx_word' id='word_1_229' title='bbox 2306 3210 2447 3263; x_wconf 87' lang='lat'>315.</span> <span class='ocrx_word' id='word_1_230' title='bbox 2498 3237 2574 3246; x_wconf 88' lang='lat'>-—</span> <span class='ocrx_word' id='word_1_231' title='bbox 2620 3202 2853 3281; x_wconf 84' lang='lat'>5142.</span> <span class='ocrx_word' id='word_1_232' title='bbox 2902 3206 2999 3263; x_wconf 89' lang='lat' dir='ltr'>De</span> 
     </span>
     <span class='ocr_line' id='line_1_25' title="bbox 511 3309 2998 3386; baseline 0 -20"><span class='ocrx_word' id='word_1_233' title='bbox 511 3310 903 3368; x_wconf 75' lang='lat' dir='ltr'>Historiarum</span> <span class='ocrx_word' id='word_1_234' title='bbox 974 3310 1491 3386; x_wconf 83' lang='lat' dir='ltr'>Interpretationis</span> <span class='ocrx_word' id='word_1_235' title='bbox 1559 3310 1616 3368; x_wconf 90' lang='lat' dir='ltr'>S.</span> <span class='ocrx_word' id='word_1_236' title='bbox 1681 3310 1737 3368; x_wconf 92' lang='lat' dir='ltr'>S.</span> <span class='ocrx_word' id='word_1_237' title='bbox 1802 3309 2138 3367; x_wconf 84' lang='lat' dir='ltr'>Catholicae</span> <span class='ocrx_word' id='word_1_238' title='bbox 2203 3309 2468 3368; x_wconf 87' lang='lat' dir='ltr'>fontibus</span> <span class='ocrx_word' id='word_1_239' title='bbox 2536 3314 2597 3366; x_wconf 87' lang='lat' dir='ltr'>et</span> <span class='ocrx_word' id='word_1_240' title='bbox 2662 3309 2998 3384; x_wconf 84' lang='lat' dir='ltr'>praecipuis</span> 
     </span>
     <span class='ocr_line' id='line_1_26' title="bbox 511 3414 994 3472; baseline 0.004 -2"><span class='ocrx_word' id='word_1_241' title='bbox 511 3414 798 3472; x_wconf 82' lang='lat' dir='ltr'>subsidiis,</span> <span class='ocrx_word' id='word_1_242' title='bbox 852 3420 994 3472; x_wconf 81' lang='lat'>316.</span> 
     </span>
    </p>
   </div>
   <div class='ocr_carea' id='block_1_6' title="bbox 513 3702 3000 3767">
    <p class='ocr_par' dir='ltr' id='par_1_6' title="bbox 513 3702 3000 3767">
     <span class='ocr_line' id='line_1_27' title="bbox 513 3702 3000 3767; baseline 0 -15"><span class='ocrx_word' id='word_1_243' title='bbox 513 3704 822 3754; x_wconf 82' lang='lat' dir='ltr'>VETERIS</span> <span class='ocrx_word' id='word_1_244' title='bbox 860 3705 1032 3754; x_wconf 81' lang='lat' dir='ltr'>AEVI</span> <span class='ocrx_word' id='word_1_245' title='bbox 1069 3707 1130 3767; x_wconf 74' lang='lat' dir='ltr'>Q.</span> <span class='ocrx_word' id='word_1_246' title='bbox 1168 3707 1235 3756; x_wconf 92' lang='lat' dir='ltr'>D.</span> <span class='ocrx_word' id='word_1_247' title='bbox 1275 3705 1859 3756; x_wconf 83' lang='lat' dir='ltr'>PATRISTICUM</span> <span class='ocrx_word' id='word_1_248' title='bbox 1897 3704 2397 3754; x_wconf 84' lang='lat' dir='ltr'>INTERPRETES</span> <span class='ocrx_word' id='word_1_249' title='bbox 2436 3704 2488 3754; x_wconf 92' lang='lat' dir='ltr'>S.</span> <span class='ocrx_word' id='word_1_250' title='bbox 2528 3702 3000 3754; x_wconf 87' lang='lat' dir='ltr'>SCRIPTURAE.</span> 
     </span>
    </p>
   </div>
   <div class='ocr_carea' id='block_1_7' title="bbox 514 3879 3002 4272">
    <p class='ocr_par' dir='ltr' id='par_1_7' title="bbox 514 3879 3002 4272">
     <span class='ocr_line' id='line_1_28' title="bbox 720 3879 2999 3958; baseline -0.001 -19"><span class='ocrx_word' id='word_1_251' title='bbox 720 3879 769 3958; x_wconf 87' lang='lat'>5.</span> <span class='ocrx_word' id='word_1_252' title='bbox 823 3886 963 3941; x_wconf 88' lang='grc'><strong>143.</strong></span> <span class='ocrx_word' id='word_1_253' title='bbox 1040 3884 1216 3956; x_wconf 88' lang='lat' dir='ltr'>Origo</span> <span class='ocrx_word' id='word_1_254' title='bbox 1269 3883 1618 3956; x_wconf 83' lang='lat' dir='ltr'>Theologiae</span> <span class='ocrx_word' id='word_1_255' title='bbox 1672 3883 2042 3956; x_wconf 84' lang='lat' dir='ltr'>Exegeticae.</span> <span class='ocrx_word' id='word_1_256' title='bbox 2101 3886 2241 3939; x_wconf 92' lang='grc'><strong>317.</strong></span> <span class='ocrx_word' id='word_1_257' title='bbox 2293 3913 2369 3922; x_wconf 92' lang='lat'>-—</span> <span class='ocrx_word' id='word_1_258' title='bbox 2420 3879 2469 3956; x_wconf 90' lang='lat'>5.</span> <span class='ocrx_word' id='word_1_259' title='bbox 2525 3884 2664 3938; x_wconf 91' lang='grc'><strong>144.</strong></span> <span class='ocrx_word' id='word_1_260' title='bbox 2728 3879 2999 3937; x_wconf 89' lang='lat' dir='ltr'>Celeber-</span> 
     </span>
     <span class='ocr_line' id='line_1_29' title="bbox 516 3984 3002 4064; baseline -0.001 -21"><span class='ocrx_word' id='word_1_261' title='bbox 516 3987 697 4044; x_wconf 87' lang='lat' dir='ltr'>rimae</span> <span class='ocrx_word' id='word_1_262' title='bbox 727 3987 971 4045; x_wconf 86' lang='lat' dir='ltr'>Scholae</span> <span class='ocrx_word' id='word_1_263' title='bbox 1014 3987 1563 4045; x_wconf 86' lang='lat' dir='ltr'>Alexandrinae</span> <span class='ocrx_word' id='word_1_264' title='bbox 1609 3986 1976 4064; x_wconf 89' lang='lat' dir='ltr'>aliarumque</span> <span class='ocrx_word' id='word_1_265' title='bbox 2022 3985 2283 4060; x_wconf 83' lang='lat' dir='ltr'>magistri</span> <span class='ocrx_word' id='word_1_266' title='bbox 2316 3989 2378 4042; x_wconf 91' lang='lat' dir='ltr'>et</span> <span class='ocrx_word' id='word_1_267' title='bbox 2408 3984 2696 4058; x_wconf 90' lang='lat' dir='ltr'>discipuli.</span> <span class='ocrx_word' id='word_1_268' title='bbox 2736 3988 2876 4040; x_wconf 85' lang='lat'>319.</span> <span class='ocrx_word' id='word_1_269' title='bbox 2911 4015 3002 4026; x_wconf 96' lang='lat'><strong>—</strong></span> 
     </span>
     <span class='ocr_line' id='line_1_30' title="bbox 514 4087 3002 4168; baseline -0.002 -20"><span class='ocrx_word' id='word_1_270' title='bbox 514 4088 564 4166; x_wconf 87' lang='lat'>5.</span> <span class='ocrx_word' id='word_1_271' title='bbox 606 4095 743 4150; x_wconf 89' lang='lat'>145.</span> <span class='ocrx_word' id='word_1_272' title='bbox 787 4091 999 4148; x_wconf 85' lang='lat' dir='ltr'>Schola</span> <span class='ocrx_word' id='word_1_273' title='bbox 1029 4091 1501 4149; x_wconf 88' lang='lat' dir='ltr'>Antiochena.</span> <span class='ocrx_word' id='word_1_274' title='bbox 1541 4096 1682 4148; x_wconf 88' lang='lat'>322.</span> <span class='ocrx_word' id='word_1_275' title='bbox 1716 4088 1875 4168; x_wconf 91' lang='lat'>-—5.</span> <span class='ocrx_word' id='word_1_276' title='bbox 1913 4094 2051 4148; x_wconf 88' lang='lat'>146.</span> <span class='ocrx_word' id='word_1_277' title='bbox 2087 4089 2283 4147; x_wconf 84' lang='lat' dir='ltr'>Latini</span> <span class='ocrx_word' id='word_1_278' title='bbox 2316 4089 2683 4163; x_wconf 87' lang='lat' dir='ltr'>Interpretes</span> <span class='ocrx_word' id='word_1_279' title='bbox 2714 4087 2770 4144; x_wconf 95' lang='lat' dir='ltr'>S.</span> <span class='ocrx_word' id='word_1_280' title='bbox 2805 4087 2860 4144; x_wconf 90' lang='lat' dir='ltr'>S.</span> <span class='ocrx_word' id='word_1_281' title='bbox 2894 4087 3002 4163; x_wconf 89' lang='lat' dir='ltr'>qui</span> 
     </span>
     <span class='ocr_line' id='line_1_31' title="bbox 515 4194 1498 4272; baseline -0.002 -19"><span class='ocrx_word' id='word_1_282' title='bbox 515 4196 741 4253; x_wconf 85' lang='lat' dir='ltr'>fuerint</span> <span class='ocrx_word' id='word_1_283' title='bbox 785 4194 1306 4272; x_wconf 82' lang='lat' dir='ltr'>praestantissimi?</span> <span class='ocrx_word' id='word_1_284' title='bbox 1357 4199 1498 4252; x_wconf 88' lang='lat'>324.</span> 
     </span>
    </p>
   </div>
   <div class='ocr_carea' id='block_1_8' title="bbox 3292 3393 3309 4133">
    <p class='ocr_par' dir='ltr' id='par_1_8' title="bbox 3292 3393 3309 4133">
     <span class='ocr_line' id='line_1_32' title="bbox 3292 3393 3309 4133; baseline 0 0"><span class='ocrx_word' id='word_1_285' title='bbox 3292 3393 3309 4133; x_wconf 95' lang='lat' dir='ltr'> </span> 
     </span>
    </p>
   </div>
  </div>
 </body>
</html>
