3309 5300
586 374 716 439 232
1295 386 1532 427 comment.
1562 385 1617 428 ds
1644 388 1690 427 S.
1712 385 1868 437 Script.
1899 397 1993 437 cap.
2025 397 2113 427 sec.
2142 386 2271 428 tract.
2301 387 2356 427 11.

588 586 655 625 ac
683 565 949 639 singulae
979 564 1158 623 etiam
1202 585 1367 623 voces
1397 568 1542 644 quid
1572 566 1842 637 afferant,
1891 568 2046 644 quod
2089 570 2362 624 accurata
2405 566 2599 624 versio
2639 565 2976 640 exprimere
3007 566 3082 621 ad

588 670 913 743 genuinum
950 669 1156 727 saltem
1200 690 1433 728 sensum
1464 690 1582 727 non
1612 670 1812 729 valeat
1837 668 1875 728 ¹.
1933 669 2050 733 Qui
2091 672 2342 748 denique
2371 670 2431 727 S.
2463 670 2681 727 Literis
2711 669 3087 745 explicandis

588 793 823 850 operam
876 773 1168 831 eruditam
1225 795 1443 833 navare
1495 775 1770 850 cupiunt,
1835 793 1968 833 cum
2028 777 2124 833 vel
2182 776 2445 850 ipsorum
2503 774 2752 831 Latinae
2805 774 3088 831 editionis

569 878 919 935 'Bibliorum
949 879 1127 937 verba
1166 878 1575 936 conciliatione
1619 879 1917 952 indigent3
1965 880 2063 937 vel
2106 878 2450 953 linguarum
2494 877 2716 936 Textus
2754 877 3088 951 Originarii

589 982 873 1039 idiotismi
920 984 992 1039 ad
1022 984 1303 1040 maiorem
1350 983 1662 1041 conferunt
1699 982 1826 1041 sive
1871 982 2362 1057 significationem
2409 984 2534 1041 sive
2578 982 3084 1058 perspicuitatem,

592 1106 667 1143 ex
712 1086 1001 1144 Hebraeis
1047 1087 1397 1163 Graecisque
1449 1088 1884 1163 exemplaribus
1929 1107 2057 1145 eam
2113 1089 2177 1144 in
2221 1107 2347 1144 rem
2391 1106 2616 1144 summo
2661 1087 2901 1164 quidem
2945 1104 3088 1142 cum

590 1190 789 1249 fructu
818 1191 1118 1265 proferent
1147 1210 1301 1249 nova
1331 1195 1390 1249 ct
1419 1196 1639 1250 vetera.

796 1482 855 1561 ἓ.
904 1483 1007 1548 99.
1069 1479 1185 1543 De
1234 1479 1728 1553 editionibus
1777 1480 1842 1545 S.
1889 1479 2333 1545 Bibliorum
2375 1446 2873 1565 Polyglottis.

800 1670 1028 1721 Nomine
1058 1671 1651 1737 „Polyglottorum“
1683 1687 1749 1721 ea
1771 1672 1994 1722 Biblia
2019 1670 2184 1721 Sacra
2208 1672 2604 1737 intelliguntur:
2645 1687 2783 1737 quae
2809 1672 3088 1720 Textum

592 1757 1037 1822 Archetypum
1090 1758 1456 1823 Utriusque
1510 1760 1922 1809 Testamenti
1978 1774 2114 1809 cum
2169 1758 2442 1807 aliarum
2501 1758 2878 1824 linguarum
2935 1760 3088 1807 Ver-

594 1845 897 1894 sionibus
933 1844 1267 1909 Antiquis‚
1308 1847 1682 1910 cumprimis
1725 1845 2209 1907 Orientalibus,
2255 1844 2334 1893 ad
2379 1844 2553 1894 latus
2602 1844 2654 1894 S.
2694 1845 3090 1910 Scripturae

594 1930 943 1979 Hebraeae
1000 1945 1072 1979 ac
1128 1929 1422 1981 Graecae
1475 1933 1719 1997 positis
1761 1932 2103 1982 exhibent.
2179 1931 2537 1995 Reperiuntur
2589 1932 2880 1996 scriptores
2935 1946 2984 1979 e.
3039 1948 3089 1995 g.

598 2014 661 2065 G.
690 2016 755 2065 L.
783 2015 846 2066 O.
884 2017 1137 2079 Knoch,
1176 2017 1227 2067 h.
1259 2017 1340 2067 kr.
1377 2018 1443 2067 N.
1481 2035 1531 2068 V.
1572 2018 1620 2067 d.
1646 2018 1983 2069 braunschw.
2019 2018 2378 2069 Bibelsamml.
2415 2018 2685 2068 Wolfenb.
2726 2020 2879 2067 1754.
2929 2017 2986 2067 J.
3027 2016 3088 2066 G.

594 2100 846 2163 walch,
883 2102 1139 2152 Biblioth.
1178 2103 1249 2153 th.
1290 2104 1383 2153 sel.
1420 2104 1543 2155 Jen.
1586 2107 1738 2155 1765.
1776 2105 1867 2167 IV,
1908 2106 2053 2169 167.;
2104 2107 2194 2171 qui
2233 2106 2301 2155 ad
2337 2105 2750 2171 polyglottarum
2794 2104 3089 2153 editionum

597 2188 822 2239 classem
860 2204 1041 2239 omnes
1078 2191 1331 2253 referunt,
1368 2192 1424 2239 in
1452 2192 1647 2256 quibus
1674 2191 1873 2241 Textus
1912 2191 2233 2257 archetypus
2272 2208 2389 2240 cum
2429 2192 2638 2240 duabus
2665 2189 2854 2239 saltem
2888 2191 3089 2239 versio-

597 2276 755 2352 nibus
806 2278 1130 2341 exprimitur.
1206 2278 1312 2327 Sed
1360 2294 1458 2328 nos
1508 2280 1716 2328 omissis
1767 2278 2026 2328 eiusmodi
2080 2279 2374 2328 minoribus
2425 2264 2704 2343 operibus,
2754 2276 3091 2327 solummodo

599 2366 827 2427 quatuor
863 2379 905 2411 κ,
940 2379 975 2411 ε.
1019 2363 1469 2429 „Polyglotta“
1508 2364 1688 2414 Biblia
1727 2364 1869 2414 dicta
1907 2364 2377 2415 considerabimus.
2425 2364 2696 2413 Differunt
2729 2365 2868 2413 istae
2907 2363 3092 2412 editio-

598 2464 693 2497 nes
729 2450 867 2499 int‘er
903 2466 960 2499 se
996 2452 1224 2500 maxime
1262 2451 1599 2501 multitudine
1636 2450 1952 2517 linguarum,
1990 2453 2047 2500 in
2085 2467 2217 2516 quas
2246 2451 2428 2501 Codex
2456 2450 2620 2500 Sacer
2657 2450 2953 2499 translatus
2984 2455 3091 2511 est3

598 2534 723 2583 hinc
760 2535 901 2585 aliae
936 2536 1071 2586 fiunt
1105 2538 1595 2602 pentaglottae,
1634 2538 1775 2587 aliae
1811 2537 2296 2603 heptaglottae‚
2337 2538 2475 2587 aliae
2514 2536 2952 2601 octoglottae.

806 2621 965 2673 Circa
999 2623 1134 2673 illud
1168 2625 1343 2689 ipsum
1378 2629 1615 2690 tempus,
1661 2640 1766 2690 quo
1803 2626 1859 2674 in
1899 2624 2187 2675 Germania
2222 2623 2408 2674 infelix
2445 2638 2486 2673 s.
2526 2623 2574 2674 d.
2614 2638 2888 2674 sacrorum
2925 2622 3092 2672 refor-

598 2711 759 2758 matio
799 2711 968 2774 cepit,
1010 2712 1177 2760 vitam
1214 2713 1324 2776 egit
1360 2710 1412 2761 S.
1450 2713 1513 2761 R.
1550 2712 1614 2761 E.
1656 2712 1983 2774 Cardinalis,
2031 2712 2278 2776 idemque
2314 2710 2760 2775 Archiepiscopus
2795 2710 3094 2760 Toletanus

598 2795 687 2844 Fr.
736 2797 1073 2846 Ximenius
1126 2799 1199 2846 de
1246 2797 1591 2848 Cisneros:
1640 2828 1708 2836 —
1756 2798 1821 2848 de
1876 2800 2036 2848 rebus
2090 2799 2323 2847 Ximenii
2377 2799 2729 2862 scripserunt:
2786 2796 3091 2859 Gomesius,

596 2882 861 2946 Flechier,
898 2885 1178 2934 Marsolier
1216 2890 1268 2934 et
1302 2901 1431 2950 prae
1470 2888 1674 2936 cunctis
1710 2887 1762 2936 .J.
1803 2885 1862 2935 C.
1901 2885 1968 2935 de
2004 2885 2214 2946 Hefele,
2256 2885 2306 2934 d.
2345 2883 2406 2933 C.
2443 2885 2716 2934 Ximenez.
2754 2884 2893 2934 Tiib.
2940 2886 3093 2934 1851.

598 2984 650 3032 p.
680 2971 795 3019 113.
823 2986 865 3018 s.
903 2987 951 3019 v.
980 2969 1179 3020 Comm.
1207 2989 1258 3036 p.
1288 2975 1403 3022 125.
1430 3001 1496 3008 —-
1522 2975 1614 3037 qui
1648 2974 1850 3037 primus
1886 2977 2008 3038 post
2044 2972 2164 3033 „rofi
2194 2967 2559 3038 Χαλκεντέρου“
2596 2971 2825 3033 labores,
2865 2971 3094 3019 tentavit

604 3070 739 3116 opus
776 3055 1040 3105 Biblieum
1079 3054 1528 3125 ,,Πολὺγλωττον.“
1590 3058 1802 3124 Quippe
1841 3058 1994 3108 editis
2033 3057 2388 3122 Compluti,
2426 3059 2560 3107 urbe
2595 3058 2938 3118 Lusitaniae,
2984 3057 3093 3106 suis

602 3142 864 3192 sumtibus
912 3142 1103 3194 Bibliis
1152 3144 1483 3210 Polyglottis.
1555 3145 1819 3195 Exierunt
1867 3161 1895 3194 e
1942 3145 2092 3209 prelo
2141 3146 2314 3209 prima
2362 3151 2593 3208 quatuor
2641 3144 2916 3193 volumina
2967 3157 3012 3190 s.
3059 3146 3094 3191 t.

606 3226 815 3288 „Biblia
852 3228 907 3278 S.
932 3229 997 3278 V.
1022 3230 1085 3278 T.
1114 3230 1392 3296 multiplici
1427 3231 1613 3296 lingua
1648 3247 1792 3280 nunc
1829 3233 1998 3296 primo
2032 3232 2396 3296 impressum.“
2439 3231 2508 3280 ab
2547 3245 2688 3279 anno
2729 3230 3093 3279 1514—1517.

601 3313 767 3362 Varia
816 3320 991 3364 autem
1041 3317 1419 3381 impedimenta
1468 3330 1631 3366 causa
1679 3319 2022 3380 exstiterunt,
2074 3316 2218 3383 quod
2265 3317 2400 3366 haec
2448 3316 2628 3365 Biblia
2677 3331 2725 3365 a.
2778 3318 2930 3365 1517.
2989 3317 3095 3364 iam

604 3399 877 3463 absoluta,
922 3417 1029 3451 non
1066 3403 1239 3467 prius,
1289 3417 1449 3468 quam
1490 3405 1639 3452 1522.
1677 3402 1848 3453 lucem
1886 3404 2158 3468 publicam
2207 3403 2594 3468 conspicerent.
2655 3402 2864 3451 Nostris
2903 3402 3094 3451 diebus

602 3487 883 3538 rarissimis
924 3489 1136 3553 quidem
1169 3494 1602 3539 annumerantur
1648 3489 1820 3551 libris,
1869 3489 1965 3540 sed
2001 3494 2179 3539 tamen
2229 3490 2356 3554 quia
2403 3489 2935 3553 interpretationibus
2989 3503 3095 3536 non

604 3574 813 3637 optimis
849 3575 1109 3624 instructa
1146 3579 1285 3637 sunt,
1326 3575 1467 3640 apud
1495 3574 1729 3625 eruditos
1765 3592 1874 3624 non
1911 3576 2176 3625 habentur
2209 3577 2390 3640 magni
2427 3576 2598 3640 pretii.
2648 3575 2903 3635 Quintum
2942 3575 3092 3622 volu-

602 3676 725 3709 men
766 3661 860 3722 „N.
888 3662 949 3710 T.
976 3677 1051 3726 gr.
1079 3667 1132 3711 et
1154 3660 1247 3711 lat.
1286 3663 1341 3710 in
1380 3663 1529 3712 acad.
1562 3661 1828 3726 Complut.
1856 3678 1977 3711 nov.
2003 3663 2242 3726 impress.
2282 3677 2329 3711 a.
2366 3663 2580 3725 1514.“;
2617 3666 2822 3710 sextum
2861 3661 3094 3724 denique
3167 3702 3172 3710 .

604 3746 1003 3797 vocabularium
1038 3747 1373 3810 hebraicum,
1420 3748 1784 3810 chaldaicum,
1833 3764 2083 3814 graecum
2120 3764 2239 3798 cum
2277 3749 2623 3814 grammatica
2659 3747 2914 3796 hebraica
2953 3763 3090 3796 com-

601 3833 868 3897 plectitur.
939 3835 1147 3894 Veteris
1201 3836 1363 3900 Legis
1418 3835 1834 3885 Instrumentum
1886 3836 2196 3886 Versionem
2252 3835 2352 3884 τῶν
2399 3835 2564 3884 LXX.
2615 3838 2669 3883 et
2724 3833 3094 3898 paraphrasim

606 3918 882 3981 Onkelosi,
910 3921 1093 3970 addita
1116 3923 1356 3986 utrisque
1391 3922 1737 3972 translatione
1762 3921 1933 3972 latina
1958 3927 2116 3987 atque
2142 3921 2427 3986 vulgatam
2456 3920 2683 3969 exhibet.
2736 3918 2917 3970 Libris
2942 3921 3011 3968 N.
3036 3920 3093 3968 T.

605 4007 811 4070 graecis
848 4007 965 4055 sine
1004 4009 1313 4058 accentibus
1352 4007 1649 4073 descriptis,
1687 4014 1893 4058 tantum
1928 4009 2162 4074 Vulgata
2198 4008 2453 4058 adiuncta
2489 4011 2583 4057 est;

817 4219 852 4284 ¹)
901 4219 964 4269 V.
1015 4219 1364 4282 Salmeronis,
1421 4221 1722 4286 Prolegom.
1772 4220 1919 4270 XIII.
1968 4222 2009 4283 Ι,
2061 4223 2178 4270 243.
2249 4221 2362 4270 Nec
2409 4221 2465 4268 in
2520 4233 2710 4283 campo
2765 4219 3092 4285 Theologiae

603 4307 929 4371 Exegeticae
964 4307 1198 4356 virorum
1236 4307 1371 4356 alias
1408 4308 1754 4370 eruditorum,
1791 4307 2002 4373 linguas
2039 4311 2274 4357 attamen
2303 4307 2506 4356 Textus
2545 4304 2833 4369 Originarii
2870 4305 2923 4355 S.
2950 4307 3092 4355 Lite-

604 4407 782 4441 rarum
825 4394 1180 4457 ignorantium
1218 4393 1501 4458 diligentes
1548 4399 1789 4455 conatus,
1836 4394 1996 4460 plane
2032 4395 2158 4443 vani
2193 4393 2422 4442 fuerunt.
2460 4395 2522 4442 L.
2561 4394 2622 4443 C.
2661 4393 2713 4442 J.
2752 4394 2982 4455 Herber,
3033 4394 3093 4441 de

607 4479 867 4529 Versione
916 4479 1114 4528 Latina
1162 4481 1395 4545 Vulgata
1444 4497 1509 4530 ex
1558 4480 1784 4530 Concilii
1819 4481 2118 4530 Tridentini
2151 4482 2382 4531 Deci-eto
2433 4481 2574 4532 Sess.
2621 4481 2715 4531 IV.
2767 4480 3091 4530 authentica.

608 4565 821 4615 Vratisl.
864 4568 1013 4616 1815.
1050 4583 1102 4631 p.
1140 4568 1222 4616 56.
1262 4583 1303 4616 s.
