3309 5300
1283 401 1437 444 Venio
1466 396 1564 445 τῶν
1590 401 1716 444 Lxx.
2633 385 2753 450 17].

277 572 342 627 ut
380 563 597 627 versio
645 562 1118 631 Theodotionis
1178 567 1247 630 in
1288 566 1668 651 Danielem,
1737 571 1919 634 cuius
1977 578 2117 635 tota
2175 571 2375 636 series
2419 572 2487 635 in
2543 571 2758 636 LXX.

277 684 697 762 praepostere
740 677 957 763 posita
988 687 1145 762 erat,
1190 687 1299 741 τῶν
1330 683 1359 742 ὁ
1389 679 1535 745 loco
1570 680 2087 766 substitueretur,
2134 682 2461 770 hodieque
2509 683 2648 748 sola
2694 686 2760 748 in

276 787 585 852 Ecclesiis
633 791 891 874 graecis
935 789 1211 876 legatur.
1272 792 1506 857 Versio
1539 792 1754 858 LXX.
1801 793 2020 858 viralis
2059 795 2433 881 Prophetae
2466 796 2759 860 Danielis

277 924 389 988 pro
434 900 647 965 inutili
691 902 932 986 habita,
980 913 1178 989 atque
1211 928 1251 969 a
1286 903 1562 970 librariis
1599 906 1904 991 neglecta
1928 911 1947 950 ¹
1991 907 2130 971 fere
2177 909 2418 973 interiit
2438 911 2481 972 2.
2531 907 2759 974 Solent

276 1018 338 1077 A.
384 1017 447 1075 Σ.
497 1015 567 1078 Θ.
632 1017 1131 1080 commemorari
1190 1016 1310 1080 sub
1373 1019 1637 1082 nomine
1703 1022 1965 1101 ,tptt33*1‘3.
2044 1018 2352 1084 Ceterum
2416 1023 2534 1085 etsi
2595 1023 2758 1085 istae

276 1127 629 1210 versioneS,
682 1137 757 1192 ut
800 1130 1316 1215 interpretationi
1359 1129 1572 1194 LXX.
1638 1130 2052 1217 derogarent,
2111 1132 2353 1197 fuerint
2399 1132 2756 1217 conflatae3

279 1239 357 1303 ad
398 1239 570 1304 illius
617 1251 839 1305 tamen
884 1264 1071 1305 usum
1121 1240 1588 1307 eliminandum
1632 1267 1968 1330 nunquam
2015 1245 2380 1310 valuerunt.

474 1351 667 1416 Aliae
720 1363 1069 1438 praeterea
1122 1356 1432 1418 exstitere
1488 1355 1641 1419 olim
1694 1366 1846 1440 treS,
1903 1358 2149 1442 quinta,
2199 1367 2407 1440 sexta,
2461 1359 2758 1443 septima,

278 1467 564 1550 signatae
592 1465 660 1548 ,ε’
686 1466 732 1539 ς’
759 1466 859 1550 ζ’(ς
893 1467 1461 1553 interpretationes
1495 1491 1862 1554 anonymae
1897 1469 2306 1556 quorundam
2336 1470 2758 1554 voluminum,

276 1578 582 1662 imprimis
614 1579 1053 1672 metricorum,
1089 1579 1349 1645 Codicis
1383 1580 1592 1645 Sacri:
1629 1603 1790 1666 quas
1822 1583 2067 1668 primus
2101 1581 2419 1666 Origenes
2449 1583 2515 1645 in
2545 1581 2760 1646 lucem

276 1692 591 1776 protraxit
608 1695 651 1755 4.
722 1689 1017 1770 Quarum
1064 1715 1231 1778 quae
1276 1695 1476 1779 prior,
1525 1715 1693 1779 quae
1739 1696 2062 1780 posterior
2107 1696 2498 1759 concinnata
2542 1695 2758 1778 fuerit,

280 1826 356 1866 an
398 1825 437 1866 a
484 1803 869 1868 Christianis
914 1827 1000 1868 an
1046 1805 1279 1870 secus?
1354 1806 1619 1870 difficile
1683 1817 1780 1871 est
1839 1807 2046 1890 dictu3
2122 1830 2248 1872 nec
2292 1817 2509 1893 potest
2552 1809 2628 1871 iis
2676 1808 2758 1871 de

278 1914 462 1979 rebus
508 1915 617 1980 vel
662 1918 1095 1983 coniectando
1140 1919 1383 2005 aliquid
1414 1920 1712 2006 proferri.
1761 1919 1896 1985 Sed
1930 1943 2156 1984 omnes
2188 1919 2544 1985 admodum
2573 1943 2758 2002 παρα-

278 2036 572 2110 φραστικῶς
633 2027 921 2094 Textum
965 2030 1347 2096 Hebraeum
1407 2031 1853 2096 reddiderunt.
1932 2033 2070 2097 Iam
2134 2032 2245 2097 ubi
2312 2032 2394 2097 de
2461 2032 2760 2096 omnibus

280 2144 524 2226 graecis
555 2142 965 2208 versionibus
999 2144 1302 2227 diximuS,
1327 2154 1533 2209 restat
1561 2155 1634 2209 ut
1654 2145 1975 2229 Venetae,
2010 2169 2178 2232 quae
2213 2155 2277 2210 et
2308 2147 2716 2210 Marciana
2735 2148 2760 2186 ⁵

281 2253 655 2340 adpellatur,
703 2258 1083 2321 memoriam
1114 2259 1509 2341 iniiciamus3
1563 2256 1741 2322 illam
1783 2268 2137 2345 utcumque
2184 2268 2446 2323 sumunt
2491 2268 2758 2323 auctore

280 2360 697 2452 grammatico
748 2368 1034 2455 quodam
1080 2369 1482 2454 Christiano,
1541 2395 1576 2435 e
1622 2372 1942 2456 Byzantio
1993 2382 2133 2437 orto
2156 2375 2180 2416 ⁶
2193 2422 2208 2453 ,
2259 2373 2428 2435 inter
2474 2394 2521 2434 S.
2568 2370 2756 2435 VIII.

282 2490 344 2544 et
386 2481 499 2544 XI.
552 2505 638 2545 ex
684 2481 1031 2547 Hebraicis
1080 2483 1415 2549 codicibus
1462 2485 1706 2548 factam
1752 2485 1972 2549 fuisse.
2028 2483 2336 2571 Aquilam
2382 2486 2448 2547 in
2494 2506 2758 2548 accura-

280 2595 470 2677 tione,
514 2593 944 2682 interpretem
988 2595 1135 2681 Iobi
1178 2603 1286 2659 τῶν
1336 2601 1364 2659 ό
1410 2599 1477 2661 in
1524 2597 1786 2662 dicendi
1831 2619 2074 2684 genere
2122 2605 2408 2661 sectatur
2428 2599 2468 2660 ⁷.
2547 2596 2757 2661 Inser-

280 2707 414 2771 vire
478 2717 698 2793 potest
761 2709 846 2773 ad
916 2710 1447 2794 cognoscendam
1516 2710 1956 2776 conditionem
2018 2710 2269 2775 Textus
2324 2709 2758 2791 masorethici,

284 2819 479 2903 qualis
526 2830 668 2885 erat
712 2844 762 2885 s.
803 2821 923 2885 IX.
975 2832 1041 2886 et
1082 2822 1202 2906 X.;
1248 2822 1529 2909 ideoque
1576 2825 1644 2886 in
1692 2822 1934 2887 Critica
1981 2846 2029 2886 S.
2077 2823 2157 2887 V.
2190 2823 2266 2887 F.
2313 2846 2446 2887 non
2495 2824 2756 2887 omnino

279 2931 626 2997 reiicienda
672 2943 788 2998 est.

482 3214 517 3281 ¹)
556 3215 638 3266 cf.
676 3230 718 3266 s.
754 3216 1087 3281 Hieronymi,
1124 3216 1291 3283 praef.
1327 3218 1384 3265 in
1419 3217 1559 3266 Dan.
1596 3233 1647 3282 p.
1687 3218 1804 3267 619.
1843 3232 1883 3265 s.
1923 3232 2109 3267 comm.
2146 3218 2203 3267 in
2241 3233 2283 3265 e.
2324 3219 2406 3279 12,
2436 3219 2518 3267 13.
2555 3234 2606 3283 p.
2637 3219 2755 3268 730.

284 3302 350 3350 Η.
372 3303 430 3351 R..
455 3303 521 3351 D.
546 3304 611 3351 V.
634 3303 696 3353 Τ.
733 3320 785 3369 p.
811 3304 930 3353 488.
992 3302 1034 3367 ²)
1070 3304 1203 3352 Post
1239 3318 1409 3353 annos
1448 3304 1589 3352 enim
1624 3303 1735 3352 fere
1773 3303 1917 3352 mille
1955 3306 2275 3369 quingentos
2313 3320 2342 3353 e
2379 3302 2752 3369 Tetraplorum

286 3388 344 3437 Ο.
380 3390 559 3439 codice
598 3389 853 3440 Ghisiano
900 3390 1183 3440 Danielem
1232 3389 1525 3439 secundum
1560 3390 1725 3439 LXX.
1777 3390 2047 3455 evulgavit
2096 3389 2310 3440 Simeon
2361 3391 2427 3440 de
2469 3391 2756 3455 Magistris.

284 3476 487 3525 Romae.
540 3477 690 3526 1772.
762 3475 1007 3526 Ceterum
1062 3477 1361 3528 dissensum
1406 3478 1665 3527 versionis
1719 3476 1884 3525 LXX.
1933 3492 2116 3529 senum
2165 3482 2220 3526 et
2266 3477 2752 3537 Theodotionaeae,

284 3563 465 3612 iudicio
517 3563 897 3628 doctrinaeque
943 3565 1290 3629 interpretum
1339 3564 1570 3613 adscribi
1615 3577 1792 3628 posse,
1842 3563 2087 3613 lubenter
2124 3564 2376 3629 largimur
2418 3563 2651 3613 Simeoni
2691 3563 2756 3612 de
2809 3565 2827 3574 '

283 3649 555 3715 Magistris,
587 3648 624 3699 1.
651 3666 696 3699 c.
722 3667 775 3715 p.
803 3651 918 3700 219.
982 3649 1022 3715 ³)
1062 3649 1141 3699 cf.
1167 3650 1407 3711 Eusebii,
1436 3666 1620 3699 comm.
1644 3651 1704 3699 in
1728 3649 1965 3700 Jesaiam
1995 3651 2074 3711 13,
2103 3652 2184 3700 21.
2213 3650 2294 3699 ed.
2321 3650 2508 3700 Montf.
2535 3650 2604 3712 11,
2631 3651 2751 3699 412.

286 3736 331 3784 S.
356 3736 681 3801 Hieronymi,
721 3751 907 3785 comm.
946 3737 1000 3785 in
1034 3735 1232 3785 Ezech.
1259 3737 1306 3797 5,
1337 3738 1419 3786 15.
1440 3732 1501 3801 p.
1530 3738 1637 3785 55.:
1678 3738 1768 3801 qui
1805 3735 2045 3801 adpellat
2086 3741 2222 3797 „tres
2260 3736 2351 3785 alii
2387 3737 2755 3801 interpretes.“

282 3822 607 3883 Theodoreti‚
632 3824 689 3872 in
714 3822 849 3871 Abd.
881 3824 961 3872 19.
986 3822 1055 3885 11,
1085 3824 1235 3871 1456.
1277 3820 1355 3882 „oi
1383 3822 1510 3889 τρεῖς
1537 3818 1868 3889 ἑρμηνευταί.“
1922 3822 1962 3887 ⁴)
1994 3821 2080 3871 Cf.
2100 3822 2341 3884 Eusebii,
2367 3822 2436 3872 H.
2463 3824 2527 3871 E.
2554 3822 2645 3884 VI,
2677 3824 2772 3872 16.1

278 3926 326 3973 p.
352 3911 465 3959 217.
527 3908 567 3975 ⁵)
606 3910 758 3971 Quae
797 3925 914 3958 cum
950 3925 1015 3958 ex
1039 3909 1101 3958 A.
1126 3910 1198 3958 M.
1226 3910 1469 3958 Zannetii
1506 3913 1559 3958 et
1594 3910 1655 3958 A.
1683 3909 2038 3975 Bongiovanii
2075 3909 2320 3974 catalogo
2348 3909 2484 3958 Bibl.
2513 3909 2560 3958 d.
2588 3910 2760 3958 Marci

282 3994 528 4045 Codicum
563 4010 687 4044 mse.
724 3996 858 4044 Ven.
898 3997 1049 4045 1740.
1087 3996 1331 4056 innotuit,
1372 4010 1489 4045 eam
1527 3995 1808 4045 ediderunt
1843 3996 1896 4045 J.
1921 3995 1982 4045 Β.
2012 3994 2070 4045 C.
2099 3993 2331 4045 d'Ansse
2369 3995 2434 4045 de
2470 3995 2751 4057 Villoison‚

196 4090 203 4097 ‘
280 4082 337 4131 N.
372 4083 435 4131 V.
472 4098 546 4147 gr.
584 4084 742 4132 Prov.
787 4081 935 4131 Eccl.
988 4081 1141 4131 Cant.
1188 4082 1344 4131 Ruth.
1383 4082 1577 4132 Thi-en.
1628 4083 1769 4132 Dan.
1808 4099 1873 4132 ex
1920 4083 2080 4131 unico
2128 4082 2298 4131 Marci
2346 4081 2600 4131 Biblioth.
2639 4081 2758 4130 cod.

281 4169 485 4233 Argent.
529 4170 679 4218 1784.
719 4173 773 4217 et
810 4168 868 4217 C.
905 4168 993 4218 Fr.
1032 4168 1271 4229 Ammon,
1315 4168 1378 4217 N.
1416 4168 1481 4217 V.
1520 4185 1594 4233 gr.
1632 4168 1985 4219 Pentateuchi
2024 4183 2088 4217 ex
2123 4168 2284 4219 unico
2323 4166 2376 4217 S.
2412 4168 2578 4216 Marc.
2616 4167 2756 4218 Bibl.

284 4253 403 4304 cod.
438 4255 550 4305 Erl.
590 4257 741 4306 1790.
783 4257 898 4305 179.
929 4259 975 4304 1.
1002 4258 1049 4305 3.
1087 4255 1193 4305 vol.
1230 4255 1418 4304 ultimo
1450 4272 1499 4303 v.
1536 4255 1730 4320 legitur
1768 4256 1833 4304 ei.
1860 4271 2046 4305 comm.
2084 4254 2149 4303 de
2186 4270 2304 4316 usu,
2344 4253 2538 4315 indole,
2579 4258 2755 4303 aetate

282 4342 421 4391 Vers.
457 4344 784 4392 Marcianae.
822 4357 874 4407 p.
915 4344 1031 4392 112.
1071 4359 1112 4392 s.
1176 4342 1216 4407 ⁶)
1258 4341 1363 4391 cfr.
1401 4341 1594 4404 Bauer,
1635 4342 1762 4390 Crit.
1801 4358 1841 4391 s.
1876 4342 1920 4403 1,
1958 4342 2075 4391 286.
2147 4340 2187 4405 7)
2229 4341 2306 4390 Cf.
2344 4341 2396 4389 J.
2436 4339 2498 4389 G.
2536 4340 2757 4401 Dahler‚

287 4429 532 4491 animadv.
568 4430 626 4477 in
663 4430 816 4478 Vers.
855 4445 931 4494 gr.
969 4429 1125 4477 Prov.
1164 4428 1433 4478 Salamon.
1472 4444 1537 4479 ex
1573 4429 1762 4478 Venet.
1801 4428 1882 4477 ed.
1918 4427 2134 4491 Argent.
2176 4429 2325 4477 1786.
