3309 5300
1210 430 1473 482 nisquisitio
1498 430 1552 472 de
1580 440 1714 474 sensu
1741 432 1785 472 S.
1815 434 1860 472 S.
2649 418 2780 485 269

305 608 715 689 Romanae,
766 605 944 691 quod.
988 615 1213 670 vetera
1258 608 1662 669 monimenta
1701 607 1860 669 artis
1906 605 2095 670 nobis
2142 614 2502 669 servarunt.
2563 605 2643 668 In
2678 604 2778 667 his

308 720 553 805 depicta
582 718 692 783 vel
723 718 977 803 sculpta
1017 720 1455 804 conspicimus
1490 741 1569 781 ea
1598 718 1860 783 Veteris
1889 717 2206 783 Foederis
2251 717 2562 799 instituta,
2610 738 2778 801 quae

304 835 361 895 in
402 832 589 895 Novo
636 828 938 896 Foedere
982 831 1184 897 veluti
1234 831 1589 917 adimpleta
1638 830 2112 897 describuntur.
2179 830 2782 916 Repraesentantur

306 945 585 1007 homines
632 942 713 1007 E.
746 966 810 1029 g.
858 944 1021 1026 Noe,
1066 944 1424 1027 Abraham,
1470 944 1933 1026 Melchisedec,
1980 943 2190 1026 Isaac,
2236 942 2548 1025 Jacobus‚
2593 942 2780 1007 Jose·

304 1056 477 1143 phuS,
532 1054 821 1141 Moyses,
876 1056 1121 1141 Aaron,
1174 1056 1414 1139 David,
1472 1055 1804 1139 Salomon,
1849 1056 2056 1121 Jonas
2105 1055 2342 1141 aliique
2389 1056 2470 1119 V.
2517 1053 2592 1119 F.
2638 1056 2778 1137 viri,

306 1170 405 1255 qui
434 1190 788 1253 personam
835 1170 1182 1255 typicam
1228 1169 1653 1252 sustinebant,
1695 1179 2089 1253 tenuemque
2120 1168 2471 1253 imaginem
2503 1168 2782 1252 antitypi

306 1279 751 1346 exhibuerunt.
838 1281 989 1345 Hoc
1050 1292 1266 1347 autem
1326 1305 1460 1347 non
1523 1282 1608 1345 ad
1681 1291 2009 1363 ornatum,
2080 1281 2521 1366 decoremque
2581 1280 2778 1345 modo

306 1394 645 1459 Sacrorum
691 1394 1024 1459 Locorum
1069 1397 1493 1491 pertlinuisse3
1542 1395 1660 1459 sed
1707 1395 1793 1459 ad
1821 1417 2092 1478 morem,
2140 1395 2250 1481 qui
2294 1416 2496 1479 penes
2531 1394 2780 1479 priscos

307 1506 697 1571 Christianos
745 1517 901 1591 erat,
947 1510 1256 1593 mysteria
1295 1507 1640 1593 religionis‘
1661 1506 1898 1573 Christi
1941 1506 2120 1572 hisce
2167 1508 2342 1593 typis
2389 1504 2779 1587 delineandi,

304 1609 659 1683 docuerunt
702 1622 825 1684 viri
867 1620 1100 1685 horum
1148 1623 1700 1686 monimentorum
1743 1622 2174 1687 scientissimi.

504 1759 561 1811 V.
588 1776 635 1810 ο.
660 1760 725 1811 Ρ.
754 1756 985 1826 Arinyhi,
1020 1760 1190 1811 Roma
1219 1762 1558 1813 subterranea.
1596 1762 1765 1813 Roma
1789 1764 1932 1811 1651.
1977 1760 2032 1813 C.
2057 1760 2173 1811 Bot
2182 1760 2317 1811 tari
2329 1799 2342 1824 ‚
2381 1758 2612 1811 Sculture
2635 1776 2661 1809 e
2673 1760 2780 1825 pit-

303 1856 401 1899 ture
433 1863 598 1912 seqre,
639 1852 842 1899 estratte
867 1847 955 1899 dei
976 1847 1191 1899 cimiteri
1212 1848 1271 1898 di
1293 1848 1475 1899 Roma.
1510 1848 1703 1900 Romae
1732 1850 2026 1898 1737-46.
2070 1846 2392 1911 Balaam,
2433 1845 2784 1897 Osset-vasioni

300 1952 444 1999 sopra
487 1933 509 1983 i
560 1932 793 1984 Cimiteri
840 1934 906 1985 de
952 1934 1092 1985 santi
1136 1934 1347 1985 Martiri
1393 1934 1457 1985 ed
1504 1934 1700 1985 antichi
1747 1934 2029 1985 Christiani
2071 1934 2129 1983 di
2164 1934 2344 1985 Roma.
2395 1934 2778 2007 Romae-1720.

306 2020 567 2085 Oiampini,
598 2008 779 2071 ⁴vetera
814 2028 1133 2073 monumenta
1166 2022 1416 2073 Romana.
1454 2022 1557 2072 III.
1596 2040 1643 2072 v.
1683 2021 1829 2072 Rom.
1870 2024 2018 2072 1747.
2085 2020 2175 2073 Fr.
2214 2020 2274 2071 M
2281 2026 2388 2071 v'int
2399 2038 2490 2084 er,
2541 2018 2781 2087 Symbola

312 2108 490 2160 Veteris
524 2107 788 2159 Ecclesiae
834 2108 962 2159 artis
1010 2099 1246 2174 operibus
1282 2126 1539 2173 expressa.
1578 2110 1749 2173 Hafh.
1786 2111 1938 2159 1819.
1975 2109 2058 2161 Εἰ.
2109 2108 2401 2160 Sinnbilder
2445 2108 2552 2159 und
2587 2108 2779 2159 Kanat-

302 2195 656 2261 vorstellunyen
693 2194 788 2247 dev·
821 2196 955 2247 alten
995 2194 1240 2247 C'lzristen.
1278 2197 1465 2247 Altona
1487 2199 1633 2247 1825.
1677 2196 1796 2247 Chr.
1824 2196 1914 2247 Fr.
1949 2196 2062 2248 Bel
2072 2198 2383 2259 lev-mann,
2421 2196 2502 2247 tib.
2538 2194 2589 2246 d.
2615 2196 2780 2247 latest.

302 2282 395 2332 chr.
431 2281 941 2348 Beqrc‘ibnissstc'itten.
982 2284 1170 2335 Hamb.
1196 2287 1350 2338 1839.
1389 2283 1452 2333 M
1456 2302 1489 2333 a
1502 2284 1640 2334 rchi
1675 2282 1728 2333 S.
1758 2284 1832 2345 J.,
1869 2284 1906 2333 I
1938 2283 2249 2335 Monumenti
2283 2283 2414 2336 delle
2448 2282 2644 2333 antiche
2679 2284 2783 2333 arti

302 2370 574 2432 christiane,
614 2371 751 2421 nella
788 2370 1063 2435 Metropoli
1096 2372 1183 2423 del
1220 2370 1622 2423 Christianismo.
1667 2370 1837 2422 Tot-in.
1869 2373 2016 2421 1841.
2055 2371 2318 2433 Gaume,
2365 2370 2656 2422 Geschichte
2688 2368 2782 2420 der

312 2456 657 2508 Gatacomben-
685 2458 740 2507 in
784 2457 927 2507 Rom.
978 2457 1103 2525 Ray.
1154 2462 1307 2509 1849.
1367 2458 1420 2508 J.
1458 2458 1863 2521 L’Heureuoe,
1915 2459 2265 2525 Haqioqupta
2313 2460 2418 2508 sive
2458 2456 2690 2521 picturae
2738 2462 2781 2505 et

310 2543 581 2615 scripturae
616 2563 657 2593 s.
694 2544 852 2609 antiq.
892 2543 971 2595 ed.
1009 2544 1073 2595 R.
1114 2545 1387 2596 Garucci
1423 2544 1475 2599 S.
1514 2545 1566 2594 J.
1608 2544 1724 2594 Luc.
1762 2544 1888 2595 Par.
1930 2546 2077 2597 1856.
2132 2544 2187 2597 C'.
2223 2545 2276 2594 J.
2315 2544 2527 2607 Piera,
2567 2542 2778 2608 spicile-

302 2630 429 2697 9ium
467 2629 791 2684 Sole-§mense
832 2630 957 2682 Par.
984 2632 1129 2682 1855.
1170 2631 1275 2694 III,
1300 2634 1419 2683 499.
1470 2632 1522 2684 J.
1548 2632 1611 2682 Β.
1650 2648 1724 2698 eq.
1763 2631 1828 2682 de
1863 2631 2082 2694 Ros-si,
2121 2630 2244 2682 diss.
2281 2632 2346 2682 ib.
2376 2649 2437 2696 p.
2468 2633 2591 2682 545.
2617 2649 2656 2681 s.
2696 2631 2778 2681 Ei.

306 2717 458 2767 Roma
480 2724 781 2769 sotteranea.
820 2718 965 2768 Rom.
991 2721 1140 2768 1864.
1180 2720 1221 2771 1.
1248 2719 1310 2771 L.
1336 2720 1495 2770 Perr
1508 2726 1586 2782 et,
1628 2718 1948 2770 Catacombes
1973 2719 2038 2770 de
2064 2719 2237 2770 Rome.
2265 2719 2390 2769 Par.
2422 2721 2570 2768 1857.
2623 2715 2778 2770 Testi-

302 2804 460 2854 monia
495 2803 795 2872 Synaqoyae
818 2806 959 2855 nobis
984 2805 1079 2855 hac
1102 2789 1235 2856 inre
1261 2805 1601 2871 patrocinari,
1639 2805 1814 2857 docent
1844 2805 1943 2856 loci
1965 2807 2060 2856 huc
2094 2811 2387 2870 spectantes,
2425 2822 2550 2869 quos
2583 2806 2780 2870 collegit

300 2889 702 2959 R⁴aymwndus
737 2890 1037 2954 Martini,
1076 2893 1129 2942 in
1167 2892 1552 2959 puyionefidei
1588 2892 1670 2944 ed.
1705 2892 1770 2942 B.
1800 2891 2059 2958 Oarpzove'.
2107 2891 2246 2957 Lips.
2288 2893 2449 2941 1687.
2477 2909 2538 2954 p.
2579 2893 2700 2942 837.
2737 2911 2778 2942 3.

300 2977 629 3041 Frischmuth,
676 2977 798 3027 diss.
846 2977 910 3028 de
953 2995 1085 3044 ayno
1120 2979 1225 3028 Dei
1259 2979 1314 3029 in
1354 2979 1499 3031 Thes.
1536 2979 1612 3040 II,
1651 2983 1776 3030 366.
1813 2999 1854 3033 s.
1913 2979 1992 3044 Of.
2034 2979 2086 3030 C.
2126 2979 2186 3029 A.
2229 2978 2472 3044 Orusii,
2523 2979 2777 3044 Hypomn.

298 3063 365 3113 'ad
402 3063 571 3114 Theol.
602 3065 794 3128 proph.
834 3064 981 3130 Lips.
1019 3067 1164 3116 1764.
1204 3067 1248 3128 Ι,
1275 3069 1356 3116 43.
1384 3085 1423 3116 ε.
1462 3066 1511 3120 J.
1542 3067 1631 3116 Fr.
1660 3067 1972 3127 Kleuker‚
2008 3065 2072 3116 de
2108 3083 2244 3116 nexu
2279 3084 2326 3131 q.
2365 3082 2406 3115 c.
2443 3065 2477 3114 i.
2516 3072 2615 3114 atr.
2652 3064 2778 3114 Div.

299 3157 437 3200 const.
476 3149 683 3202 Foedus
710 3151 1020 3216 prophetico.
1060 3153 1273 3206 Helmst.
1313 3155 1452 3204 1791.
1486 3171 1538 3218 p.
1575 3155 1656 3202 72.
1683 3171 1723 3202 s.
1762 3153 1852 3202 Fr.
1891 3153 2044 3204 Frei
2053 3152 2133 3202 nd
2144 3153 2338 3216 aller,
2379 3151 2779 3216 Quartalschrefl

302 3238 339 3286 1.
375 3241 420 3286 2.
459 3241 577 3288 266.
616 3256 656 3288 s.
696 3237 1070 3300 Olshaueen,
1106 3243 1189 3290 ein
1238 3241 1379 3290 Wort
1414 3240 1537 3290 iiber
1572 3240 1784 3302 tieferen
1821 3239 2146 3302 Schmflsinn.
2184 3238 2426 3306 Kb'niqsb.
2470 3240 2622 3288 1824.
2669 3255 2778 3296 cum

302 3323 657 3375 additamento.
709 3315 899 3375 H'amb.
948 3328 1095 3376 1825.
1162 3326 1467 3388 Tholuck,
1516 3327 1680 3392 einiye
1726 3327 1927 3392 apoloq.
1984 3327 2163 3377 Winke
2199 3327 2252 3390 f.
2301 3325 2354 3375 d.
2405 3324 2641 3376 Studium
2689 3324 2780 3376 des

300 3409 355 3460 A.
396 3407 451 3460 T.
488 3411 685 3463 Berlin.
729 3414 878 3462 1821.
931 3411 984 3464 0.
1023 3413 1093 3462 H.
1134 3411 1317 3476 Sack,
1356 3415 1437 3464 ab.
1476 3413 1528 3463 d.
1576 3412 1875 3464 Geschichtl.
1912 3415 1983 3462 im
2023 3413 2081 3463 A.
2119 3413 2174 3462 T.
2216 3412 2379 3463 Bonn.
2417 3415 2562 3462 1841.
2611 3411 2672 3462 F.
2709 3411 2776 3462 X.

301 3498 571 3548 Patritii
614 3497 668 3548 S.
704 3498 785 3560 J.,
834 3499 899 3548 de
944 3499 1357 3564 interpretatione
1404 3499 1802 3564 Scripturas-um.
1842 3501 1885 3562 I,
1924 3501 2035 3549 170.
2080 3518 2121 3549 s.
2184 3499 2380 3562 Bade,
2431 3497 2776 3564 Christoloyie.

300 3585 387 3645 IV,
423 3587 545 3635 294.
574 3576 624 3635 ἐ.
691 3585 817 3636 Laib
854 3591 900 3636 et
936 3585 1192 3648 Schwarz,
1230 3587 1403 3636 Biblia
1442 3587 1749 3652 Pauperum.
1787 3585 1911 3637 Zar.
1954 3589 2101 3636 1867.
2130 3604 2191 3650 p.
2229 3589 2305 3636 14.
2343 3604 2382 3636 s.

300 3750 726 3814 Tertulliani,
782 3753 902 3802 adit.
952 3753 1117 3802 Marc.
1165 3753 1261 3815 ΙΠ,
1316 3753 1360 3802 7.
1416 3769 1467 3818 p.
1508 3755 1624 3815 117,
1677 3756 1754 3802 16.
1811 3770 1861 3819 p.
1903 3755 2016 3804 130.
2055 3751 2145 3815 IV,
2186 3755 2268 3803 35.
2327 3771 2378 3820 p.
2417 3754 2534 3803 233.
2573 3767 2614 3804 s.
2653 3753 2774 3804 adv‘.

297 3837 559 3888 ‘Praxeam
610 3840 691 3889 16.
742 3856 793 3904 p.
844 3841 961 3889 268.
1008 3853 1050 3889 s.
1107 3838 1467 3890 Clementis
1518 3839 1852 3902 Alexand„
1903 3841 2092 3890 Strom.
2139 3842 2202 3902 V,
2251 3842 2301 3890 8.
2352 3849 2404 3905 p'.
2455 3841 2572 3890 671.
2623 3856 2664 3890 s.
2722 3841 2775 3891 S.

300 3925 679 3990 Augustini,
719 3926 783 3976 de
823 3941 967 3976 cons.
997 3942 1194 3992 evang.
1232 3927 1273 3988 I,
1316 3929 1395 3975 11.
1434 3929 1483 3988 ξ.
1525 3929 1603 3976 17.
1642 3944 1694 3992 p.
1732 3930 1848 3977 671.
1911 3928 1963 3976 S.
2001 3927 2415 3991 Hieronymi,
2467 3941 2548 3992 ep.
2587 3930 2668 3977 53.
2707 3928 2777 3977 ad

298 4011 577 4062 Paulinum
611 4030 665 4078 p.
698 4014 817 4062 271.
868 4009 1089 4062 Missum
1126 4013 1351 4064 facimus
1390 4013 1691 4080 origenem,
1729 4015 1835 4079 qui,
1875 4014 2018 4080 quod
2062 4015 2119 4063 in
2153 4013 2366 4063 Divinis
2403 4014 2775 4064 voluminibus

298 4099 661 4162 edisserendis,
697 4099 1042 4164 pessumdato
1068 4115 1453 4166 nonnunquam
1488 4100 1575 4150 vel
1612 4100 1858 4166 neglecto
1894 4095 2230 4151 historiarum
2257 4113 2435 4162 sensu,
2473 4099 2775 4166 allegoricis

302 4187 715 4252 expositionibus
769 4188 845 4236 rei
893 4189 1171 4236 veritatem
1226 4189 1382 4236 nimis
1432 4187 1765 4252 oblimasset3
1821 4186 2106 4237 multorum
2154 4186 2574 4237 insimulationes
2623 4188 2774 4236 vivus

298 4273 585 4338 vidensque
624 4285 786 4338 saepe
814 4279 1062 4340 expertus
1088 4279 1183 4324 est.
1235 4274 1490 4324 Addimus
1521 4273 1878 4338 pulcherrima
1915 4274 1968 4324 S.
1995 4274 2261 4323 Paulini
2297 4274 2417 4324 Nol.
2444 4288 2527 4338 ep.
2551 4274 2772 4336 XXXII,

298 4362 345 4409 ὅ.
380 4377 430 4426 p.
468 4363 585 4411 333.
636 4361 706 4409 ad
742 4361 921 4410 Sever.
960 4362 1155 4412 verbat
1206 4361 1374 4422 „Aula
1411 4360 1608 4426 duplex
1644 4362 1800 4410 tectis
1838 4367 1898 4410 ut
1931 4357 2182 4410 Ecclesia
2222 4361 2604 4424 Testamentis;
2651 4360 2776 4410 Una

299 4447 390 4496 sed
434 4447 691 4498 ambobus
730 4449 903 4512 gratia
950 4448 1109 4497 fontis
1148 4448 1318 4498 adest.
1390 4449 1507 4497 Lex
1552 4448 1787 4513 Antiqua
1832 4449 2038 4498 Novam
2085 4445 2280 4509 firmat,
2329 4447 2576 4508 Veterem
2622 4447 2774 4496 Nova

297 4534 548 4600 complet3
596 4534 660 4583 In
695 4534 879 4584 Veteri
924 4549 1047 4600 spes
1092 4539 1198 4597 est,
1244 4537 1302 4584 in
1346 4536 1597 4584 Novitate
1641 4533 1790 4584 fides.
1853 4535 1959 4584 Sed
1993 4535 2160 4584 Vetus
2203 4538 2366 4599 atque
2403 4529 2618 4584 Novum
2649 4549 2773 4584 con·

300 4621 463 4688 iungit
498 4623 668 4687 gratia
706 4621 948 4671 Christi.“
