3309 5300
1198 404 1335 455 Leges
1362 404 1519 455 explic.
1548 406 1593 445 S.
1624 404 1886 457 scripturae.
2661 394 2785 459 277

504 581 594 630 De
628 580 845 647 linguae
879 580 1163 631 Hebraeae
1197 586 1391 631 natura
1426 585 1480 630 et
1513 582 1737 643 ratione,
1774 587 1986 646 praeter
2011 580 2412 645 Grammaticos,
2449 584 2558 648 legi
2585 599 2788 633 meren-

296 672 410 717 tur:
465 668 531 717 V.
568 669 635 717 E.
685 668 732 716 L
749 668 1023 731 becher,
1080 667 1147 717 de
1198 669 1376 717 causis
1424 667 1639 733 linguae
1693 667 1958 739 hebraeae
2011 669 2133 719 libri
2182 669 2277 719 III.
2334 670 2582 719 Francof.
2636 672 2786 720 1706.

297 755 349 806 J.
388 753 701 817 Simonis,
737 755 1069 805 Introductio
1106 756 1663 820 grammatico-critica
1697 757 1752 804 in
1788 755 2024 820 linguam
2061 756 2364 806 hebraeam.
2401 757 2594 824 Halae.
2635 759 2786 806 1753.

299 840 361 890 G.
398 842 463 890 F.
502 842 735 905 Hezel,
774 841 1091 891 Geschichte
1130 842 1223 891 der
1258 841 1404 891 hebr.
1444 842 1680 907 Sprache
1716 858 1768 891 u.
1805 842 1968 892 Liter.
2007 844 2078 891 ib.
2120 845 2269 893 1776.
2333 843 2396 893 G.
2435 843 2785 906 GeseniuS,

296 928 374 977 kr-
416 927 613 978 Gesch.
652 928 746 978 der
780 928 927 978 hebr.
968 928 1217 993 Sprache.
1256 930 1403 993 Lips.
1433 930 1582 979 1815.
1631 929 1694 977 Α.
1732 929 1828 978 Th.
1867 929 2093 979 Hartm
2107 944 2258 993 ann,
2296 931 2422 995 ling.
2461 930 2601 979 Einl.
2640 932 2697 980 in
2735 931 2785 979 d.

297 1013 547 1063 Studium
584 1015 677 1066 der
711 1015 925 1065 Biicher
962 1015 1013 1064 d.
1051 1015 1113 1064 A.
1153 1016 1214 1064 Τ.
1260 1015 1434 1064 Brem.
1476 1016 1626 1064 1818.
1690 1014 1742 1064 S.
1779 1016 1844 1064 E.
1881 1015 2115 1081 Blogg,
2165 1016 2358 1067 Gesch.
2395 1017 2444 1066 d.
2482 1018 2628 1067 hebr.
2669 1017 2784 1083 Spr.

294 1116 346 1150 u.
372 1101 542 1151 Liter.
566 1101 747 1151 Hann.
774 1101 855 1151 ed.
882 1103 929 1150 2.
960 1102 1109 1151 1826.
1158 1102 1227 1150 Εἰ
1257 1100 1571 1150 Aedificium
1608 1100 1924 1151 Salomoni&
1951 1102 2021 1151 ib.
2053 1090 2202 1153 1832‘.
2239 1105 2372 1169 'ww'
2393 1105 2518 1166 netz),
2554 1105 2782 1169 Isagoge

292 1190 349 1237 in
402 1189 805 1253 grammaticam
856 1193 910 1237 et
962 1187 1410 1253 Lexiographiam
1462 1187 1680 1252 linguae
1728 1188 2014 1251 hebraicae
2065 1194 2204 1239 auct.
2267 1190 2354 1239 Fr.
2402 1190 2451 1238 D
2469 1190 2784 1240 elitzsch.

295 1274 517 1324 Grimm.
560 1275 709 1323 1838.
766 1275 829 1323 L.
866 1276 931 1323 E.
968 1275 1377 1336 Havernick,
1414 1274 1484 1323 H.
1522 1274 1571 1323 d.
1609 1274 1662 1323 h.
1699 1275 1752 1323 k.
1792 1275 1932 1324 Einl.
1971 1276 2010 1324 Ι.
2050 1278 2133 1324 91.
2171 1291 2212 1325 s.
2273 1278 2446 1340 Keil,
2496 1278 2692 1328 Lehrb.
2733 1278 2782 1327 d.

294 1360 345 1410 h.
372 1362 456 1410 kr.
482 1361 627 1411 Einl.
658 1361 738 1411 ed.
762 1361 832 1409 11.
858 1361 1051 1410 Franc.
1082 1363 1230 1411 1859.
1269 1378 1320 1425 p.
1348 1362 1429 1409 28.
1458 1376 1498 1410 s.
1548 1361 1902 1423 Bertheau,
1939 1364 1996 1410 in
2032 1363 2274 1427 Herzogs
2311 1363 2372 1411 R.
2399 1364 2465 1412 E.
2503 1364 2567 1425 V,
2595 1366 2712 1414 608.
2741 1381 2782 1413 s.

292 1447 533 1509 Bleek,
559 1448 702 1497 Einl.
728 1450 785 1497 in
810 1448 859 1497 d.
885 1447 947 1497 A.
974 1449 1035 1497 T.
1062 1448 1142 1497 ed.
1169 1449 1239 1497 ΙΙ.
1264 1447 1405 1497 Berl.
1430 1448 1578 1497 1865.
1605 1463 1657 1512 p.
1682 1448 1762 1496 71.
1784 1463 1824 1496 s.
1861 1448 1950 1497 Fr.
1975 1449 2312 1510 Bottcher,
2341 1449 2536 1499 Lehrb.
2565 1448 2612 1499 d.
2633 1450 2782 1500 hebr.

293 1534 413 1599 Spr.
440 1535 629 1601 Leipz.
658 1536 807 1584 1866.
833 1534 1075 1584 Eandem
1110 1534 1405 1584 illustrant:
1443 1534 1541 1583 Th.
1565 1533 1628 1583 F.
1656 1532 1920 1599 Stange,
1957 1534 2208 1600 Beitrage
2246 1552 2339 1585 zur
2374 1535 2522 1585 hebr.
2549 1536 2780 1585 Gramm.

292 1621 421 1670 Hal.
451 1624 606 1671 1820.
654 1620 717 1670 G.
742 1621 803 1670 B.
832 1621 1088 1683 Winer‚
1126 1626 1177 1671 ii.
1205 1620 1255 1669 d.
1282 1620 1503 1669 Armuth
1540 1620 1588 1669 d.
1626 1619 1775 1669 hebr.
1812 1620 1928 1685 Spr.
1966 1621 2113 1685 Lips.
2142 1623 2292 1671 1820.
2341 1622 2425 1671 Ei.
2453 1623 2538 1671 ob.
2561 1622 2608 1671 d.
2635 1624 2781 1672 hebr.

294 1708 414 1773 Spr.
452 1708 617 1758 leicht
652 1724 721 1757 zu
757 1724 972 1758 nennen
1006 1710 1100 1758 sei.
1132 1709 1201 1758 ib.
1232 1710 1383 1757 1823.
1420 1708 1488 1756 Η.
1514 1707 1658 1772 Hup
1671 1707 1832 1770 feld,
1872 1708 1937 1757 de
1965 1708 2328 1759 emendandae
2353 1709 2782 1775 lexicographiae

292 1796 585 1845 hebraicae
624 1797 845 1845 ratione.
882 1796 1050 1844 Marb.
1079 1797 1230 1845 1827.
1267 1796 1351 1843 Εἰ.
1378 1795 1443 1843 de
1480 1796 1558 1843 rei
1594 1796 1972 1858 grammaticae
2009 1796 2154 1860 apud
2181 1796 2420 1846 Judaeos
2455 1798 2618 1847 initiis
2651 1800 2782 1847 anti-

290 1883 673 1947 quissimisque
710 1883 1055 1947 scriptoribus
1091 1881 1216 1931 Hal.
1245 1883 1396 1931 1846.
1443 1881 1561 1930 Hoc
1596 1888 1962 1944 argumentum
1989 1882 2217 1947 denique
2256 1883 2380 1932 olim
2418 1884 2781 1947 copiosissime

289 1970 548 2019 tractavit
591 1970 654 2018 B.
679 1969 1051 2030 Waltonus,
1088 1970 1144 2016 in
1172 1967 1445 2033 prolegom
1472 1965 1609 2015 Bibl.
1635 1966 1915 2032 polyglott.
1955 1968 2036 2017 ed.
2066 1967 2318 2019 Cantabr.
2347 1971 2496 2019 1828.
2522 1970 2564 2032 Ι,
2596 1972 2710 2019 101.
2737 1986 2780 2019 s.

468 2266 529 2343 ξ.
583 2265 725 2329 120.
787 2261 1233 2345 Praecipua
1276 2260 1553 2324 literas
1598 2259 2011 2324 Hebraeas
2060 2260 2606 2345 cognoscendi

1044 2370 1407 2437 subsidia
1453 2384 2031 2438 enumerantur.

506 2593 773 2658 Sequitur,
810 2596 871 2640 ut
892 2593 1079 2658 paucis
1105 2592 1225 2657 ipsa
1249 2590 1488 2641 subsidia
1517 2606 1905 2654 recenseamuS,
1947 2607 2084 2657 quae
2109 2592 2178 2641 ad
2202 2592 2574 2658 intelligendas
2601 2593 2781 2643 literas

288 2681 570 2730 Hebraeas
595 2681 815 2729 faciunt.
855 2679 1070 2741 Omnes,
1104 2681 1194 2744 qui
1222 2679 1307 2728 vel
1330 2694 1364 2728 a
1386 2678 1567 2728 limine
1593 2695 1645 2728 u.
1675 2679 1725 2728 d.
1754 2679 1804 2728 S.
1835 2678 2083 2729 Codicem
2107 2679 2315 2728 Veteris
2339 2679 2596 2729 Foederis
2625 2683 2775 2746 origi-

290 2769 504 2816 narium
530 2766 847 2828 salutavere,
873 2767 929 2814 in
955 2771 1223 2829 comperto
1250 2765 1463 2828 habent,
1492 2771 1750 2830 quantum
1770 2767 1818 2814 ei
1848 2766 1981 2814 lucis
2008 2765 2261 2830 affulgeat
2285 2783 2349 2816 ex
2367 2766 2574 2815 illarum
2602 2769 2780 2832 cogni-

292 2856 437 2903 tione
464 2853 783 2918 linguarum,
808 2868 939 2916 quas
964 2857 1221 2917 tanquam
1256 2851 1439 2902 filias
1466 2867 1693 2917 magnae
1717 2853 1905 2902 Matris
1933 2852 2232 2913 Semiticae‚
2260 2853 2517 2917 singulari
2535 2855 2779 2904 Numinis

294 2940 636 3006 providentia
672 2944 910 2989 servatas
948 2939 1223 2988 habemus.
1275 2937 1409 2988 Sunt
1444 2955 1635 3004 nempe
1673 2938 1775 2988 hae
1812 2955 1853 2988 s.
1882 2939 1930 2987 d.
1959 2939 2234 2988 dialecti
2275 2939 2636 2989 orientales
2671 2943 2705 2990 i.
2734 2958 2778 2990 e.

292 3027 685 3088 Chaldaica,
738 3023 1014 3090 Syriaca
1062 3030 1115 3074 et
1148 3026 1460 3090 Arabica3
1514 3041 1736 3090 quarum
1776 3041 1875 3090 ope
1915 3030 2021 3074 tam
2058 3025 2256 3074 Judaei
2294 3040 2452 3089 quam
2493 3025 2781 3076 Christiani

291 3114 646 3163 hebraearum
695 3113 933 3162 radicum
979 3113 1321 3177 primigeniae
1371 3111 1790 3178 significationes
1837 3112 2169 3176 explicarunt
2215 3127 2504 3176 earumque
2540 3112 2644 3162 fide
2683 3129 2781 3163 sua

289 3203 493 3250 Lexica
517 3205 787 3250 exstruere
817 3215 925 3249 non
951 3199 1275 3249 dubitarunt.
1324 3200 1701 3248 Aramaeam
1742 3199 2041 3259 dialectum,
2082 3199 2326 3247 bifariam
2359 3198 2598 3261 divisam,
2628 3200 2773 3264 quod

291 3289 505 3337 attinet:
548 3287 681 3336 Cum
718 3302 827 3335 non
862 3286 1033 3335 solum
1068 3285 1263 3334 multae
1290 3284 1588 3335 anomaliae
1627 3301 1655 3334 e
1692 3285 1922 3350 lingua
1960 3284 2325 3336 Chaldaica
2361 3291 2645 3348 assumtae,
2685 3287 2780 3336 sed

290 3377 531 3439 integrae
560 3389 773 3438 quoque
797 3373 1081 3438 pericopae
1104 3401 1170 3408 —
1192 3371 1325 3422 Gen.
1352 3375 1435 3435 31,
1463 3374 1545 3421 47.
1582 3371 1694 3422 Jer.
1723 3374 1805 3434 10,
1837 3375 1914 3421 11.
1955 3374 2092 3421 Dan.
2121 3389 2162 3422 c.
2191 3375 2238 3434 2,
2267 3375 2366 3421 4-
2391 3389 2434 3422 c.
2467 3375 2512 3435 7,
2535 3376 2617 3422 28.
2657 3375 2776 3423 Esr.

290 3464 338 3523 4,
360 3463 517 3523 8-6,
540 3462 621 3509 18.
652 3461 698 3522 7,
722 3462 939 3509 12-26.
981 3459 1060 3509 Cf.
1087 3474 1134 3508 a.
1160 3477 1201 3508 r.
1228 3461 1293 3509 E.
1318 3459 1505 3521 Boehl,
1534 3460 1599 3509 de
1624 3459 1967 3508 Aramaismis
1993 3459 2142 3509 Libri
2167 3459 2447 3508 Koheleth.
2485 3459 2596 3508 Eri.
2628 3463 2778 3510 1860.

288 3565 340 3612 p.
367 3549 415 3597 5.
443 3575 514 3584 —
540 3547 815 3596 chaldaice
854 3548 1081 3612 scriptae
1106 3549 1162 3595 in
1187 3547 1361 3596 Textu
1385 3547 1449 3596 V.
1476 3548 1537 3596 Τ.
1563 3548 1924 3611 reperiantur3
1963 3545 2179 3610 linguae
2213 3545 2358 3594 illius
2386 3548 2616 3611 cognitio
2645 3546 2696 3596 S.
2726 3545 2778 3596 S.

292 3635 547 3684 studiosis
584 3648 842 3700 perquam
878 3633 1038 3696 utilis,
1075 3635 1180 3683 imo
1220 3634 1609 3700 expositoribus
1647 3632 1866 3683 eruditis
1891 3648 2094 3682 summe
2118 3635 2419 3682 necessaria
2445 3639 2540 3682 est.
2577 3633 2792 3688 Multae,

290 3723 453 3772 etiam
490 3721 701 3771 radices
736 3721 1058 3786 deperditae,
1098 3717 1220 3780 ἅπαξ
1253 3717 1495 3789 λεγόμενα
1522 3723 1832 3785 incertaque
1864 3718 2128 3770 vocabula
2161 3722 2218 3769 in
2244 3720 2473 3769 dialecto
2502 3720 2780 3770 chaldaica

290 3813 610 3874 supersunt,
648 3813 703 3858 et
739 3824 804 3857 ex
841 3823 906 3857 ea
938 3808 1192 3873 explicari
1228 3812 1467 3873 possunt.
1516 3809 1617 3856 Est
1650 3823 1862 3872 quoque
1901 3807 2168 3871 linguae
2207 3805 2523 3870 Syriacae
2561 3823 2690 3856 suus
2729 3811 2782 3856 et

290 3895 509 3960 quidem
546 3881 692 3945 haud
722 3895 1075 3961 negligendus
1112 3909 1256 3944 usus.
1311 3893 1589 3943 Dialectus
1628 3907 1934 3942 aramaea
1971 3892 2412 3942 occidentalis
2439 3923 2506 3929 —-
2530 3893 2598 3943 U.
2633 3911 2684 3942 v.
2710 3894 2778 3942 H.

289 3983 356 4034 N.
382 3983 445 4031 T.
484 3998 538 4048 p.
565 3985 682 4030 217.
722 3981 923 4032 Comm.
949 3999 1001 4046 p.
1029 3984 1145 4032 178.
1172 4009 1239 4017 --
1266 3980 1559 4030 vernacula
1595 3982 1795 4030 exstitit
1821 3980 2018 4030 Christi
2057 3979 2376 4045 Salvator-is,
2417 3982 2638 4045 eiusque
2664 3982 2780 4031 Vir-

291 4070 482 4134 gineae
519 4069 721 4128 Matris,
759 4067 1133 4134 Apostolorum
1174 4073 1225 4116 et
1260 4067 1670 4131 discipulorum3
1721 4067 1863 4116 unde
1899 4068 1953 4114 in
1993 4067 2178 4116 eadem
2215 4067 2568 4131 Evangelium
2608 4069 2776 4131 primo

289 4155 687 4221 promulgatum
726 4160 805 4204 est
841 4159 1000 4220 atque
1034 4157 1092 4203 in
1122 4155 1294 4218 ipsam
1325 4153 1377 4203 S.
1405 4153 1456 4203 S.
1485 4155 1549 4203 N.
1576 4155 1638 4203 F:
1680 4153 1978 4218 complures
2015 4169 2175 4202 voces
2213 4168 2494 4203 aramaeae
2531 4159 2778 4218 receptae

294 4248 433 4292 sunt.
458 4243 523 4291 V.
542 4243 613 4291 H.
632 4243 698 4291 N.
720 4242 781 4291 Τ.
804 4257 855 4306 p.
878 4243 995 4290 217.
1030 4241 1407 4290 Verumtamen
1432 4242 1593 4290 etiam
1616 4242 1674 4289 in
1699 4241 2132 4304 interpretatione
2151 4240 2214 4289 V.
2233 4239 2296 4288 F.
2336 4241 2588 4304 Syrorum
2615 4242 2778 4289 moni-

294 4335 474 4379 menta
499 4329 908 4395 explicationem
931 4328 1115 4377 Divini
1144 4327 1356 4378 Codicis
1383 4327 1654 4389 adiuvare,
1680 4319 1830 4377 nulla
1857 4326 2219 4391 disputatione
2245 4333 2381 4391 eget.
2430 4327 2618 4391 Neque
2643 4327 2775 4374 infe-

295 4417 488 4466 riorem
511 4417 689 4466 locum
715 4419 862 4464 tenet
885 4414 1196 4477 Arabica,
1224 4416 1421 4480 quippe
1444 4429 1581 4480 quae
1606 4413 1892 4463 hodiedum
1911 4428 2029 4475 usu,
2057 4418 2110 4462 et
2127 4415 2611 4478 antiquissimorum
2632 4415 2782 4462 iuxta

296 4517 359 4552 ac
380 4502 956 4568 praestantissimorum
984 4492 1165 4552 ‘omnis
1204 4503 1412 4566 generis
1448 4501 1704 4551 librorum
1742 4502 1898 4565 copia
1932 4502 2078 4564 viget
2113 4516 2177 4550 ac
2209 4500 2377 4549 floret.
2420 4499 2612 4549 Nullus
2650 4514 2780 4549 sane

296 4590 615 4640 dubitationi
651 4589 867 4640 relictus
906 4593 987 4639 est
1020 4589 1197 4638 locus:
1234 4587 1518 4639 multarum
1554 4587 1904 4639 hebraearum
1943 4603 2135 4636 vocum
2158 4588 2280 4649 vim,
2322 4601 2449 4650 prae
2487 4587 2678 4637 ceteris
2715 4602 2780 4636 ex
