3309 5300
1146 428 1283 476 Super
1310 429 1475 468 ratione
1502 429 1666 469 Textus
1695 431 1742 470 A.
1775 432 1820 471 F.
1850 431 2016 472 critica.
2737 425 2820 487 99

326 594 465 644 bula
512 595 780 662 impressi3
836 599 888 648 b.
939 603 1050 649 tum
1096 604 1323 652 maxime
1377 602 1613 652 hebraici
1669 604 1900 654 habendi
1947 612 2084 669 sunt,
2143 609 2233 673 qui
2286 609 2463 658 multis
2518 609 2584 658 de
2633 612 2808 661 causis

328 684 525 733 ceteris
582 689 708 734 sunt
762 687 1008 737 rariores.
1083 689 1415 738 Paucissima
1464 692 1601 738 enim
1653 707 1719 740 ea
1765 698 1942 742 aetate
1996 695 2254 760 impressa
2299 701 2422 744 sunt
2471 697 2817 763 exemplaria3

326 785 555 834 quorum
592 773 826 820 maxima
862 774 1039 822 statim
1065 774 1317 840 undique,
1357 777 1424 826 ob
1452 775 1601 826 MSS.
1642 777 1896 827 Codicum
1943 781 2185 844 pretium,
2225 796 2258 831 a
2280 781 2504 832 Judaeis
2550 783 2696 832 facta
2734 790 2815 834 est

328 857 682 921 conquisiti03
720 861 982 909 maximus
1020 861 1219 925 ubique
1257 878 1385 911 usus
1420 878 1599 911 eorum
1635 863 1879 926 invaluit,
1918 867 1993 914 ita
2028 872 2087 915 ut
2123 867 2211 915 vix
2247 884 2408 916 unum
2448 873 2542 917 aut
2579 869 2817 933 alterurn,

323 943 571 1008 illudque
606 944 919 1011 plerumque
957 946 1219 1009 detritum,
1260 947 1327 996 ad
1353 964 1451 997 nos
1477 950 1793 1013 pervenerit.
1842 951 1904 999 In
1931 951 2115 1000 harum
2150 969 2307 1018 porro
2340 954 2628 1004 editionum
2667 971 2817 1021 prae-

325 1031 583 1080 stantiam
628 1032 770 1081 cedit
812 1048 857 1080 c.
895 1049 1003 1082 non
1039 1032 1197 1082 modo
1247 1033 1387 1098 quod
1438 1035 1542 1083 sint
1578 1036 1905 1100 rarissimae3
1955 1037 2050 1086 sed
2088 1040 2247 1087 etiam
2293 1040 2435 1104 quod
2479 1041 2819 1092 inveniantur

325 1118 637 1182 optimae.
694 1117 1135 1184 Splendidissima
1172 1125 1253 1169 est
1288 1135 1547 1185 papyrus3
1596 1121 1978 1186 elegantissimi
2020 1124 2331 1190 plerumque
2367 1127 2506 1191 typi3
2556 1132 2816 1177 atramen-

322 1209 439 1252 tum
474 1203 888 1267 lucidissimum,
941 1221 1098 1270 quam
1136 1205 1453 1270 elegantiam
1492 1212 1678 1272 auget,
1728 1210 1886 1258 etiam
1932 1225 2088 1274 quam
2124 1211 2352 1261 maxime
2393 1214 2815 1263 membranarum

324 1296 411 1340 est
444 1293 793 1356 praestantia,
830 1293 888 1340 in
926 1292 1118 1356 quibus
1155 1308 1318 1358 saepe
1357 1309 1585 1344 excusae
1623 1299 1763 1344 sunt.
1819 1295 1976 1344 Unde
2014 1311 2196 1345 omnes
2232 1297 2330 1345 viri
2369 1298 2556 1347 eruditi
2595 1315 2815 1349 eonsen-

320 1379 493 1427 tiunt:
531 1379 1046 1443 antiquissimas
1091 1379 1425 1430 editiones
1463 1380 1634 1444 quod
1671 1380 1748 1429 ad
1792 1397 1973 1431 usum
2013 1383 2228 1447 magni
2266 1383 2608 1435 faciendas
2647 1401 2814 1448 esse,

320 1466 451 1514 imo
487 1466 961 1531 manuscriptis
998 1465 1342 1515 codicibus
1379 1468 1937 1532 aequiparandas3
1976 1484 2201 1532 quorum
2225 1471 2395 1519 vicem
2422 1486 2530 1520 non
2556 1473 2813 1522 immerito

322 1551 579 1617 supplere
614 1553 838 1617 possint.
898 1552 1089 1617 Itaque
1124 1553 1383 1602 latissime
1420 1557 1569 1618 patet
1604 1553 1791 1602 harum
1829 1556 2304 1605 vetustissimarum
2340 1556 2628 1606 editionum
2667 1573 2812 1620 usus,

322 1641 517 1688 sivein
542 1639 887 1689 restituendis
924 1639 1212 1700 nonnullis,
1253 1655 1391 1704 quae
1426 1639 1796 1689 desiderantur
1832 1641 2205 1705 commatibus3
2244 1643 2357 1691 sive
2393 1643 2449 1690 in
2486 1644 2814 1709 corrigendis

320 1726 558 1790 mendis3
597 1727 711 1776 sive
750 1725 957 1774 demum
996 1725 1050 1773 in
1090 1724 1493 1790 suppeditandis
1530 1725 1763 1775 melioris
1802 1729 1960 1776 notae
1995 1727 2330 1776 lectionibus.

531 1811 882 1877 Locupletior
910 1811 1305 1875 Bombergiana
1330 1811 1491 1861 editio
1518 1811 1740 1877 vulgata
1774 1813 1874 1861 fuit
1898 1828 1945 1862 a.
1977 1815 2144 1876 1549„
2185 1814 2392 1863 collatis
2419 1814 2596 1880 quoad
2619 1816 2810 1865 Penta-

320 1898 575 1947 teuchum
603 1898 786 1948 decem
814 1904 867 1947 et
890 1897 1118 1963 amplius
1143 1913 1265 1947 mss.
1298 1897 1571 1947 codicibus
1608 1912 1643 1946 a
1666 1899 1729 1947 R.
1753 1898 2142 1948 Menachem
2179 1900 2253 1949 de
2288 1901 2618 1950 Lonzano.
2660 1901 2812 1950 Haec

321 1989 501 2034 autem
539 1985 750 2034 Veneta
780 1983 975 2045 Biblia,
1014 1999 1133 2032 cum
1159 1989 1212 2032 et
1236 1985 1415 2049 magni
1439 1985 1639 2048 passim
1668 1989 1987 2047 constarent,
2026 2002 2126 2035 nec
2163 1987 2272 2036 suis
2311 1992 2553 2036 carerent
2588 1987 2812 2050 mendis,

321 2071 607 2120 emendata
662 2070 827 2120 edidit
875 2071 926 2120 J.
963 2070 1099 2118 Bux
1114 2071 1251 2119 torf
1298 2074 1465 2135 pater,
1524 2071 1773 2120 Basileae
1817 2073 1874 2120 in
1922 2072 2012 2121 fol.
2053 2074 2206 2122 1611.
2255 2078 2308 2121 et
2359 2075 2508 2123 1618.
2572 2072 2812 2122 Celebris

320 2173 541 2222 quoque
567 2162 649 2207 est
672 2156 1071 2207 Pentateuchus
1108 2155 1462 2205 Ferrariae
1488 2185 1553 2192 —
1579 2158 1712 2206 urbe
1750 2158 1805 2205 in
1833 2172 1940 2222 qua
1974 2158 2304 2208 Judaeorum
2331 2159 2488 2223 copia
2513 2159 2810 2208 academia-

318 2259 437 2292 rum
474 2243 776 2308 splendore,
816 2243 1197 2307 doctorumque
1221 2242 1365 2292 fama
1390 2258 1507 2291 cum
1536 2244 1726 2292 ceteris
1766 2244 2170 2309 quibuscunque
2201 2244 2573 2294 contendebat.
2600 2273 2666 2281 —
2693 2261 2810 2294 eum

318 2331 561 2395 quinque
584 2329 862 2394 Megilloth
902 2335 954 2378 et
986 2345 1104 2378 cum
1131 2328 1470 2394 Haphtaroth
1508 2329 1651 2393 apud
1687 2329 2118 2378 Abrahamum
2156 2330 2379 2396 Usque
2417 2345 2464 2380 a.
2491 2347 2542 2396 p.
2572 2330 2630 2380 O.
2661 2333 2810 2381 1555.

316 2417 461 2480 typis
499 2418 811 2482 exscriptus.
852 2417 936 2464 De
971 2415 1073 2464 hac
1110 2415 1428 2465 nitidissima
1465 2420 1517 2464 et
1550 2429 1772 2480 perrara
1808 2415 2039 2465 editione
2077 2417 2313 2482 disputat
2348 2416 2398 2466 J.
2432 2417 2494 2466 B.
2529 2417 2595 2466 de
2631 2419 2804 2479 Rossi‚

318 2502 389 2551 de
426 2503 807 2568 Typographia
839 2500 1449 2551 Hebraeo-Ferrariensi
1485 2507 1762 2551 comment.
1803 2501 1922 2552 hist.
1960 2518 2005 2551 c.
2045 2505 2094 2550 4.
2134 2502 2215 2552 ed.
2241 2503 2351 2552 Erl.
2389 2505 2538 2553 1781.
2577 2520 2628 2565 p.
2655 2506 2738 2552 52.
2765 2520 2806 2553 s.

312 2589 624 2655 Imperante
650 2589 983 2655 Vespasiano
1012 2587 1271 2653 Gonzaga
1299 2588 1593 2637 Colonna
1629 2603 1678 2637 a.
1708 2589 1856 2637 1551.
1883 2589 2224 2655 primordium
2257 2591 2398 2655 cepit
2422 2589 2802 2656 Typographia

311 2676 575 2727 hebraica
613 2675 1147 2735 Sabionetensis‚
1189 2690 1327 2740 quae
1362 2675 1604 2740 vulgavit
1635 2675 2123 2739 splendidissimum
2149 2677 2574 2727 Pentateuchum
2599 2677 2807 2727 hebrai-

312 2779 443 2812 cum
468 2767 522 2813 et
546 2762 883 2812 chaldaicum
908 2778 1027 2811 cum
1054 2763 1289 2827 quinque
1313 2761 1593 2826 Megilloth
1617 2777 1719 2810 nec
1755 2777 1862 2811 non
1889 2777 2007 2811 cum
2032 2763 2388 2828 Haphtaroth.
2415 2778 2462 2812 a.
2489 2780 2540 2827 p.
2568 2764 2626 2813 C.
2655 2766 2806 2813 1557.

310 2850 482 2900 Istius
518 2849 911 2914 pulcherrimae
937 2853 991 2897 et
1016 2849 1435 2898 correctissimae
1473 2848 1720 2897 editionis
1750 2850 1991 2897 notitiam
2029 2848 2392 2914 suppeditabit
2427 2865 2609 2900 rursus
2647 2865 2807 2915 saepe

310 2936 571 2985 laudatus
618 2935 669 2984 J.
706 2936 767 2985 B.
808 2934 873 2983 de
909 2935 1092 2996 Bessi,
1143 2934 1365 2983 annales
1408 2934 1818 2999 Typographiae
1865 2934 2132 2983 Ebraicae
2182 2934 2597 2985 Sabionetensis.
2657 2936 2800 2985 Edit.

312 3023 483 3075 Boos.
518 3021 632 3071 Erl.
674 3023 825 3071 1793.
864 3038 914 3086 p.
953 3022 1036 3069 26.
1074 3037 1115 3070 s.

514 3108 824 3168 ,Praeterire
852 3121 1131 3172 possumus
1156 3105 1364 3171 reliqua
1390 3106 1568 3155 Biblia
1594 3106 1889 3168 rabbinica‚
1928 3108 2219 3171 paucisque
2247 3106 2585 3156 considerare
2611 3107 2745 3156 alias
2772 3121 2805 3156 a

314 3194 725 3244 Christianis
750 3212 784 3259 p
801 3198 1143 3243 rocuratas
1164 3194 1224 3241 V.
1239 3192 1301 3241 F.
1323 3192 1671 3242 editiones.
1697 3193 1763 3241 In
1781 3193 1862 3241 his
1884 3194 2118 3258 potiores
2139 3199 2285 3242 sunt:
2315 3193 2803 3255 Miinsteriana,

314 3296 460 3331 anno
502 3283 656 3331 1536.
706 3280 953 3330 Basileae
992 3294 1025 3329 a
1063 3278 1381 3329 Sebastiano
1418 3279 1660 3328 Miinster
1703 3279 1980 3340 adornata,
2029 3280 2116 3327 cui
2163 3279 2383 3329 latinam
2421 3294 2454 3328 a
2490 3294 2549 3328 se
2586 3282 2799 3329 concin-

310 3373 498 3417 natam
533 3369 708 3417 iunxit
742 3368 1057 3428 versionem,
1098 3370 1150 3415 et
1186 3367 1560 3415 annotationes
1599 3381 1628 3414 e
1665 3366 2032 3415 Rabbinorum
2077 3367 2466 3416 commentariis
2506 3372 2801 3431 excerptas.

310 3455 777 3516 plantiniana,
828 3468 965 3518 quae
1012 3468 1059 3507 a.
1100 3454 1250 3502 1566.
1303 3452 1701 3516 elegantissima
1746 3452 1945 3517 prodiit
1981 3452 2328 3518 Antverpiae‚
2379 3469 2444 3501 ex
2493 3451 2707 3501 officina
2744 3452 2802 3502 C.

312 3541 569 3602 Plautini,
611 3542 750 3589 inter
784 3540 955 3589 lineas
980 3539 1259 3588 hebraicas
1284 3539 1458 3588 versio
1486 3537 1653 3602 latina
1691 3538 1817 3587 San
1830 3539 1915 3588 tis
1951 3540 2259 3603 Pagnini,
2298 3540 2365 3588 ab
2393 3539 2521 3588 Aria
2542 3538 2799 3588 Montano

315 3628 583 3691 sociisque
623 3626 931 3689 emendata3
968 3626 1045 3675 ita
1079 3626 1281 3675 inserta
1316 3624 1526 3688 legitur,
1562 3629 1623 3672 ut
1661 3624 1882 3689 singulis
1918 3624 2182 3674 hebraicis
2208 3624 2377 3674 latina
2400 3625 2800 3689 responderent.

318 3714 573 3779 Sequitur
611 3713 1041 3778 Stephanica,
1080 3727 1113 3760 a
1136 3711 1369 3760 Roberto
1397 3709 1687 3775 Stephane,
1724 3710 1970 3760 Lutetiae
2013 3712 2336 3760 Parisiorum
2362 3726 2408 3760 a.
2439 3713 2800 3761 1539—1544.

312 3800 556 3865 pulchris
596 3800 809 3865 quidem
849 3799 1245 3848 characteribus
1272 3799 1545 3863 impressa,
1578 3797 1674 3846 sed
1700 3797 1902 3847 mendis
1939 3802 2178 3861 scatens3
2213 3812 2351 3863 quae
2389 3804 2617 3862 quatuor
2653 3798 2801 3848 volu-

312 3889 513 3936 minum
552 3888 776 3936 nitorem
812 3887 1036 3951 turpiter
1074 3885 1308 3934 foedant.
1371 3882 1585 3932 Summo
1636 3883 1813 3933 studio
1860 3890 2147 3948 procurata
2191 3888 2271 3934 est
2319 3884 2477 3933 editio
2521 3884 2557 3933 J
2568 3885 2799 3950 osephi

310 3973 579 4034 Athiae,
620 3971 937 4037 typographi
974 3970 1116 4036 apud
1152 3969 1674 4020 Amstelodamenses
1710 3968 1907 4018 Judaei
1945 3985 1991 4018 a.
2032 3972 2208 4033 1661.;
2257 3971 2398 4019 notis
2447 3969 2711 4019 hebraicis
2749 3977 2802 4019 et

313 4059 656 4109 lemmatibus
699 4057 879 4107 latinis
927 4056 1198 4107 illustrata
1234 4072 1267 4105 a
1302 4056 1514 4106 Joanne
1550 4055 1856 4105 Lensden
1904 4055 2118 4120 linguae
2165 4061 2384 4105 sanctae
2421 4056 2477 4104 in
2512 4055 2802 4105 Academia

308 4146 667 4196 Ultraiectina
690 4145 1015 4195 Professore.
1068 4144 1247 4193 Prima
1273 4148 1355 4192 est
1379 4142 1557 4204 editio,
1594 4144 1649 4190 in
1684 4156 1793 4206 qua
1817 4141 2013 4207 singuli
2047 4158 2279 4192 versus
2316 4144 2604 4191 numeris
2642 4144 2798 4191 certis

308 4237 435 4282 sunt
461 4232 714 4281 distincti.
764 4231 997 4280 Exhibet
1020 4231 1246 4279 Textum
1271 4230 1580 4279 hebraicum
1608 4244 1730 4278 cum
1753 4228 1944 4277 Bibliis
1969 4229 2254 4293 Bombergi
2289 4233 2343 4277 et
2366 4228 2601 4277 Plautini
2637 4234 2796 4293 atque

308 4335 429 4368 cum
470 4318 682 4368 duobus
718 4332 841 4367 mss.
881 4317 1149 4366 collatum.
1200 4316 1504 4365 Secundum
1542 4315 1828 4364 editionem
1869 4317 2018 4364 1667.
2056 4314 2107 4363 J.
2144 4315 2336 4364 Athiae
2375 4314 2680 4380 divulgatus
2719 4322 2799 4365 est

305 4406 515 4455 Textus
540 4406 855 4469 originarius
880 4406 949 4453 ab
974 4403 1250 4453 Everardo
1287 4418 1413 4451 van
1450 4403 1560 4452 der
1594 4402 1861 4466 Hooght
1897 4402 2294 4451 accuratissime
2325 4402 2491 4462 1705.,
2530 4406 2589 4449 ut
2613 4417 2795 4450 omnes

306 4492 572 4541 editiones
610 4490 861 4555 reliquas,
901 4491 1207 4539 sinceritate
1244 4496 1299 4539 et
1334 4490 1665 4539 correctione
1703 4502 1802 4537 sua
1836 4489 1893 4535 in
1929 4486 2167 4552 plurimis
2208 4492 2440 4552 superet.
2499 4488 2638 4551 Typi
2674 4492 2798 4536 sunt

305 4578 594 4628 admodum
633 4577 880 4627 distincte
917 4583 970 4627 et
994 4576 1139 4626 clare
1182 4578 1333 4625 novis
1368 4576 1549 4625 formis
1588 4576 1787 4624 excusi.
1848 4574 1895 4623 A
1907 4573 1940 4621 d
1976 4573 2012 4622 h
2024 4588 2057 4621 a
2067 4589 2103 4621 n
2117 4589 2146 4621 c
2180 4573 2235 4621 H
2248 4589 2277 4622 o
2290 4588 2320 4621 o
2334 4590 2368 4639 g
2379 4572 2415 4621 h
2425 4574 2503 4621 tii
2540 4578 2562 4621 t
2572 4588 2648 4622 an
2661 4574 2694 4622 d
2706 4589 2734 4622 e
2745 4590 2793 4621 m

2419 4659 2482 4708 μ
