3309 5300
489 400 614 465 208
1192 414 1428 455 comment.
1460 410 1513 455 de
1541 412 1585 455 S.
1616 410 1774 465 Script.
1805 422 1898 464 cap.
1931 422 2016 456 sec.
2046 414 2176 455 tract.
2203 410 2260 454 11.

499 588 753 639 Versionis
788 587 1006 639 Latinae
1037 588 1581 653 Antehieronymianae
1615 588 1988 653 Prophetarum
2025 588 2245 653 Hoseae‚
2283 587 2460 639 Amosi
2496 595 2542 639 et
2573 587 2774 639 Michae
2809 584 2986 638 Mar-b.

493 677 649 726 1856.
683 674 858 735 Joe‘lis,
882 674 1063 737 Jonae,
1090 674 1395 737 Ezechielis,
1416 674 1672 735 Danielis,
1708 676 1775 725 ib.
1805 677 1963 728 1858.
2003 692 2030 727 e
2053 674 2224 726 codice
2249 674 2500 727 Fuldensi
2521 692 2649 727 saec.
2688 675 2742 727 V.
2770 678 2849 712 —'
2867 675 2987 725 coll.

491 761 535 824 1,
573 763 659 812 30.
686 790 753 798 -—
778 761 881 811 luci
908 760 1143 826 publicae
1179 760 1433 813 donando,

698 846 933 897 Maoeima
967 864 1089 898 sane
1132 849 1477 898 aestimatione
1512 846 1672 913 diqna
1704 854 1818 897 sunt
1853 847 1977 898 haec
2016 850 2241 898 virorum
2289 847 2602 900 eruditorum
2651 865 2831 913 opera,
2879 855 2990 897 stu-

490 932 687 999 diisque
722 952 762 984 s.
804 934 1013 985 Teoetum
1050 932 1358 985 emendandi
1386 934 1666 997 plurimum
1708 933 1940 984 utilitatis
1974 934 2260 1000 afferentia,
2288 934 2523 999 feliciori
2555 951 2780 985 successu
2815 939 2994 985 tamen

493 1021 885 1073 adhiberentur.-
936 1022 983 1071 si
1036 1038 1207 1072 eorum
1254 1027 1480 1071 auctores
1526 1038 1629 1070 non
1682 1021 1992 1072 laborassent
2040 1021 2518 1086 praeiudicio„
2551 1038 2742 1072 unam
2787 1026 2994 1071 tantum

480 1109 653 1172 fuisse
700 1109 961 1172 antiquam
998 1108 1211 1157 latinam
1245 1109 1721 1172 interpretationem.
1782 1108 1948 1158 Italae
1983 1108 2350 1172 coynoscendae
2367 1146 2379 1169 ,
2423 1108 2591 1159 Italae
2629 1107 2992 1171 reperiendae,

492 1195 659 1245 Italae
695 1194 1038 1260 divulqandae
1074 1210 1267 1244 summo
1300 1194 1469 1244 studio
1503 1194 1865 1245 incumbebant.
1921 1194 2104 1244 Libros
2137 1194 2292 1261 iqitur
2333 1194 2650 1255 Tertulliani,
2685 1192 2994 1253 Novatiani,

494 1282 547 1331 d.
589 1280 860 1348 Cypriani,
908 1279 1192 1342 Lactantii,
1228 1279 1487 1343 Juvencii,
1541 1280 1690 1343 Julii,
1745 1280 1985 1342 Firmici,
2035 1280 2269 1344 Luciferi
2319 1280 2636 1344 Calaritani,
2692 1280 2746 1330 S.
2785 1278 2998 1330 Hilarii

496 1368 847 1430 Pictaviensis,
876 1365 928 1417 S.
956 1367 1173 1417 Zenonis
1205 1367 1517 1429 Veronensis,
1546 1366 1835 1416 Phoebadii
1858 1366 2187 1432 Aqennensis,
2226 1368 2466 1417 Victorini
2490 1366 2627 1431 Afri,
2652 1366 2704 1416 d.
2732 1365 3001 1417 Ambrosii

493 1462 642 1519 atque
690 1453 832 1504 illius
878 1451 1176 1518 Scriptoris,
1228 1470 1371 1518 quem
1424 1452 1849 1503 Ambrosiastrum
1889 1460 2099 1515 vocant,·
2143 1452 2195 1503 d.
2247 1454 2573 1520 Hieronymi,
2621 1470 2662 1503 s.
2699 1452 2996 1519 Auqustini,

494 1541 768 1591 Philastrii
802 1540 1107 1601 Brixiensis,
1142 1558 1183 1590 s.
1210 1540 1420 1589 Paulini
1443 1539 1652 1601 Nolani,
1691 1538 1938 1605 Hesychii
1962 1538 2270 1602 Salonitani,
2311 1540 2595 1591 Chromatii
2629 1540 2996 1605 Aquileiensis,

494 1627 655 1677 Pauli
688 1627 859 1681 Orosii
892 1626 1239 1691 aliorumque‚·
1280 1643 1493 1691 quorum
1528 1627 1610 1676 vel
1642 1626 1926 1692 cataloqum
1962 1633 2132 1677 texere
2166 1626 2317 1676 nimis
2352 1628 2552 1693 longum
2579 1626 2734 1691 soret,
2771 1626 2997 1677 sedulis·

493 1716 736 1765 simarum
771 1730 925 1778 apum
960 1713 1125 1763 instar
1151 1714 1500 1777 pervolarunt.
1552 1711 1885 1777 Quascunque
1920 1718 2084 1764 autem
2121 1713 2367 1777 reliquias
2402 1714 2568 1764 Italae
2603 1713 2703 1764 sibi
2735 1716 2996 1777 reperisse

494 1801 823 1863 videbantur,
878 1817 966 1851 eas
1018 1817 1185 1850 omnes
1231 1818 1334 1850 una
1382 1816 1491 1849 cum
1537 1802 1695 1849 caseis
1731 1799 2105 1866 fragminibus,
2159 1818 2285 1865 quas
2331 1802 2387 1850 in
2439 1800 2585 1851 libris
2639 1794 2887 1866 liturgicis
2943 1805 2997 1850 et

494 1887 747 1939 codicibus
792 1904 907 1937 mss.
957 1886 1277 1937 inveniebant
1312 1892 1702 1951 compararunt;
1749 1892 1796 1937 et
1833 1886 1908 1937 ita
1942 1886 2333 1938 concinnarunt.-
2381 1893 2432 1937 ut
2475 1890 2695 1952 primum
2743 1886 2998 1937 versionis

494 1973 735 2039 antiquae
770 1979 937 2024 textus
973 1972 1305 2036 exhiberetur,
1344 1971 1529 2022 deinde
1552 1975 1916 2037 annotationes,
1954 1990 2082 2038 quae
2111 1974 2182 2023 ad
2205 1990 2316 2025 eum
2344 1974 2708 2025 illustrandum
2730 1974 2993 2039 facerent,

494 2060 821 2112 adderentur.
875 2059 943 2111 At
978 2060 1231 2111 enimvero
1268 2058 1495 2110 dubitari
1526 2062 1617 2109 vim
1642 2066 1824 2124 potest,
1869 2068 2157 2111 accuratam
2203 2061 2459 2113 lectionem
2505 2062 2736 2113 Veterum
2771 2060 2954 2112 docere
2973 2078 2995 2110 .·

495 2148 811 2198 diversam
859 2146 1147 2197 diversos
1192 2146 1246 2197 S.
1286 2145 1343 2196 S,
1378 2146 1440 2196 P.
1491 2152 1545 2195 et
1583 2145 1637 2197 S.
1676 2146 1738 2196 Ε.
1789 2146 2164 2198 Divinarum
2213 2147 2548 2199 Librorum
2597 2152 2989 2213 interpreta-

494 2236 725 2286 tionem
751 2236 1033 2298 priscam
1070 2233 1363 2283 Latinam
1411 2235 1669 2300 leqisse,
1707 2252 1834 2298 quas
1868 2237 1924 2283 in
1945 2252 2100 2285 unam
2126 2252 2386 2301 congerere
2409 2236 2662 2287 nonlicet.
2713 2234 2767 2286 S.
2793 2236 2990 2285 Patres

504 2328 657 2387 atque
704 2321 985 2387 Scriptores
1033 2320 1390 2383 Ecclesiastici,
1429 2336 1639 2385 quorum
1675 2338 1702 2371 e
1737 2322 1936 2385 scriptis
1981 2338 2076 2371 sua
2097 2328 2330 2373 vetustae
2368 2322 2596 2384 „Italae“
2637 2322 2996 2386 compilatores

494 2410 813 2475 colleyerunt,
849 2424 972 2457 raro
1007 2407 1079 2457 ad
1112 2407 1390 2458 versionem
1427 2408 1614 2457 Italam
1639 2414 1983 2471 provocarunt
1997 2427 2016 2470 ‚·
2059 2414 2104 2457 et
2141 2426 2291 2473 quam
2327 2410 2381 2459 hi
2428 2408 2531 2459 viri
2564 2410 2751 2459 Italam
2786 2410 2993 2468 habent,

494 2511 647 2559 saepe
692 2494 1051 2561 coagmentatio
1096 2496 1361 2544 variarum
1410 2493 1593 2544 veteris
1640 2497 1756 2544 aevi
1802 2496 2088 2545 versionum
2135 2494 2355 2545 dicenda
2391 2502 2477 2546 est.
2539 2496 2824 2545 Pretio-sum
2871 2512 2996 2560 erqo

494 2582 628 2633 illud
664 2598 765 2643 aes,
804 2581 939 2646 quod
973 2580 1223 2647 imprimis
1248 2580 1481 2631 Sabatier
1518 2598 1582 2631 ex
1606 2580 1840 2631 thesauro
1878 2582 2106 2633 Veterum
2137 2581 2398 2646 produxit,
2436 2598 2546 2632 cum
2581 2583 2760 2633 melius
2781 2584 2994 2648 siquan-

496 2669 636 2732 dum,
685 2676 787 2720 tum
834 2669 1119 2736 auqendum
1156 2669 1268 2720 erit.
1330 2668 1489 2730 Quem
1523 2672 1579 2718 in
1606 2669 1765 2733 finem
1802 2668 1857 2720 S.
1894 2669 1956 2720 P.
2007 2675 2054 2720 et
2101 2669 2155 2720 S.
2195 2670 2256 2722 E.
2303 2670 2601 2720 Latinorum
2649 2687 2803 2735 opera
2845 2671 2998 2720 illius

497 2762 663 2807 aetate
696 2756 918 2807 nondum
953 2763 1091 2819 nota,
1138 2774 1271 2806 nunc
1304 2774 1422 2807 vero
1451 2759 1726 2821 praecipue
1761 2757 1934 2807 labore
1973 2756 2127 2807 Gard.
2180 2757 2314 2806 Maii
2344 2757 2574 2822 publicae
2601 2758 2719 2808 -luci
2761 2756 2995 2820 reddita,

496 2846 552 2894 in
598 2861 743 2894 usum
788 2860 969 2895 vocare
1017 2844 1279 2908 oportebit.
1340 2842 1401 2894 Si
1448 2860 1576 2908 quae
1624 2843 1815 2894 Veteris
1847 2843 2282 2906 interpretationis
2315 2845 2507 2895 latinae
2553 2862 2652 2894 non
2693 2843 2995 2912 emendatae

496 2931 751 2980 volumina
776 2931 829 2980 in
856 2930 963 2981 cod.
989 2948 1106 2980 mss.
1144 2929 1602 2995 deprehenduntur,
1641 2947 1792 2994 quam
1827 2929 2209 2996 diliyentissime
2244 2930 2548 2981 consulenda
2563 2931 2758 2996 forent.
2806 2931 2996 2995 Utique

498 3026 545 3068 et
569 3015 820 3078 Sabatier,
856 3018 904 3066 si
940 3017 1069 3069 inter
1091 3017 1231 3068 vivos
1255 3023 1395 3081 esset,
1433 3034 1495 3068 ea
1517 3019 1782 3068 recentiori
1815 3024 1978 3069 aetate
2012 3021 2068 3068 in
2091 3019 2248 3068 lucem
2275 3019 2488 3082 prolata
2525 3017 2752 3068 subsidia
2775 3016 3000 3068 maximi

500 3103 723 3167 fecisset.
785 3103 1010 3155 Plurimi
1047 3111 1213 3155 autem
1249 3120 1312 3156 ea>
1347 3105 1427 3155 his
1461 3103 1645 3155 studiis
1681 3105 1738 3155 in
1771 3104 2068 3169 disciplinas
2103 3121 2143 3155 s.
2179 3104 2470 3155 redundant
2505 3105 2730 3168 sructusi
2787 3104 2995 3154 Etenim

501 3207 543 3240 σι.
581 3190 811 3242 Versioni
844 3190 1386 3258 Antehieronymianae
1424 3190 1497 3241 ad
1528 3190 1868 3242 revocandum
1903 3198 2094 3242 textum
2128 3192 2459 3258 oriqinarium
2496 3191 2561 3242 N.
2595 3192 2650 3242 T.
2664 3208 2685 3253 ‚⁸
2718 3191 2817 3241 imo
2846 3189 2888 3257 β.
2918 3191 3000 3242 ad

509 3281 675 3342 ipsum
713 3277 879 3328 LXX.
930 3279 1159 3342 viralem,
1210 3279 1275 3328 ab
1324 3282 1756 3330 ammanuensium
1801 3296 1862 3330 ac
1909 3287 2185 3344 temporum
2221 3279 2554 3330 varietatibus
2587 3279 2994 3340 discernendum,

500 3371 547 3415 et
584 3364 750 3428 qualis
794 3365 860 3415 iis
898 3367 1113 3417 saeculis
1149 3365 1315 3430 suerit
1351 3365 1774 3432 cognoscendum5
1819 3365 1970 3418 valde
2005 3367 2238 3430 conferre
2274 3367 2546 3417 admittunt
2589 3383 2776 3428 omnes,
2821 3371 2999 3431 utpote

501 3469 630 3516 quae
667 3469 693 3502 e
728 3450 979 3502 codicibus
1004 3454 1243 3517 fluxerit,
1288 3470 1497 3518 quorum
1532 3454 1675 3520 oriqo
1711 3454 1776 3504 ab
1811 3460 1975 3504 aetate
2011 3471 2048 3504 s.
2087 3454 2150 3503 P.
2188 3455 2250 3504 P.
2295 3455 2678 3519 apostolicorum
2713 3471 2813 3504 non
2847 3455 3000 3519 lonqe

502 3539 673 3588 distat.
726 3538 871 3589 Unde
918 3540 1141 3605 sequitur
1187 3557 1390 3605 operam
1441 3541 1668 3602 illorum,
1723 3541 1813 3606 qui
1859 3541 2111 3592 eruendae
2169 3540 2401 3592 Versioni
2447 3539 3000 3605 Antehieronymianae

500 3625 807 3676 insudarunt
831 3627 1002 3692 magni
1025 3627 1343 3690 faciendam,
1379 3644 1689 3692 summopere
1725 3626 2042 3678 laudandam
2067 3634 2112 3678 et
2137 3627 2585 3678 commendandam
2617 3644 2736 3678 esse.
2789 3627 3000 3678 Accedit

503 3729 551 3780 γ.
596 3711 671 3761 ad
704 3728 879 3762 sensus
915 3713 969 3764 S.
1008 3713 1063 3764 S.
1109 3713 1326 3764 literatis
1353 3715 1728 3778 perceptionem
1774 3714 2079 3780 linquar-um,
2127 3717 2184 3763 in
2220 3732 2348 3779 quas
2395 3714 2777 3780 antiquissimae
2812 3714 3000 3776 factae

502 3805 617 3848 sunt
654 3798 723 3848 D.
765 3799 963 3850 Codicis
998 3802 1267 3863 versiones,
1304 3799 1702 3850 commoditatem
1735 3817 1836 3850 non
1871 3799 2121 3850 modicam
2154 3807 2438 3865 praestare.
2499 3800 2585 3850 Ad
2621 3801 2744 3851 haec
2778 3800 3001 3865 denique

506 3883 549 3934 ὃ.
590 3903 701 3934 cum
736 3885 1027 3950 definitione
1066 3886 1281 3937 C'oncilii
1309 3886 1601 3937 Tridentini
1628 3886 1871 3936 Latinam
1909 3885 1963 3937 S.
1991 3887 2274 3938 Bibliorum
2311 3887 2577 3938 editionem
2612 3887 3000 3950 comprobatam

503 3976 859 4036 acceperimus,
898 3973 1148 4038 quidquid
1183 3973 1373 4023 laboris
1409 3980 1454 4025 et
1491 3990 1673 4038 operae
1706 3977 1762 4024 in
1785 3975 1880 4024 illa
1907 3976 2242 4040 intelligenda
2268 3975 2492 4040 ponitur,
2531 3974 2816 4025 adiumenti
2851 3973 3004 4024 haud

500 4077 691 4124 parum
738 4059 925 4124 adfert.
988 4059 1151 4109 Locus
1196 4077 1298 4110 non
1345 4060 1577 4125 deficeret
1590 4098 1603 4123 ,
1650 4061 1699 4110 si
1744 4077 1910 4112 omnes
1968 4062 2283 4112 Vetustarum
2334 4062 2634 4112 Latinarum
2698 4062 3006 4112 Ver-sianum

504 4165 649 4210 usus,
700 4162 953 4197 recensere
1000 4146 1268 4208 vellemus,·
1316 4165 1341 4198 e
1388 4148 1565 4212 quibus
1612 4148 1810 4212 aliquos
1845 4147 1987 4198 dabit
2031 4149 2180 4198 etiam
2221 4148 2272 4199 J.
2310 4143 2382 4199 Η.
2420 4149 2705 4215 Reinlce-ns,
2755 4149 3007 4198 Hilarius

506 4249 601 4284 von
638 4233 872 4284 Poitiers.
912 4233 1143 4298 Schaffb.
1186 4236 1341 4284 1864.
1370 4252 1426 4298 p.
1465 4237 1586 4284 336.
1624 4252 1665 4284 s.
