3309 5300
553 405 677 471 192
1261 420 1495 460 comment.
1526 419 1579 460 de
1607 422 1649 460 S.
1675 418 1832 469 script.
1863 430 1958 470 cap.
1989 430 2074 459 sec.
2103 421 2232 460 tract.
2260 419 2314 459 11.

550 618 693 655 num
727 604 829 667 est,
882 599 1029 655 illud
1079 618 1217 655 sane
1264 618 1383 655 esse
1413 602 1691 673 putatur:
1725 600 1876 675 quod
1909 600 2415 673 interpretationis
2447 600 2712 657 arabicae
2760 599 2829 656 L.
2864 599 2933 656 L.
2969 598 3046 655 V.

550 708 653 759 aut
676 704 752 759 N.
772 703 837 759 T.
865 707 1000 759 ante
1020 702 1443 760 Mohammedis
1468 708 1729 778 tempora
1752 703 1938 760 factae
1961 702 2162 759 nullae
2185 704 2482 778 supersint
2508 703 2812 780 reliquiae.
2845 703 3052 760 Serius

550 808 786 864 tandem
826 807 1097 863 decimo
1127 808 1249 863 fere
1290 807 1579 864 saeculo
1616 808 1852 864 condita
1882 812 1968 863 est
1999 806 2427 883 antiquissima,
2463 826 2639 884 quam
2669 826 2830 864 nunc
2859 808 3049 863 habe·

550 930 680 967 mus
740 910 1049 967 translatio
1102 911 1159 967 S.
1216 910 1274 967 S.
1336 911 1403 967 in
1468 912 1848 968 Arabicam
1908 912 2190 983 linguam.
2254 912 2481 967 Deinde
2542 930 2682 969 vero
2734 917 3055 988 postquam

550 1016 1024 1072 Mohammedani
1078 1015 1201 1071 fere
1248 1034 1495 1085 omnem,
1545 1034 1694 1091 quae
1742 1014 2016 1071 Indicum
2048 1019 2106 1071 et
2139 1016 2506 1071 Atlanticum
2536 1034 2696 1072 mare
2726 1014 3050 1072 interiacet

550 1098 862 1193 regionem,
909 1119 1086 1175 armis
1122 1119 1500 1191 subegissent‚
1550 1118 1930 1203 arabicaeque
1969 1118 2148 1175 etiam
2185 1118 2419 1192 linguae
2461 1139 2631 1176 usum
2673 1139 2776 1193 per
2815 1120 3048 1187 Asiam,

552 1224 817 1281 Africam
866 1227 926 1278 et
970 1222 1036 1279 in
1085 1226 1300 1295 magna
1349 1222 1617 1297 Europae
1664 1229 1830 1297 parte
1877 1228 2320 1297 propagassent3
2370 1222 2575 1296 lingua
2621 1224 2853 1280 arabica
2894 1223 3051 1279 alias

551 1328 735 1385 ferme
765 1347 962 1383 omnes
1006 1327 1094 1383 ita
1134 1304 1370 1396 delerit,
1421 1330 1489 1383 ut
1528 1327 1766 1383 tandem
1797 1326 2116 1384 vernacula
2161 1327 2226 1382 iu
2260 1326 2460 1390 multis
2509 1327 2828 1401 provinciis
2869 1327 3050 1396 foret,

553 1433 655 1488 ubi
700 1432 843 1488 olim
887 1432 1123 1505 prorsus
1169 1433 1372 1503 ignota
1401 1430 1611 1487 fuerat.
1677 1430 1838 1491 Quae
1871 1450 2003 1487 cum
2049 1432 2136 1487 ita
2182 1432 2320 1499 sint,
2371 1450 2487 1488 non
2535 1431 2888 1488 mirabimur
2933 1450 3050 1506 per

554 1535 978 1611 amplissimum
1028 1534 1334 1608 regionum
1375 1534 1624 1591 istarum
1670 1535 2072 1604 intervallum,
2121 1534 2280 1591 haud
2328 1554 2533 1609 parum
2582 1536 2759 1591 fuisse
2805 1541 3056 1592 auctum

554 1660 865 1697 numerum
910 1620 1244 1697 versionum
1286 1620 1673 1696 arabicarum.
1731 1640 1782 1695 E
1813 1639 2025 1717 quibus
2056 1659 2203 1717 quae
2235 1641 2305 1697 ad
2337 1659 2546 1697 manus
2577 1646 2803 1698 nostras
2836 1659 3052 1715 perve-

556 1765 694 1801 nere
725 1764 823 1801 eae
854 1745 1043 1800 factae
1073 1749 1228 1814 sunt,
1266 1763 1397 1801 cum
1429 1764 1458 1799 e
1483 1744 1678 1801 Textu
1703 1745 1996 1801 Hebraico
2029 1749 2086 1801 et
2119 1744 2356 1813 Graeco,
2392 1749 2521 1801 tum
2553 1764 2626 1800 ex
2659 1746 2790 1801 aliis
2819 1721 3052 1802 versio-

555 1850 727 1906 nibus
759 1848 975 1918 LXX„
1011 1848 1273 1924 Syriaca,
1309 1848 1582 1922 Vulgata,
1618 1854 1678 1906 et
1708 1849 1962 1923 Coptica.

764 1953 839 2009 In
868 1953 1232 2009 recensendis
1262 1953 1850 2028 interpretationibus
1882 1952 2171 2023 ArabiciS,
2230 1953 2474 2010 initium
2504 1953 2784 2010 faciemus
2815 1954 2890 2009 ab
2920 1952 3051 2009 illis

556 2057 627 2113 V.
662 2056 747 2126 T„
797 2076 944 2134 quae
990 2077 1020 2112 e
1052 2055 1246 2113 Textu
1288 2058 1621 2129 Originario
1667 2056 1995 2113 fluxerunt.
2044 2057 2124 2113 Et
2164 2057 2472 2113 Versiones
2517 2058 2660 2114 istae
2699 2058 2937 2133 quidem
2973 2076 3051 2112 ex

554 2163 886 2218 recensione
933 2162 1317 2218 masorethica
1350 2163 1553 2219 ductae
1598 2166 1755 2217 sunt.
1813 2162 1982 2217 Inter
2019 2181 2114 2219 eas
2159 2163 2426 2236 princeps
2473 2166 2588 2217 est:
2637 2161 2827 2217 versio
2865 2180 3052 2237 quam

556 2265 804 2322 confecit
822 2265 893 2321 R.
916 2265 955 2320 S
969 2266 1095 2321 aad
1109 2266 1129 2321 i
1144 2285 1215 2322 as
1248 2266 1299 2321 Gr
1313 2285 1392 2322 ao
1406 2286 1445 2320 n
1466 2264 1503 2321 ¹.
1537 2265 1736 2321 Variis
1753 2267 1854 2322 abs
1877 2286 1936 2321 se
1956 2265 2128 2321 editis
2152 2266 2384 2341 scriptis
2401 2265 2668 2322 eruditus
2685 2266 2794 2321 iste
2809 2260 2834 2300 2
2858 2264 3051 2320 incla-

556 2369 704 2438 ruit;
739 2371 836 2425 sed
868 2369 1029 2426 nullo
1060 2370 1243 2443 magis
1280 2368 1627 2426 Versione
1660 2369 1984 2439 arabica,
2019 2388 2197 2445 quam
2225 2370 2463 2445 quidem
2495 2368 2673 2426 totius
2705 2368 3057 2443 Scripturae

556 2472 629 2528 V.
662 2474 728 2528 F.
764 2473 971 2530 Sacrae
1003 2473 1551 2549 interpretationem
1584 2473 1782 2537 fuisse,
1829 2477 2124 2531 testantur
2152 2474 2360 2529 Judaei
2386 2470 2427 2529 3.
2492 2472 2813 2529 Notissima
2850 2478 3060 2530 autem

558 2579 718 2633 omni
751 2597 893 2635 aevo
935 2578 1170 2635 exstitit
1213 2578 1513 2635 Saadiae
1562 2577 1873 2635 translatio
1919 2579 2239 2655 quinque
2285 2577 2671 2634 Librorum
2713 2574 3054 2654 Moysis4.

562 2681 729 2743 Quod
755 2683 828 2738 ad
853 2682 1101 2740 colorem
1126 2682 1431 2758 proprium
1452 2683 1841 2740 Pentateuchi
1865 2682 2154 2740 versionis
2179 2681 2498 2740 Saadianae
2522 2682 2758 2752 attinet,
2791 2681 3063 2756 plerum-

562 2805 674 2862 que
698 2806 733 2842 a
754 2785 950 2843 verbis
974 2791 1033 2842 et
1052 2787 1361 2861 phrasibus
1385 2786 1675 2843 hebraicis
1700 2787 1936 2856 recedit,
1965 2791 2024 2842 et
2053 2787 2450 2861 paraphras
2463 2791 2598 2843 tem
2621 2785 2850 2860 saepius
2876 2804 3066 2862 quam

562 2891 943 2964 interpretem
976 2889 1119 2962 agit.
1168 2890 1741 2967 Reperiturquoque
1772 2891 2045 2967 frequens
2077 2889 2202 2946 eius
2233 2909 2363 2946 cum
2389 2889 2701 2947 Chaldaico
2723 2890 3059 2964 interprete

561 3013 887 3064 consensus,
951 2994 1334 3051 hebraeorum
1365 2995 1682 3052 verborum
1714 2995 2137 3069 transscriptio,
2174 2994 2656 3072 arabicorumque
2688 2995 2761 3050 ad
2797 2995 3064 3051 hebraea

562 3099 750 3156 libera
779 3101 1246 3170 accommodatio,
1297 3119 1431 3156 usus
1461 3099 1881 3157 vocabulorum
1914 3101 2208 3156 rariorum
2239 3101 2667 3176 verborumque
2697 3100 3063 3156 constructio

934 3237 1005 3244 -ss

774 3299 810 3364 1)
848 3307 937 3362 pm
975 3295 1242 3346 excellens
1268 3301 1623 3362 nuncupatus.
1666 3297 1780 3357 „Ita
1804 3297 2073 3346 vocabant
2099 3294 2326 3345 Scholae
2353 3295 2590 3346 Soranae
2615 3299 2866 3356 rectoreS,
2909 3309 3060 3358 quae

563 3384 1003 3448 babylonicarum
1053 3384 1343 3448 praecipua
1393 3389 1522 3444 eram,
1572 3383 1991 3446 adiunctumque
2030 3381 2186 3430 simul
2222 3381 2459 3430 habebat
2507 3382 2864 3446 principatum
2899 3381 3062 3429 illum

563 3472 959 3536 imaginarium3
1014 3485 1147 3534 quos
1196 3471 1435 3519 Hebraei
1470 3469 1680 3518 Rasche
1719 3469 1950 3519 Galouth
2009 3467 2406 3534 appellabant.“
2447 3466 2804 3528 Renaldotus,
2851 3467 2886 3516 l.
2927 3484 2970 3516 s.
3011 3483 3064 3515 c.

563 3576 612 3623 p.
635 3561 757 3611 515.
794 3558 1192 3622 Nonnunquam
1220 3558 1378 3606 etiam
1416 3572 1449 3606 a
1472 3558 1647 3620 patria
1681 3563 1884 3618 ''own-7,
1925 3555 2280 3605 Phitomensis
2316 3555 2489 3604 dictus
2528 3558 2635 3617 est3
2671 3557 2858 3618 utpote
2894 3558 3064 3602 natus

560 3647 615 3694 in
648 3646 862 3694 civitate
888 3643 1129 3692 Phaium.
1159 3642 1299 3691 Olim
1325 3643 1551 3704 Phitom‚
1590 3643 1655 3692 de
1694 3659 1800 3708 qua
1822 3659 1873 3692 v.
1898 3641 2199 3692 Abulfedae
2236 3641 2482 3705 descript.
2531 3640 2762 3706 Aegypti
2798 3641 2880 3689 ed.
2905 3640 2962 3688 J.
2988 3640 3064 3688 D.

562 3731 855 3780 Michaelis.
913 3729 1181 3794 Goetting.
1232 3732 1381 3779 1776.
1430 3734 1464 3778 t.
1512 3747 1564 3794 p.
1606 3732 1687 3779 10.
1726 3732 1808 3783 27.
1855 3733 1962 3779 not.
2013 3745 2064 3794 p.
2104 3729 2187 3777 54.
2227 3745 2269 3777 s.
2324 3730 2439 3776 111.
2479 3744 2519 3778 s.
2577 3728 2646 3777 H.
2683 3727 2744 3779 R.
2782 3727 2850 3775 D.
2887 3727 2956 3774 V.
2996 3727 3064 3775 T.

562 3835 611 3881 p.
652 3819 734 3866 90.
774 3834 813 3867 s.
893 3816 933 3880 2)
988 3815 1069 3865 Cf.
1116 3816 1279 3877 Wolf,
1316 3815 1456 3864 Bibl.
1496 3815 1662 3865 Hebr.
1699 3816 1742 3877 1,
1781 3817 1897 3864 932.
1972 3816 2012 3879 3)
2059 3815 2123 3864 R.
2162 3814 2420 3863 Petachia
2464 3815 2520 3862 in
2553 3803 2698 3881 Ε’ξῆυζῐ
2731 3821 2854 3874 2739,
2899 3814 3067 3862 itine-

564 3913 701 3962 rario
738 3911 936 3974 mundi,
977 3911 1120 3976 quod
1160 3911 1324 3960 edidit
1360 3911 1686 3975 WagenseH,
1726 3913 1936 3959 exercit.
1977 3925 2070 3960 sex
2107 3911 2245 3959 varii
2280 3924 2391 3974 arg.
2428 3907 2636 3958 Altorfii
2676 3910 2826 3957 1697.
2853 3925 2904 3972 p.
2937 3910 3066 3956 178.

563 4001 783 4048 Praeter
830 3999 1149 4047 vetustiores
1196 3997 1463 4062 'quosdam
1510 4013 1556 4046 e.
1596 4014 1643 4061 g.
1694 3998 1982 4061 Erpenium
2035 4001 2089 4045 et
2135 3996 2490 4059 Pocockium3
2544 3994 2685 4044 hanc
2733 3995 3068 4044 sententiam

566 4085 663 4145 „de
701 4086 962 4134 universis
997 4085 1269 4133 conversis
1296 4099 1331 4132 a
1356 4082 1557 4133 Saadia
1580 4083 1768 4132 Bibliis
1795 4081 1848 4132 S.
1875 4084 1938 4130 V.
1962 4083 2056 4130 F.“
2099 4082 2422 4132 defendunt}
2460 4083 2524 4132 L.
2551 4081 2756 4142 Dukes‚
2792 4081 3066 4129 literatur.

562 4172 680 4221 hist.
706 4171 1117 4235 Mittheilungen
1143 4176 1195 4220 fi.
1223 4171 1272 4219 d.
1298 4171 1391 4219 alt.
1418 4170 1565 4220 hebr.
1592 4171 1884 4234 Exegeten.
1913 4169 2104 4233 Stuttg.
2134 4171 2284 4218 1844.
2311 4186 2362 4232 p.
2383 4170 2467 4218 44.
2487 4185 2528 4218 s.
2557 4170 2638 4218 73.
2666 4183 2706 4216 S.
2744 4168 3068 4230 Haneberg‚

562 4259 650 4308 iib.
701 4258 785 4307 die
834 4258 981 4306 arab.
1032 4258 1463 4307 Psalmeniibers.
1503 4257 1552 4305 d.
1602 4257 1666 4305 R..
1705 4255 1902 4304 Saadia
1939 4256 2109 4316 Gaon,
2157 4256 2214 4304 in
2263 4254 2530 4303 Abhandl.
2575 4254 2664 4318 ph.
2715 4254 2802 4318 ph.
2843 4252 2924 4302 cl.
2965 4253 3072 4302 der

562 4345 710 4408 bayr.
746 4344 919 4393 Akad.
959 4345 1053 4394 der
1087 4338 1247 4394 Wiss.
1284 4342 1501 4392 Miinch.
1543 4345 1693 4392 1840.
1731 4360 1782 4406 p.
1810 4344 1928 4391 357.
1954 4357 1996 4390 s.
2070 4343 2110 4405 ⁴¹)
2151 4342 2303 4402 Quae
2340 4342 2484 4405 typis
2520 4341 2787 4404 descripta
2823 4340 3069 4388 habetur

561 4433 617 4480 in
652 4431 1019 4480 Pentateucho
1059 4430 1420 4495 quadrilingui
1462 4459 1523 4466 —-
1560 4429 1728 4478 Hebr.
1765 4428 1956 4477 Chald.
1994 4429 2140 4478 Pers.
2179 4428 2340 4476 Arab.
2380 4455 2443 4464 —
2484 4443 2639 4491 quem
2675 4426 2878 4475 Judaei
2917 4426 3070 4476 Con-

562 4518 908 4582 stantinopoli
962 4533 1010 4566 a.
1052 4519 1201 4566 1546.
1250 4535 1302 4581 p.
1342 4517 1401 4566 C.
1452 4519 1605 4566 5307.
1656 4533 1722 4564 m.
1773 4531 1818 4563 c.
1869 4515 2214 4579 evulgarunt,
2271 4516 2530 4578 cuiusque
2584 4515 2774 4562 raritas
2833 4529 3068 4578 prorsus

563 4605 845 4670 singularis
885 4610 979 4654 cst.
1018 4605 1099 4653 Cf.
1137 4604 1509 4665 Renaldotum,
1549 4603 1581 4651 1.
1622 4619 1667 4652 c.
1705 4591 1913 4667 p.'521.
