3309 5300
564 356 693 421 326
1258 370 1489 412 Comment.
1522 370 1574 411 de
1602 371 1646 411 S.
1670 371 1880 423 scriptur.
1911 384 2004 423 cap.
2035 374 2138 414 tert.
2170 374 2275 415 sect.
2305 374 2360 415 II.

564 548 887 605 doctrinam
934 550 991 606 8.
1042 551 1097 608 8.
1149 550 1364 609 attinet
1380 574 1394 621 ;
1460 550 1696 607 nullum
1755 550 1912 608 inter
1959 550 2285 611 catholicos
2330 554 2682 626 invenimus,
2744 554 2847 633 qui
2892 554 3076 612 illam

562 654 838 709 encomiis
871 673 990 710 non
1023 647 1450 733 prosequatur.'
1487 656 1735 713 Praesul
1779 657 2194 732 Hipponensis,
2241 658 2476 716 tametsi
2518 678 2560 715 S.
2598 658 2968 735 Hieronymo
3005 659 3078 715 in

561 757 901 830 linguarum
947 759 1172 834 peritia¹
1207 759 1453 817 inferior
1497 760 1707 830 fuerit;
1764 780 1997 817 sensum
2045 761 2098 818 S.
2148 762 2202 820 S.
2251 782 2594 837 germanum
2640 766 3078 840 quaerentibus

562 860 909 919 utilissimus
941 867 1060 920 est:
1095 862 1389 935 legentem
1421 882 1556 920 mox
1586 863 1650 919 in
1683 864 1957 922 sublimia
1988 865 2174 939 erigit,
2206 867 2271 923 in
2301 866 2600 944 plerisque
2630 868 2813 926 solide
2845 868 3075 938 erudit,

563 965 824 1040 plurima
856 967 1111 1025 dilucide
1143 968 1349 1043 aperit,
1398 968 1689 1042 singulari
1720 968 1976 1046 denique
2004 970 2226 1043 ingenii
2259 971 2529 1029 acumine
2560 975 2620 1029 et
2649 972 2936 1031 facilitate
2971 992 3076 1030 res

564 1073 863 1129 abstrusas
904 1072 1178 1147 explicat.
1235 1074 1487 1148 Propter
1519 1094 1690 1131 aures
1721 1073 2029 1149 imperitae
2061 1075 2479 1147 multitudiniS,
2527 1079 2595 1132 ut
2632 1076 2823 1135 scriba
2854 1079 3076 1135 doctus

564 1176 627 1231 in
676 1194 856 1249 regno
904 1176 1211 1250 coelorum,
1259 1178 1487 1253 profert
1527 1179 1597 1235 de
1644 1180 1921 1235 thesauro
1969 1199 2072 1237 suo
2121 1180 2460 1254 allegoricas
2492 1185 2551 1239 et
2583 1182 2828 1239 morales
2874 1182 3076 1239 inter-

564 1282 941 1354 pretationes,
1007 1282 1213 1356 lingua
1266 1302 1500 1361 quoque
1563 1302 1702 1340 usus
1767 1284 1952 1357 magis
2006 1284 2254 1358 vulgari.
2320 1285 2513 1356 ,Malo,
2581 1286 2790 1358 aiebat,
2844 1292 2912 1345 ut
2971 1307 3077 1344 me

475 1392 483 1399 ‘
567 1386 1009 1459 reprehendant
1054 1387 1417 1461 grammatici
1451 1407 1628 1464 quam
1676 1406 1791 1443 non
1838 1388 2182 1460 intelligant
2226 1390 2458 1464 populi3
2507 1390 2731 1463 eligens
2776 1392 2966 1465 magis
3003 1391 3076 1447 in

565 1490 941 1548 barbarismis
1010 1491 1186 1547 etiam
1255 1491 1670 1550 damnantibus
1737 1492 2145 1549 Grammaticis
2211 1493 2486 1567 intelligi,
2555 1513 2728 1571 quam
2798 1495 2861 1552 in
2927 1515 3078 1552 mea

569 1595 980 1653 disertitudine
1045 1596 1339 1654 auditores
1400 1597 1706 1654 deserere.‘
1781 1598 1868 1653 Ea
1911 1596 2027 1653 fuit
2073 1615 2215 1671 erga
2258 1595 2313 1653 S.
2359 1590 2587 1656 Literas
2633 1602 2694 1655 et
2739 1598 3080 1657 Ecclesiam

570 1700 624 1757 d.
658 1700 1027 1773 Augustinus
1057 1700 1410 1772 reverentia,
1459 1720 1646 1777 eaque
1678 1701 1739 1757 in
1771 1700 1994 1757 intimis
2032 1702 2388 1776 praecordiis
2433 1703 2706 1777 perfusus
2751 1703 3078 1779 religione3

564 1807 632 1860 ut
680 1823 832 1880 quae
878 1804 1061 1863 divite
1106 1804 1343 1879 ingenio
1392 1805 1675 1878 concepit,
1723 1825 1791 1863 ea
1836 1804 2084 1863 subinde
2116 1805 2656 1863 vehementioribus
2705 1802 3081 1883 ἀποστρόφαις

566 1926 861 1977 enarrare,
928 1914 1104 1986 atque
1150 1908 1211 1965 in
1258 1909 1647 1966 eruditionem
1697 1908 1913 1967 Christi
1969 1909 2236 1968 fidelium
2283 1914 2629 1969 convertere
2682 1912 2897 1986 optime
2945 1911 3080 1969 cal-

568 2012 770 2069 luerit.
852 2012 1137 2069 Divinum
1202 2013 1469 2070 Codicem
1536 2033 1748 2088 magno
1818 2013 1944 2072 loco
2012 2015 2249 2086 habuit,
2321 2019 2383 2071 et
2441 2015 2674 2073 assidue
2730 2017 3070 2091 usurpavit.

569 2115 807 2173 Nemini
856 2117 927 2173 de
974 2117 1029 2174 8.
1076 2116 1415 2191 Scripturae
1475 2118 1760 2187 ‚divinis
1819 2104 2394 2177 auctorifatibus‘
2440 2120 2684 2177 dubium
2730 2140 2852 2178 esse
2895 2140 3076 2195 posse

564 2219 810 2291 statuit3
874 2220 1078 2297 quodsi
1123 2240 1265 2279 vero
1312 2221 1441 2299 quis
1503 2222 1814 2280 temerario
1873 2224 2176 2281 conanime
2237 2223 2688 2282 fundamentum
2753 2220 3077 2297 οἰκονομίας

567 2324 794 2382 Veteris
826 2329 885 2382 et
912 2326 1116 2383 Novae
1148 2326 1387 2399 aggredi
1421 2328 1629 2384 audet:
1672 2328 1833 2384 hunc
1863 2327 2156 2403 Ecclesiae
2193 2322 2352 2404 ,λιθῷ
2387 2325 2790 2405 οἰκρογιιι»)ιαίῳί
2821 2329 3076 2387 innixus

567 2429 837 2500 veritate,
886 2429 1181 2504 intrepide
1228 2431 1511 2503 adoritur,
1557 2435 1740 2508 atque
1786 2452 1818 2489 e
1863 2433 2114 2490 sacrario
2155 2432 2334 2491 eiicit.

773 2552 849 2607 In
894 2571 935 2607 s.
982 2551 1321 2626 Gregorio
1369 2552 1448 2609 M.
1498 2553 1842 2628 simplicem,
1907 2554 2076 2611 nullo
2142 2556 2390 2613 artificio
2452 2556 2678 2631 pictum
2739 2575 3076 2615 sermonem

566 2657 948 2732 agnoscimus.
1025 2658 1106 2715 Ut
1169 2661 1257 2714 est
1316 2659 1537 2737 ubique
1601 2660 1813 2734 gravis,
1877 2681 1910 2718 e
1965 2661 2154 2720 Sacris
2199 2661 2440 2736 Paginis
2495 2682 2729 2720 sensum
2782 2663 2941 2720 eruit
2999 2663 3075 2720 ad

564 2762 928 2820 formandam
959 2762 1143 2821 vitam
1176 2763 1559 2821 christianam
1604 2764 1926 2839 aptissium.
1972 2765 2180 2843 Neque
2225 2770 2425 2824 tamen
2470 2767 2532 2823 in
2579 2765 2785 2824 morali
2829 2771 3078 2824 tantum

570 2866 987 2941 explanatione
1032 2868 1323 2938 substitit3
1370 2870 1469 2926 sed
1510 2873 1570 2926 et
1608 2868 1901 2927 literalem
1949 2871 2230 2946 expendit
2263 2878 2322 2928 et
2360 2871 2752 2928 minutissima
2797 2889 3076 2950 quaeque

568 2972 639 3029 ob
673 2971 869 3028 oculos
899 2971 1083 3046 ponit.
1128 2971 1179 3027 E
1221 2972 1275 3029 8.
1308 2973 1647 3048 scripturae
1679 2974 1874 3032 verbis
1923 2978 2209 3051 tanquam
2249 2995 2280 3033 e
2320 2975 2441 3032 suis
2481 2976 2760 3046 fontibus,
2807 2976 3076 3050 copiosos

566 3075 907 3150 Anagogiae
953 3080 1013 3134 et
1056 3076 1393 3151 Allegoriae
1440 3079 1664 3136 rivulos
1708 3079 1772 3135 in
1817 3079 1937 3135 suis
1990 3064 2254 3136 homiliis
2301 3079 2548 3137 deducit.
2624 3081 3076 3155 Interpretandi

565 3181 871 3250 rationem,
935 3201 1110 3259 quam
1164 3182 1448 3259 sequitur,
1512 3183 1636 3258 ipse
1702 3183 1964 3241 declarat
2021 3184 2113 3241 his
2177 3184 2403 3242 verbis:
2479 3185 2759 3254 ,Primum
2821 3187 3073 3262 quidem

566 3286 1020 3343 fundamentum
1065 3287 1344 3344 historiae
1400 3287 1687 3361 ponimus,
1751 3287 1960 3345 deinde
2005 3307 2111 3363 per
2157 3288 2645 3362 significationem
2691 3289 2957 3366 typicam
3005 3289 3074 3346 in

569 3409 702 3446 arce
746 3390 885 3448 fidei
932 3391 1215 3448 fabricam
1262 3393 1474 3448 mentis
1522 3391 1834 3466 erigimus3
1899 3395 1970 3450 ad
2018 3397 2351 3452 extremum
2397 3413 2629 3472 quoque
2674 3413 2780 3470 per
2826 3393 3072 3452 morali-

567 3494 705 3551 tatis
774 3495 1043 3569 gratiam,
1108 3496 1274 3574 quasi
1329 3497 1680 3570 superducto
1727 3498 2058 3556 aedificium
2105 3499 2298 3557 colore
2343 3501 2664 3556 vestimus.‘
2738 3499 3073 3558 Paterius

567 3619 610 3655 s.
644 3598 912 3673 Gregorii
954 3600 1033 3656 M.
1085 3600 1407 3675 discipulus
1454 3620 1543 3675 ep.
1582 3601 1762 3672 Brix.‚
1811 3602 2140 3677 allegoricis
2185 3603 2387 3662 itidem
2435 3602 2961 3678 explanationibus
3007 3603 3074 3659 in

568 3703 735 3760 varia
774 3703 831 3760 S.
868 3704 923 3760 S.
966 3704 1269 3763 volumina
1316 3705 1571 3762 exaratis
1612 3706 1915 3780 inclaruit.
1964 3708 2019 3765 8.
2059 3708 2405 3778 Isidorus,
2453 3709 2615 3784 AEp.
2667 3707 3066 3783 HispalensiS‚

569 3807 663 3866 vir
722 3808 943 3866 multae
1004 3809 1331 3867 sanctitatis
1392 3814 1452 3867 et
1510 3810 1869 3882 eruditioniS,
1925 3811 2033 3868 etsi
2083 3813 2275 3869 minus
2320 3813 2383 3869 in
2432 3813 2684 3870 dictione
2743 3813 3069 3883 fecundus3

572 3917 771 3970 tamen
818 3913 1147 3988 praeclaras
1194 3918 1254 3970 et
1300 3915 1557 3990 copiosas
1604 3915 1767 3972 dedit
1811 3915 1873 3972 in
1921 3915 1976 3972 8.
2024 3918 2077 3975 8.
2125 3917 2556 3975 annotationes.
2616 3916 2800 3975 Beda
2847 3917 3069 3975 Vene-

570 4017 825 4074 rabilis
871 4018 1207 4091 Anglosaxo
1253 4019 1317 4076 Ο.
1367 4017 1421 4076 8.
1470 4020 1552 4089 Β.,
1600 4038 1669 4076 eo
1715 4022 1990 4094 tempore,
2039 4040 2152 4099 quo
2199 4022 2370 4092 vixit,
2417 4022 2502 4079 ita
2547 4022 2741 4080 clarus
2787 4021 2939 4079 fuit:
3003 4027 3072 4078 ut

570 4123 635 4180 in
681 4122 1059 4198 proverbium
1122 4124 1278 4197 apud
1346 4123 1470 4180 eius
1528 4143 1766 4181 coaevos
1825 4123 2066 4182 abierit:
2131 4126 2444 4196 ,hominem
2491 4127 2554 4182 in
2599 4130 2863 4184 extremo
2911 4127 3074 4184 orbis

571 4227 789 4302 angulo
852 4231 1058 4284 natum
1113 4228 1459 4286 universum
1520 4231 1719 4286 orbem
1783 4229 2022 4302 ingenio
2085 4250 2188 4286 suo
2249 4231 2698 4305 perstrinxisse.‘
2774 4231 3073 4288 Plurimos

571 4332 626 4388 8.
665 4334 719 4391 8.
756 4333 819 4389 L.
852 4332 917 4388 L.
954 4332 1223 4405 exposuit
1270 4331 1371 4402 ita,
1420 4337 1487 4389 ut
1534 4333 1586 4390 d.
1634 4333 1947 4401 Ambrosii,
1995 4318 2362 4410 Hieronymi,
2411 4335 2748 4409 Augustini,
2797 4334 3072 4409 Gregorii

570 4437 652 4495 M.
688 4435 1014 4493 sententias
1060 4435 1273 4510 passim
1319 4439 1698 4507 retractaret3
1746 4437 1808 4492 in
1841 4437 1972 4493 aliis
2003 4439 2164 4495 haud
2209 4439 2464 4496 multum
2505 4439 2802 4496 dissimilis
2849 4440 3070 4496 eisdem

571 4539 919 4616 reperiatur.
994 4541 1125 4600 Hac
1186 4544 1380 4599 aetate
1426 4541 1743 4618 Aponius
1799 4541 2024 4600 Cantici
2071 4542 2444 4604 Canticorum
2509 4543 2799 4620 interpres
2845 4543 3072 4604 vixisse
