3309 5300
932 408 994 450 De
1020 410 1146 451 libris
1174 411 1431 461 apocryphis
1458 411 1641 461 Antiqui
1670 411 1956 452 Testamenti.
2609 398 2692 461 79

219 590 699 666 apocryphum
728 588 910 647 istum
940 589 1295 648 Psalmum
1326 594 1573 667 ponunt.
1628 591 1706 647 In
1737 591 1992 648 editione
2023 590 2423 667 Complutensi
2453 591 2694 649 omnino

217 713 323 750 non
358 692 601 767 legitur,
640 695 707 751 in
736 694 1002 752 Romana
1046 696 1317 753 asterisco
1358 699 1614 753 notatur.
1683 700 1783 753 20.
1818 694 2223 754 Salomonis
2267 695 2625 753 Psalterium
2652 692 2689 751 ¹.

220 802 307 855 21.
338 798 545 855 Eliae
586 798 987 876 ApocalypsiS‚
1036 800 1320 857 revelatio
1351 804 1409 857 et
1437 799 1605 858 visio.
1671 798 1835 861 Quae
1881 801 2214 862 adhucdum
2259 803 2486 858 restant
2517 804 2692 878 atque

219 902 542 960 nominibus
568 903 920 978 scriptorum
944 903 1371 962 canonicorum
1399 904 1751 978 iunguntur,
1785 910 1955 963 sunt:
1992 910 2092 963 22.
2124 905 2162 962 J
2175 905 2408 963 esaiae
2437 903 2693 962 ascensio

216 1011 267 1062 et
292 1006 436 1063 visio
467 1006 785 1079 mirabilis,
820 1027 969 1085 quae
993 1009 1049 1067 d.
1076 1008 1389 1066 Trinitatis
1420 1028 1635 1066 arcana
1664 1014 1723 1067 et
1753 1010 1899 1085 lapsi
1931 1009 2161 1083 generis
2190 1010 2438 1067 humani
2468 1009 2691 1067 redem-

222 1110 420 1167 tionem
463 1113 734 1169 continet
753 1108 797 1169 2.
864 1116 963 1171 23.
995 1114 1370 1171 Manassae
1409 1114 1562 1187 regis
1593 1132 1810 1188 preces.
1875 1119 1976 1171 24.
2007 1114 2045 1171 J
2055 1116 2365 1171 eremiae
2406 1114 2693 1189 praefatio

216 1215 273 1270 in
326 1216 600 1286 threnos,
665 1221 725 1274 et
777 1216 913 1274 alia.
1004 1222 1101 1275 25.
1167 1217 1560 1295 Apocalypses
1628 1217 2061 1293 Sophoniae,
2139 1223 2238 1276 26.
2292 1217 2656 1275 Habacuci
2675 1263 2689 1289 ,

220 1323 306 1375 27.
335 1320 772 1390 Ezechielis3
810 1326 910 1379 28.
943 1325 1117 1400 atque
1148 1322 1479 1380 Danielis
1510 1323 1857 1397 prophetiae
1888 1323 2276 1399 apocryphae.
2325 1326 2423 1379 29.
2457 1322 2693 1379 Literae

216 1422 511 1481 Baruchi
576 1426 652 1483 ad
712 1426 905 1483 decem
962 1428 1151 1485 tribus
1172 1472 1186 1498 ,
1252 1428 1398 1484 bene
1458 1426 1906 1500 distinguendae
1959 1446 1994 1484 a
2046 1426 2200 1485 libro
2261 1426 2692 1484 ammanuensis

218 1530 514 1603 prophetae
546 1530 587 1586 J
588 1532 839 1587 eremiae
870 1532 936 1588 in
976 1530 1206 1589 Canone
1244 1531 1452 1606 posit0.
1519 1536 1617 1589 30.
1652 1530 2038 1608 Apocalypsis
2075 1530 2467 1588 Zachariae
2508 1530 2693 1605 patris

217 1632 437 1691 Joannis
458 1634 530 1692 B.
576 1639 679 1692 31.
712 1636 976 1693 Esdrae
1006 1635 1159 1694 liber
1190 1636 1314 1695 III.
1348 1641 1407 1693 et
1438 1636 1544 1693 IV.
1578 1639 1754 1714 atque
1784 1634 2170 1713 Apocalypsis
2191 1632 2233 1693 3.
2280 1639 2380 1692 32.
2407 1635 2692 1691 Macha-

217 1738 528 1796 baeorum
578 1739 707 1797 III.
757 1744 816 1798 et
858 1740 950 1797 IV
968 1738 1012 1797 4.
1086 1740 1246 1798 Illud
1294 1742 1626 1798 adhucdum
1681 1745 1962 1798 annotare
2014 1744 2273 1815 oportet:
2325 1740 2508 1797 libros
2552 1738 2694 1796 istos

219 1839 259 1897 si
286 1862 394 1899 non
424 1862 647 1915 omnes,
690 1844 897 1902 saltem
928 1844 1311 1920 plurimos,
1362 1850 1526 1903 ante
1574 1850 1902 1921 tempora
1939 1844 2128 1902 Novi
2169 1842 2619 1901 Testamenti
2659 1862 2695 1899 a

216 1944 246 1999 J
254 1947 487 2004 udaeis
532 1949 901 2020 conditos3
945 1956 1075 2026 post
1103 1952 1248 2008 haec
1277 1955 1493 2021 autem,
1527 1955 1597 2007 ut
1626 1952 1691 2007 in
1715 1950 1891 2008 libris
1924 1948 2207 2006 eiusmodi
2239 1943 2694 2005 abstrusioribus

220 2069 365 2126 saepe
405 2057 492 2110 est
534 2054 786 2121 factum,
836 2055 1073 2113 accidit:
1116 2057 1271 2133 quod
1314 2056 1457 2113 hinc
1498 2056 1635 2113 inde
1677 2075 1710 2112 a
1741 2054 2094 2112 Christianis
2124 2073 2244 2110 non
2274 2052 2469 2109 minus
2514 2072 2691 2129 quam

222 2154 280 2211 ab
308 2156 613 2216 haereticis
657 2158 1095 2235 interpolati
1132 2160 1375 2218 fuerint.
1440 2161 1795 2219 Innumerae
1840 2158 2153 2228 fabulae3
2204 2158 2417 2235 quibus
2447 2161 2688 2228 scatent,

221 2257 369 2316 fidem
420 2263 565 2337 ipsis
610 2264 933 2335 abrogant3
995 2283 1131 2321 non
1183 2270 1489 2340 propterea
1545 2269 1744 2322 tamen
1801 2262 1991 2321 libelli
2051 2263 2118 2320 hi
2170 2262 2406 2337 penitus
2465 2254 2690 2335 negli-

222 2366 406 2436 gendi
448 2372 611 2439 sunt,
664 2388 797 2425 cum
836 2358 1129 2446 quaedam*
1150 2369 1215 2426 i'n
1246 2369 1368 2426 illis
1398 2372 1448 2427 si
1484 2390 1603 2428 non
1648 2370 1869 2427 directe
1914 2370 1986 2425 ad
2031 2367 2343 2427 veritatem
2387 2364 2691 2424 stabilien-

224 2468 349 2541 dam,
382 2471 589 2529 saltem
624 2473 699 2530 ad
743 2474 1186 2547 agnoscenda
1231 2493 1550 2532 errorum
1594 2474 1866 2531 semina
1903 2473 2143 2530 faciant.
2191 2472 2510 2529 Enimvero
2542 2470 2694 2528 sicut

227 2578 368 2631 vetus
395 2576 623 2635 dictum
655 2578 836 2635 habet
868 2598 1025 2650 ,non
1064 2580 1304 2637 omnia
1346 2579 1632 2654 fingere
1672 2579 1967 2648 Cretes‘3
2015 2577 2098 2635 sic
2128 2575 2445 2634 nonnullae
2475 2574 2542 2631 in
2571 2575 2683 2646 his,

223 2681 310 2736 sub
330 2680 484 2739 falsis
510 2682 657 2741 licet
679 2683 928 2741 iactatae
950 2684 1307 2754 nominibUS,
1336 2705 1411 2741 ex
1434 2684 1622 2742 veteri
1647 2684 1967 2742 traditione
1996 2683 2034 2740 J
2034 2684 2352 2740 udaeorum
2375 2679 2686 2738 stricturae

225 2789 456 2843 servatae
478 2792 641 2845 sunt.
669 2787 1008 2869 Aliquando
1032 2788 1099 2846 in
1122 2790 1196 2845 iis
1221 2789 1512 2862 genuinus
1532 2787 1960 2846 Canonicarum
1982 2787 2439 2862 Prophetiarum
2461 2805 2689 2856 sensus,

406 3029 441 3092 ¹)
480 3029 704 3092 Huetio,
742 3029 889 3080 Dem.
915 3029 1015 3078 Ev.
1043 3045 1192 3094 prop.
1222 3029 1313 3078 IV.
1341 3047 1390 3094 p.
1420 3031 1535 3078 188.
1581 3029 1914 3078 Hellenistae
1953 3028 2181 3079 alicuius
2207 3043 2343 3093 opus
2371 3043 2488 3076 esse
2523 3026 2689 3075 credi-

226 3115 306 3173 tur,
339 3113 557 3165 hominis
597 3117 659 3164 in
698 3114 750 3164 S.
777 3115 1059 3165 Librorum
1094 3116 1323 3166 lectione
1351 3116 1544 3178 detriti,
1582 3116 1917 3181 plurimaque
1956 3131 2078 3164 cum
2103 3131 2168 3164 ex
2192 3113 2417 3163 Davidis
2443 3113 2688 3174 Psalmis,

226 3201 316 3247 tum
348 3216 407 3249 ex
430 3202 625 3252 Jesaia
664 3206 717 3251 et
741 3202 1027 3252 Ezechiele
1064 3207 1117 3252 et
1154 3202 1369 3252 aliunde
1408 3204 1567 3252 etiam
1594 3202 1664 3252 ad
1689 3202 1744 3251 id
1781 3217 1914 3267 opus
1951 3202 2194 3251 mutuati.
2232 3201 2282 3250 J.
2309 3200 2552 3266 Langen,
2593 3199 2690 3250 das

225 3283 521 3338 Judenthum
546 3295 658 3339 etc.
694 3305 748 3353 p.
774 3290 857 3338 69.
894 3289 1131 3338 libellum
1167 3291 1328 3339 istum
1363 3283 1486 3355 post
1510 3294 1698 3354 captas
1735 3290 2051 3354 aPompeio
2077 3287 2480 3351 Hierosolymas
2511 3281 2690 3336 'ortum

226 3379 393 3423 censet.
430 3375 741 3426 Salomonis
767 3375 1087 3426 Psalterium
1114 3393 1178 3426 ex
1202 3378 1550 3442 Augustanae
1573 3376 1944 3426 Bibliothecae
1968 3375 2343 3426 vetustissimis
2369 3374 2691 3423 membranis

226 3458 281 3505 ab
310 3459 510 3512 Andrea
547 3462 779 3512 Schotto
818 3463 870 3512 S.
896 3463 947 3512 J.
976 3463 1317 3528 descriptum,
1356 3463 1523 3513 edidit
1558 3479 1679 3512 cum
1717 3463 1887 3512 latina
1909 3464 2346 3528 interpretatione
2387 3465 2439 3511 et
2465 3460 2690 3511 Scholiis

224 3543 389 3597 Joann.
418 3549 557 3599 Lud.
588 3549 661 3598 de
690 3548 747 3599 la
772 3548 959 3611 Cei-da,
985 3550 1261 3616 Hispanus
1288 3566 1332 3600 e.
1360 3550 1413 3600 S.
1439 3549 1613 3616 Lugd.
1642 3552 1794 3599 1626.
1846 3548 1925 3598 Of.
1953 3565 1998 3598 e.
2027 3547 2258 3611 Ceillier,
2284 3549 2317 3598 l.
2351 3565 2475 3613 c.-p.
2504 3549 2620 3597 233.
2649 3563 2691 3596 s.

228 3628 389 3696 Grabe,
415 3636 494 3686 ed.
523 3635 669 3686 cod.
696 3636 846 3686 Alex.
872 3642 908 3686 t.
933 3637 1097 3686 LXX.
1122 3638 1165 3686 1.
1192 3637 1325 3702 prol.
1354 3653 1398 3686 c.
1423 3637 1467 3686 Ι.
1494 3640 1542 3698 ἓ.
1569 3639 1617 3686 2.
1656 3637 1744 3686 Fr.
1764 3636 2053 3698 Delitzsch,
2084 3636 2361 3686 Comm..fi.
2389 3635 2438 3684 d.
2463 3634 2690 3684 Psalter.

226 3715 277 3765 L.
309 3722 445 3772 1860.
481 3724 553 3786 ΙΙ,
601 3725 722 3773 381.
750 3724 870 3774 451.
944 3723 985 3786 ²)
1028 3724 1255 3790 Saepius
1294 3725 1438 3774 edita
1474 3724 1638 3774 latine
1675 3724 1809 3773 Ven.
1838 3725 1986 3773 1522.
2037 3723 2294 3784 Gieseler,
2331 3737 2506 3787 progr.
2543 3725 2689 3786 pent.

232 3803 348 3856 Gott.
383 3812 528 3860 1832.
598 3809 665 3860 A.
701 3809 791 3859 Fr.
830 3811 1071 3873 Gfrorer,
1120 3810 1370 3876 Prophet.
1410 3816 1512 3860 vet.
1550 3810 2003 3876 pseudepigraphi
2047 3809 2240 3874 Stuttg.
2282 3810 2431 3859 1840.
2470 3825 2521 3874 p.
2559 3809 2609 3857 4.
2647 3822 2709 3858 s.-

228 3889 285 3940 Et
315 3901 427 3946 ante
463 3913 497 3947 a
530 3899 605 3948 R..
643 3898 950 3960 Lawrence,
987 3897 1242 3947 Ascensio
1279 3898 1457 3948 Isaiae
1496 3899 1658 3961 vatis„
1699 3896 2013 3962 opusculum
2049 3895 2566 3962 pseudepigraphum
2592 3931 2607 3945 ,.
2635 3931 2650 3944 .
2677 3931 2689 3944 .

229 3982 345 4042 apud
374 3984 671 4052 Aethiopes
709 3989 1035 4053 compertum
1062 4000 1179 4034 cum
1205 4001 1343 4034 vers.
1381 3984 1473 4035 lat.
1512 3989 1565 4034 et
1589 3984 1732 4050 angl.
1760 3983 1930 4033 Oxon.
1959 3985 2109 4052 1819.
2158 3983 2292 4032 Item
2317 3983 2387 4032 H.
2413 3982 2710 4050 Jolowicz,

230 4063 575 4122 Himmelfahrt
614 4089 668 4122 u.
695 4073 881 4122 Vision
920 4072 1012 4121 des
1048 4072 1245 4138 Proph.
1283 4072 1429 4122 Isaia
1465 4087 1562 4122 aus
1602 4072 1722 4122 dem
1758 4071 1991 4136 aethiop.
2016 4087 2066 4120 u.
2091 4070 2274 4120 latein.
2299 4067 2402 4120 in's
2435 4069 2689 4120 deutsche

231 4152 377 4206 iibers.
400 4158 551 4226 Leip.
589 4161 741 4210 1854.
790 4159 871 4210 cf.
900 4175 945 4208 e.
974 4159 1253 4221 Gesenius,
1295 4159 1494 4209 Comm.
1521 4164 1571 4209 fl.
1600 4159 1649 4208 d.
1674 4159 1800 4208 Isai.
1825 4159 1868 4220 Ι,
1893 4160 1978 4207 45.
2027 4157 2262 4219 Nitzsch,
2301 4156 2452 4207 Stud.
2478 4172 2529 4205 ιι.
2555 4156 2688 4204 Krit.

231 4239 357 4291 1830.
390 4261 438 4309 p.
475 4249 599 4297 209.
639 4263 681 4296 s.
742 4246 956 4308 Liicke,
1005 4247 1156 4296 Vers.
1196 4263 1240 4296 e.
1278 4263 1328 4295 V.
1366 4246 1510 4295 Einl.
1536 4282 1549 4294 .
1578 4281 1591 4294 .
1618 4265 1653 4294 .-
1682 4245 1860 4294 indie
1897 4259 2006 4309 ges.
2051 4243 2354 4309 apocalypt.
2402 4243 2688 4292 Literatur.

232 4323 376 4379 Bonn.
411 4334 559 4384 1832.
602 4351 654 4399 p.
686 4334 803 4382 125.
830 4349 871 4382 s.
910 4332 991 4382 ed.
1018 4332 1086 4382 ΙΙ.
1117 4334 1267 4382 1828.
1312 4334 1568 4398 Langen,
1606 4330 1640 4380 l.
1681 4347 1726 4380 c.
1763 4347 1814 4396 p.
1843 4332 1958 4380 157.
1986 4345 2026 4380 ε.
2091 4329 2130 4396 ³)
2166 4331 2396 4379 Diversa
2432 4345 2466 4378 a
2499 4334 2688 4394 quarto

232 4409 343 4464 libro
392 4418 615 4483 Esdrae,
675 4434 907 4485 quocum
954 4414 1129 4486 nequ‘e
1176 4419 1359 4470 habito
1416 4419 1773 4484 antiquitatiS,
1826 4433 2002 4483 neque
2058 4417 2388 4468 auctoritatis
2443 4419 2690 4481 respectu

240 4502 439 4554 conferri
473 4511 667 4572 potest.
716 4505 1101 4571 Apocalypsim
1132 4507 1273 4556 hanc
1310 4506 1477 4556 edidit
1513 4505 1968 4566 C..Tischendorf‚
2005 4503 2226 4570 Apocal.
2253 4517 2432 4567 apocr.
2458 4520 2510 4568 p.
2537 4505 2621 4552 24.
2647 4519 2690 4554 s.

237 4585 269 4648 ⁴)
299 4589 372 4638 De
406 4594 593 4657 quibus
632 4593 859 4658 singulis
898 4597 1134 4642 attamen
1170 4593 1488 4659 apocryphis
1526 4607 1711 4658 agere,
1755 4608 1864 4640 non
1901 4596 1984 4641 est
2019 4591 2172 4640 nobis
2210 4589 2484 4640 sufficiens
2519 4589 2689 4641 locus.
