3309 5300
1222 405 1361 456 Leges
1388 404 1577 446 Criticae
1606 406 1779 445 Sacrae.
2629 391 2754 458 133

248 595 317 630 se
355 581 587 630 invice
602 597 655 630 m
702 597 817 646 per
864 580 1039 630 lutul
1055 582 1468 630 entissimam
1520 582 1848 631 sentinam
1894 587 2163 647 raptare
2211 582 2556 632 videntur?
2615 583 2666 633 N
2681 598 2710 632 e
2725 598 2753 632 c

246 666 841 717 Tischendorfius
877 666 1222 716 humanior
1259 672 1357 716 est
1395 683 1553 733 erga
1590 667 1631 716 C
1648 668 1942 733 ollegas,
1981 671 2129 719 sive
2166 669 2309 718 dum
2347 669 2474 720 8611
2491 669 2597 718 olz
2615 672 2634 718 i
2651 687 2753 719 um

246 754 633 817 inscitiae,
669 754 1153 820 negligentiae
1191 753 1513 804 levitatis
1553 757 1788 819 arguit
1822 757 1963 806 sive
2001 756 2149 805 dum
2184 757 2295 805 Ed.
2335 756 2413 805 de
2449 757 2751 806 Muralto

246 840 367 902 „de
406 841 829 890 incredibili
862 842 1162 891 inscitia
1197 841 1527 892 socordia
1561 841 1886 907 perfidia*
1925 841 2182 904 laudat,
2219 846 2534 892 nacturus
2572 843 2751 892 forte

244 928 581 977 vicissim
616 928 979 989 hominem,
1030 929 1145 992 qui
1193 929 1417 992 ipsum
1468 930 1674 978 etiam
1724 945 1904 978 more
1953 931 2358 978 criticorum
2410 935 2750 994 emungat.

242 1013 293 1062 E
310 1029 340 1062 r
354 1030 384 1062 r
396 1029 469 1064 ar
483 1031 514 1064 e
551 1015 587 1063 h
600 1031 635 1064 11
648 1031 701 1064 111
714 1029 747 1064 a
758 1032 794 1063 n
808 1030 842 1063 u
856 1031 907 1062 m
946 1031 975 1064 6
988 1032 1013 1065 8
1025 1018 1093 1064 1.“
1144 1015 1357 1064 Revera
1390 1016 1701 1064 Lachmann
1740 1017 1944 1081 paucis,
1983 1017 2078 1065 sed
2115 1032 2298 1066 severe
2335 1017 2419 1066 ed.
2444 1032 2514 1066 cr.
2541 1017 2584 1067 Ι.
2611 1018 2745 1082 prol.

242 1116 297 1164 p.
341 1103 430 1150 23.
469 1102 537 1151 de
574 1099 965 1150 Tischendorfii
1001 1101 1232 1150 editione
1269 1102 1333 1151 N.
1371 1103 1432 1151 Τ.
1474 1104 1625 1152 1842.
1663 1103 1864 1152 iudicat
1883 1121 1894 1151 :
1953 1102 2066 1163 „ill
2081 1117 2114 1152 a
2151 1119 2180 1152 e
2193 1103 2368 1152 ditio
2417 1105 2474 1153 si
2517 1120 2550 1152 v
2565 1119 2594 1152 e
2610 1119 2635 1152 r
2648 1119 2685 1152 u
2697 1119 2750 1151 m

243 1187 628 1238 dicendum
666 1192 791 1250 est,
826 1192 975 1237 tota
1010 1192 1357 1253 peccatum
1395 1192 1539 1238 est.“
1602 1190 1792 1254 Neque
1829 1189 1984 1238 aliter
2020 1188 2148 1238 fecit
2183 1188 2238 1238 S.
2274 1190 2334 1237 P.
2371 1189 2747 1254 Tregelles,

246 1288 323 1323 an
354 1280 595 1324 account
618 1275 677 1325 of
710 1274 799 1324 the
836 1275 1046 1340 printed
1080 1279 1193 1324 text
1227 1276 1287 1324 of
1318 1275 1407 1324 the
1445 1275 1623 1324 Greek
1660 1291 1779 1324 new
1814 1279 2100 1325 testament
2135 1275 2262 1324 with
2298 1276 2536 1326 remarks
2574 1293 2643 1326 011
2680 1278 2750 1326 118

242 1362 494 1411 revision
544 1377 695 1427 upon
749 1361 957 1411 critical
1008 1361 1313 1427 principles.
1373 1362 1546 1411 Lond.
1599 1363 1750 1412 1854.
1799 1379 1850 1427 p.
1901 1363 2019 1412 184.
2056 1379 2097 1412 s.
2157 1361 2417 1412 Mittimus
2467 1363 2748 1428 Porphyrii

240 1447 552 1513 Uspenskii
612 1448 1058 1498 archimandritae
1114 1453 1169 1497 et
1222 1448 1495 1498 collonelli
1544 1448 1704 1514 Angli
1757 1449 2100 1498 Maedonaldi
2156 1449 2594 1514 reprehensiones
2611 1487 2624 1512 ,
2681 1449 2747 1498 de

242 1536 453 1599 quibus
490 1535 719 1585 diximus
754 1519 815 1600 p.¹
846 1537 963 1586 118.
1023 1535 1081 1584 C.
1120 1534 1521 1598 Tischendorfii,
1571 1549 1702 1584 sane
1741 1535 2000 1586 eiusmodi
2037 1541 2118 1586 est
2153 1535 2218 1584 116
2255 1537 2381 1585 viris
2422 1536 2742 1586 doctissimis

240 1621 531 1672 iudicandi
580 1624 717 1672 ratio
732 1659 747 1684 ,
798 1637 906 1686 qua
941 1637 999 1671 se
1035 1622 1257 1687 praebet
1304 1622 1571 1671 hominem
1608 1623 1806 1671 nemini
1851 1638 1960 1672 non
1995 1623 2325 1672 iniuriosum.
2385 1623 2624 1672 Alterum
2663 1627 2746 1672 est

242 1708 720 1758 Tischendorfium
755 1711 813 1758 in
854 1714 969 1758 arte
1016 1711 1201 1759 critica
1240 1710 1339 1759 abs
1376 1724 1432 1758 se
1470 1709 1726 1771 adhibita,
1764 1711 1896 1759 min
1911 1711 1991 1758 im
2007 1725 2036 1758 e
2085 1709 2190 1758 sibi
2238 1710 2342 1774 ipsi
2391 1725 2420 1758 c
2434 1725 2464 1758 o
2479 1725 2516 1758 n
2529 1725 2554 1759 s
2568 1714 2590 1758 t
2603 1723 2636 1758 a
2649 1725 2676 1758 r
2691 1725 2720 1758 e
2734 1727 2748 1773 3

241 1796 485 1861 ideoque
534 1797 591 1844 in
638 1795 855 1861 singula
902 1798 1211 1846 recensione
1259 1795 1421 1845 alium
1467 1796 1579 1846 fere
1625 1797 1692 1846 N.
1730 1797 1791 1846 Τ.
1834 1800 2037 1845 textum
2089 1797 2398 1860 exprimere.
2473 1797 2749 1846 Praestitit

242 1889 396 1932 certe
434 1885 493 1932 in
530 1884 644 1932 suis
682 1883 933 1947 operibus
968 1884 1131 1932 variis
1168 1887 1223 1932 et
1256 1883 1497 1948 plurimis
1533 1883 1891 1933 Tischendorf
1926 1883 2072 1932 haud
2106 1897 2284 1948 pauca
2319 1883 2388 1931 ad
2426 1882 2478 1932 S.
2518 1883 2744 1933 Textum

243 1970 651 2035 castigandum3
690 1969 785 2018 sed
822 1974 875 2019 et
902 1987 1048 2020 more
1085 1986 1258 2020 rerum
1294 1969 1661 2032 humanarum,
1699 1969 1856 2036 plura
1891 1968 2102 2034 reliquit
2144 1967 2261 2018 alii
2272 1985 2296 2018 s
2335 1986 2368 2034 p
2382 1985 2410 2018 e
2423 1985 2448 2018 r
2459 1985 2535 2034 ag
2548 1985 2625 2018 en
2636 1970 2670 2020 d
2682 1985 2715 2019 a
2733 1971 2744 2019 1

462 2057 851 2106 Vetustissimis
890 2056 1120 2122 denique
1156 2058 1383 2107 testibus
1419 2058 1517 2106 rite
1555 2056 1782 2118 collatis,
1830 2061 1884 2105 et
1920 2059 2174 2104 accurata
2207 2057 2410 2105 trutina
2444 2057 2741 2121 pensitatis,

244 2149 458 2192 textum
508 2143 915 2208 Apocalypseos
962 2161 1037 2209 gr.
1086 2149 1139 2192 et
1185 2144 1276 2193 lat.
1326 2144 1493 2193 veluti
1541 2145 1810 2209 specimen
1858 2141 2200 2208 apparandae
2251 2142 2332 2192 ed.
2370 2144 2434 2192 N.
2472 2144 2533 2193 T.
2572 2143 2745 2193 Lond.

247 2232 409 2279 1844.
448 2230 749 2295 publicavit
785 2228 837 2279 S.
866 2231 923 2280 P.
949 2230 995 2279 Τ
1007 2247 1117 2296 reg
1129 2231 1257 2280 elle
1269 2246 1294 2280 8
1307 2268 1320 2292 ,
1359 2247 1402 2281 8.
1439 2235 1475 2280 1.
1514 2227 1842 2298 Ἀποκάλυψις
1881 2227 1932 2279 Ἰ.
1971 2228 2058 2297 Χρ.
2098 2225 2144 2288 ἐξ
2181 2224 2401 2298 ἀρχαίων
2439 2225 2745 2297 ἀντιγράφων

244 2314 505 2366 ἐκδοθεῖσα
518 2335 532 2381 3
588 2322 751 2381 atque
804 2317 877 2366 ib.
928 2319 1079 2367 1857.
1151 2318 1265 2367 The
1326 2317 1503 2367 Greek
1555 2318 1687 2367 New
1735 2317 2046 2366 Testament
2110 2317 2286 2366 edited
2339 2316 2474 2366 from
2529 2318 2746 2366 ancient

246 2403 569 2453 authorities
618 2403 746 2452 with
790 2405 1005 2453 varions
1052 2405 1301 2469 readings
1348 2405 1453 2454 and
1500 2404 1590 2454 the
1634 2403 1770 2452 latin
1804 2405 2018 2474 version
2057 2403 2116 2454 os
2145 2404 2183 2453 J
2185 2419 2360 2453 erome
2397 2403 2503 2452 vol.
2540 2404 2584 2452 I.
2623 2421 2664 2454 s.
2703 2421 2743 2454 s.

243 2490 585 2540 Matthaeum
624 2495 678 2539 et
710 2491 953 2540 Marcum
990 2491 1367 2556 complectens.
1430 2489 1773 2540 continuatio
1811 2489 1968 2540 11111118
2005 2490 2252 2539 editionis
2289 2491 2572 2540 multorum
2607 2491 2746 2540 votis

245 2579 537 2643 expetitur.

826 2854 1157 2929 LEGES
1213 2854 1692 2929 ORITIOAE
1754 2854 2171 2929 SAGRAE.

404 3104 465 3180 ξ.
514 3104 618 3166 57.
666 3098 790 3161 De
845 3108 1151 3162 natura
1199 3108 1275 3162 et
1317 3121 1471 3162 usu
1516 3097 1896 3163 Criticae
1943 3098 2023 3160 in
2068 3098 2583 3162 universum.

464 3292 538 3341 Ut
562 3291 853 3341 Codicibus
879 3306 1001 3341 mss.
1029 3292 1141 3340 sive
1165 3290 1558 3355 exemplaribus
1596 3291 1736 3355 typis
1771 3292 2047 3355 exscriptis
2086 3290 2138 3340 S.
2165 3289 2217 3339 8.
2243 3290 2306 3339 L.
2331 3291 2395 3339 L.
2422 3291 2485 3340 V.
2513 3295 2566 3339 et
2590 3292 2653 3340 N.
2681 3292 2744 3341 Τ.

244 3385 395 3429 16616
444 3385 683 3441 utamur,
734 3379 800 3427 de
849 3380 1123 3444 principiis
1172 3393 1388 3428 sanae
1441 3376 1515 3439 „C
1532 3379 1816 3427 11116116ιι
1869 3383 2115 3427 constare
2165 3378 2338 3427 debet.
2411 3377 2494 3426 Ad
2543 3373 2782 3443 8111111111,>

242 3467 533 3529 Veterum,
594 3466 893 3515 cuiusmodi
952 3482 981 3515 e
1035 3466 1280 3515 manibus
1340 3471 1617 3515 auctorum
1679 3467 1947 3528 exierunt,
2010 3465 2463 3530 repraesentanda
2526 3467 2740 3515 omnino

246 3555 465 3603 duabus
501 3554 700 3603 utimur
737 3553 969 3602 artibus:
1008 3568 1129 3602 nam
1168 3557 1221 3602 et
1245 3555 1338 3618 qui
1360 3554 1589 3618 scriptor
1614 3553 1744 3617 quid
1768 3554 2039 3617 scripserit
2074 3552 2424 3617 disputamus,
2465 3558 2518 3602 et
2555 3569 2660 3617 quo
2688 3554 2742 3601 in

246 3657 429 3690 rerum
468 3646 627 3701 statu,
677 3640 805 3704 quid
840 3642 1067 3689 senserit
1108 3645 1163 3689 et
1205 3642 1450 3705 cogitarit
1486 3641 1818 3705 exponimus.
1876 3640 2082 3687 Harum
2118 3641 2290 3703 prima
2325 3639 2579 3688 iudicium
2617 3655 2740 3689 con-

245 3730 422 3777 stituit
458 3723 735 3794 ,,κριτ1κὴ“,
787 3720 879 3776 ἀπὸ
914 3727 1000 3775 τοῦ
1037 3723 1212 3793 κρίνειν
1249 3727 1417 3791 dicta,
1470 3726 1639 3776 altera
1675 3727 2192 3791 interpretationem,
2232 3721 2512 3795 ἐξηγητικὴν
2561 3726 2740 3777 efficit.

244 3814 554 3865 Judicantis
604 3818 712 3864 est:
763 3816 1051 3878 genuinum
1100 3815 1405 3879 spuriumve
1446 3816 1529 3875 sit,
1579 3816 1844 3879 integrum
1881 3829 1950 3863 an
1996 3816 2379 3879 incorruptum,
2424 3815 2740 3863 vitiosumve

246 3907 303 3950 et
338 3903 688 3966 corruptum?
738 3901 1013 3965 detegere3
1064 3905 1187 3949 ante
1226 3902 1405 3950 omnia
1439 3916 1566 3950 vero
1606 3901 1734 3965 quid
1771 3902 2055 3965 scriptores
2094 3900 2408 3949 tradiderint
2449 3902 2742 3964 quaerere?

248 3988 465 4037 Deinde
502 3992 683 4038 autem
720 4002 859 4052 quae
896 4004 1175 4053 perperam
1212 4003 1245 4037 a
1282 3987 1511 4037 librariis
1548 3988 1782 4051 reddita3
1830 4003 1896 4037 ea
1945 3986 2214 4037 Critica
2261 3986 2582 4036 verbalis
2629 3988 2740 4036 sive

243 4074 786 4139 therapeutica,
826 4080 1051 4124 conatur
1086 4080 1343 4139 quantum
1378 4073 1493 4123 fieri
1530 4078 1708 4140 potest
1742 4076 1911 4139 primo
1949 4090 2046 4124 suo
2097 4075 2424 4139 pristinoque
2461 4074 2741 4123 restituere

246 4163 438 4211 nitori:
487 4163 522 4211 i.
562 4177 609 4210 e.
648 4161 947 4223 emendare,
987 4163 1208 4225 eiusque
1246 4162 1322 4210 rei
1358 4161 1571 4210 modum
1609 4167 1664 4211 et
1698 4162 1958 4211 rationem
2005 4166 2203 4223 tenere,
2251 4161 2306 4209 id
2343 4160 2486 4225 quod
2522 4176 2740 4209 recen-

246 4262 397 4297 sere
436 4248 644 4297 dicitur.
688 4247 752 4297 V.
789 4265 841 4312 p.
883 4250 997 4297 106.
1060 4246 1312 4297 Critica
1344 4250 1527 4313 itaque
1562 4248 1627 4297 V.
1667 4254 1719 4297 61
1753 4248 1818 4297 N.
1856 4248 1916 4297 Τ.
1955 4246 2478 4313 therapeutica,
2528 4246 2593 4295 de
2633 4261 2741 4311 qua

246 4336 407 4385 nobis
442 4336 499 4384 in
526 4337 799 4400 praesenti
828 4350 1001 4385 sermo
1027 4340 1123 4397 est,
1160 4350 1377 4400 operam
1414 4335 1672 4385 collocat:
1709 4336 1764 4385 111
1803 4334 2186 4400 quaerenda
2221 4340 2283 4384 et
2319 4333 2740 4383 restituenda

246 4436 407 4471 vera
450 4422 771 4471 Lectione
820 4423 1065 4473 Textus
1115 4420 1303 4471 Sacri
1338 4422 1631 4487 Utriusque
1669 4422 2010 4472 Testamenti.
2085 4419 2310 4471 Constat
2345 4422 2484 4469 enim
2522 4437 2571 4469 u.
2609 4436 2650 4469 s.
2688 4437 2737 4469 V.

246 4524 295 4573 p.
322 4510 385 4557 ·2.
425 4510 509 4558 93.
548 4524 591 4558 s.
630 4510 746 4558 103.
786 4524 827 4558 s.
876 4508 1201 4574 exemplaria
1238 4508 1452 4559 Codicis
1490 4508 1641 4558 Sacri
1678 4510 1835 4557 toties
1878 4508 2160 4573 descripta,
2198 4507 2532 4558 librariorum
2569 4506 2737 4573 negli—

246 4597 431 4672 gentia
467 4600 523 4653 et
555 4596 767 4655 incuria
813 4599 975 4671 atque
1021 4596 1519 4672 interpretationum
1562 4596 1906 4668 ambiguitate
1957 4610 2083 4653 suos
2131 4594 2254 4651 hinc
2289 4593 2415 4651 inde
2463 4593 2740 4649 admisisse
