3309 5300
1159 415 1224 457 De
1250 413 1471 456 codicibus
1493 426 1596 456 mss.
1627 415 1682 456 N.
1713 415 1764 456 Τ.
2581 401 2704 464 123

424 589 503 640 Ad
541 587 771 639 Codices
808 591 875 638 in
911 590 1253 655 Hungaria
1298 595 1600 640 asservatos
1638 591 1932 654 pergimus3
1990 605 2213 654 quorum
2251 588 2704 654 diligentissimam

250 680 627 744 descriptionem
666 677 886 727 exhibet
919 677 1201 741 Appendix
1237 676 1435 726 Introd.
1475 691 1592 740 gen.
1630 678 1686 725 in
1725 677 1777 726 S.
1817 677 1870 727 S.
1907 678 1968 727 L.
2009 679 2072 726 N.
2114 679 2174 726 T.
2201 694 2252 742 p.
2283 679 2400 725 209.
2427 691 2468 725 s.
2507 677 2705 739 scripta

247 785 275 820 a
300 769 345 818 S.
368 762 631 825 Markfi,
673 763 741 812 Ο.
770 764 827 814 8.
849 765 911 812 Β.
948 765 1063 812 viro
1101 764 1423 825 doctissimo,
1462 765 1658 828 piaque
1695 766 1952 813 memoria
1987 763 2291 814 recolende.
2329 763 2391 811 L.
2431 762 2706 827 Schopper

246 856 343 918 Gy„
380 849 750 915 emlekbeszed
784 847 977 900 Markfi
1016 850 1179 899 Samu
1215 850 1378 899 felett.
1416 850 1553 898 Bud.
1582 851 1732 899 1861.
1785 849 1920 898 Sunt
1953 856 2131 900 autem
2170 849 2202 880 ὕ
2241 848 2371 898 Cod.
2412 851 2492 898 78.
2531 828 2703 898 Nlusei

244 939 556 1000 Pestinensis,
615 937 882 1002 quondam
932 937 1309 986 celeberrimae
1357 937 1495 985 Bibl.
1536 935 1908 998 Corvinianae,
1959 938 2016 985 in
2053 952 2211 1002 quam
2247 937 2362 985 Rex
2399 935 2704 985 Mathias

245 1040 465 1091 magnam
512 1024 764 1073 codicum
812 1040 933 1073 mss.
986 1039 1049 1071 ex
1101 1022 1319 1072 Oriente
1370 1024 1638 1087 congessit
1686 1029 1888 1087 partem
1927 1052 1994 1058 —
2033 1040 2080 1072 v.
2117 1022 2333 1085 Moller,
2391 1023 2456 1071 de
2507 1023 2703 1072 meritis

245 1113 451 1164 Mathiae
488 1109 709 1160 Corvini
744 1113 801 1159 in
836 1127 943 1159 rem
984 1110 1120 1158 liter.
1158 1110 1394 1160 Thoruni
1434 1112 1583 1158 1707.
1619 1110 1684 1158 X.
1735 1108 1934 1171 Schier,
1973 1110 2037 1158 de
2074 1108 2412 1159 Bibliotheca
2447 1109 2701 1158 Budensi.

244 1201 408 1250 Vienn.
437 1199 585 1247 1799.
628 1197 957 1260 Wallaszky,
997 1196 1331 1260 Conspectus
1365 1196 1515 1260 Reip.
1541 1196 1617 1244 lit.
1644 1197 1701 1245 in
1727 1196 2018 1260 Hungaria.
2044 1196 2181 1245 Bud.
2214 1188 2361 1246 1808.
2386 1213 2436 1259 p.
2468 1198 2582 1244 122.
2609 1212 2703 1258 -;

244 1285 473 1353 posthaec
526 1282 891 1349 Carpzovii
943 1283 1266 1347 Lipsiensis,
1323 1282 1513 1331 deinde
1568 1282 1764 1331 nobilis
1802 1283 2046 1348 Hungari
2099 1283 2165 1332 N.
2211 1282 2588 1331 Jankovich
2639 1283 2704 1332 de

244 1372 415 1434 Vadas,
449 1386 477 1420 e
502 1370 657 1419 cuius
693 1369 1007 1419 collectione
1046 1369 1337 1434 acquisitus
1374 1369 1531 1418 hodie
1568 1371 1622 1418 in
1647 1370 1834 1418 Museo
1861 1370 2165 1418 Pestinensi
2231 1412 2292 1453 Qu
2296 1351 2408 1446 ⁹'G
2465 1371 2706 1420 inscribi-

247 1467 329 1509 tur.
369 1459 497 1508 Eius
531 1473 691 1506 usum
728 1457 931 1506 fecerat
965 1457 1029 1504 L.
1066 1457 1420 1517 Kusterus,
1458 1457 1513 1504 in
1552 1457 1631 1505 ed.
1671 1455 1824 1504 Millii
1861 1457 1924 1505 N.
1963 1457 2025 1506 T.
2062 1457 2230 1520 praef.
2272 1459 2340 1506 ad
2377 1457 2498 1506 lect.
2536 1473 2587 1521 p.
2626 1459 2704 1519 8.,

246 1547 546 1606 Wetsten,
599 1543 802 1609 proleg.
839 1543 881 1605 Ι,
920 1546 1001 1592 54.
1054 1543 1421 1592 Griesbach
1473 1547 1526 1592 et
1563 1543 1826 1605 Scholz,
1873 1543 1914 1604 Ι,
1953 1545 2036 1594 46.
2075 1549 2252 1593 autem
2291 1558 2390 1593 sua
2427 1545 2604 1593 omnia
2641 1560 2704 1592 ex

250 1635 454 1682 Kustero
491 1631 709 1680 habent.
765 1629 987 1680 Constat
1023 1632 1122 1678 292
1160 1630 1301 1679 foliis
1337 1631 1756 1679 membranaceis
1781 1631 1836 1678 in
1863 1636 2067 1695 quarto,
2104 1630 2324 1680 multum
2349 1632 2456 1680 iam
2494 1631 2701 1679 attritis.

247 1721 353 1770 Tria
386 1719 479 1767 Ev.
518 1732 561 1767 s.
600 1733 641 1767 s.
679 1717 938 1766 Matthaei
974 1717 1145 1766 Marci
1183 1721 1237 1765 et
1270 1716 1494 1766 Joannis
1543 1717 1752 1781 integra
1799 1717 1986 1780 habet3
2042 1718 2138 1767 sed
2184 1718 2367 1766 Lucae
2417 1733 2525 1766 uno
2574 1716 2701 1766 folio

246 1824 283 1856 c.
315 1808 389 1868 23,
425 1806 645 1855 11-16.
695 1805 953 1853 mutilum.
1014 1805 1226 1866 Kuster,
1272 1803 1307 1853 1.
1347 1820 1391 1852 c.
1428 1804 1647 1854 saeculo
1685 1805 1806 1854 XII.
1857 1804 2126 1854 adscribit.
2186 1805 2364 1853 Minus
2406 1803 2706 1852 adhucdum

248 1894 451 1942 innotuit
488 1890 671 1940 Codex
711 1893 827 1940 100.
882 1891 1255 1940 Universitatis
1305 1892 1630 1941 Pestinensis
1677 1893 1734 1939 in
1770 1882 1818 1940 42
1857 1893 1991 1954 sign.
2030 1891 2176 1940 VIII.
2214 1907 2276 1953 c.,
2317 1891 2442 1940 olim
2476 1891 2703 1941 Joannis

248 1977 468 2029 Vitezii
506 1979 748 2042 episcopi
785 1978 1054 2042 Quinque·
1036 1978 1414 2026 -Ecclesiensis
1451 1977 1618 2026 fuisse
1654 1977 1876 2026 videtur.
1927 1977 2160 2026 Exhibet
2195 1979 2461 2042 integrum
2500 1978 2704 2026 Evan-

246 2066 357 2132 geli
369 2081 528 2114 orum
564 2065 806 2126 Textum,
846 2064 1019 2112 demto
1045 2063 1229 2114 ultimo
1256 2078 1413 2112 versu
1438 2078 1479 2112 s.
1508 2065 1543 2112 J
1548 2078 1752 2113 oannis
1811 2063 2092 2113 Adduntur
2129 2063 2426 2113 scholia
2411 2079 2468 2111 1n
2491 2063 2705 2113 modum

248 2153 510 2202 Catenae
548 2156 815 2211 contexta,
854 2150 1066 2198 diversa
1102 2151 1265 2199 abiis
1293 2165 1431 2215 quae
1466 2165 1500 2198 a
1522 2151 1785 2212 Possinio,
1815 2150 2068 2200 Corderio
2097 2155 2257 2215 atque
2285 2149 2534 2199 Cramero
2562 2151 2706 2200 edita

246 2239 572 2288 laudabimus.
638 2237 863 2287 Constat
900 2239 1018 2286 374.
1057 2237 1214 2298 foliis„
1264 2253 1292 2285 e
1331 2238 1524 2302 quibus
1562 2239 1732 2302 prima
1767 2244 1886 2287 octo
1927 2243 1980 2286 et
2014 2237 2232 2286 totidem
2270 2242 2540 2301 postrema
2583 2243 2706 2288 sunt

248 2326 425 2387 charta,
479 2324 685 2388 reliqua
721 2325 777 2372 in
814 2325 1136 2373 membrana.
1176 2324 1445 2374 Saeculi
1482 2324 1814 2374 undecimi
1862 2325 2024 2374 habet
2061 2325 2295 2374 eiusdem
2333 2324 2706 2374 solertissimus

252 2413 399 2462 editor
448 2412 499 2461 S.
535 2409 803 2473 Markfi,
854 2413 944 2474 qui
988 2427 1107 2459 eum
1151 2411 1409 2460 sumtibus
1446 2410 1600 2459 Illmi.
1637 2411 1798 2476 Eppi.
1837 2411 2297 2480 Caesaropolitani
2347 2411 2398 2460 S.
2437 2409 2704 2475 Deaky,

246 2500 426 2549 Pestini
475 2500 623 2548 1860.
682 2514 802 2546 cum
856 2499 1293 2563 interpretatione
1348 2498 1658 2562 Hungarica
1706 2499 1904 2548 Textus
1960 2504 2013 2548 et
2061 2497 2393 2548 Scholiorum
2447 2497 2703 2564 vulgavit.

245 2587 373 2635 Idem
418 2601 569 2650 porro
622 2584 946 2634 clarissimus
996 2585 1077 2634 vir
1122 2586 1175 2633 in
1226 2587 1389 2634 citata
1438 2591 1561 2634 ante
1597 2586 1797 2635 Introd.
1846 2603 1896 2650 p.
1935 2586 2051 2634 218.
2091 2587 2208 2634 228.
2259 2587 2533 2650 utriusque
2573 2584 2703 2634 Cod.

249 2674 424 2723 Pestin.
474 2675 552 2722 78.
605 2677 657 2722 et
710 2674 823 2722 100.
876 2672 1182 2733 fac-simile,
1240 2676 1400 2738 atque
1455 2690 1506 2737 p.
1555 2676 1671 2723 229.
1711 2690 1752 2723 s.
1809 2674 2094 2724 eorundem
2151 2674 2396 2723 codicum
2449 2673 2705 2723 lectiones

248 2762 489 2809 variantes
525 2760 639 2808 orbi
675 2759 947 2807 literarum
974 2761 1395 2809 communicavit.
1439 2760 1662 2809 Accedit
1687 2761 1916 2825 denique
1943 2761 2056 2810 cod.
2082 2762 2249 2825 Lycei
2284 2760 2705 2810 Pisoniensis

248 2863 313 2911 gr.
346 2852 562 2911 quatuor
598 2845 1031 2911 Evangeliorum,
1068 2846 1343 2911 Bengelio,
1381 2847 1572 2895 introd.
1610 2848 1666 2895 in
1706 2846 1790 2897 Cr.
1822 2865 1872 2912 p.
1901 2850 2018 2897 376.
2055 2847 2468 2912 Byzantinus
2507 2847 2704 2912 dictus3

248 2933 515 2982 Wetstenio
552 2932 687 2997 prol.
726 2950 777 2997 p.
804 2934 887 2982 55.
938 2932 1304 2995 GriesbachiO,
1342 2934 1405 2983 N.
1444 2935 1505 2982 T.
1544 2934 1625 2982 ed.
1665 2934 1789 2983 Hal.
1831 2936 1978 2984 1796.
2018 2934 2148 3000 prol.
2187 2952 2228 2984 s.
2264 2935 2380 2984 VII.
2419 2952 2469 2999 p.
2500 2937 2614 2984 110.
2654 2939 2707 2984 et

248 3018 635 3081 Tischendorflo,
677 3020 758 3068 ed.
798 3036 868 3069 cr.
906 3020 1023 3069 VII.
1061 3020 1193 3084 prol.
1231 3036 1284 3084 p.
1324 3022 1439 3069 201.
1478 3020 1577 3069 sub
1616 3036 1657 3070 s.
1697 3022 1780 3070 86.
1821 3022 2030 3071 citatus.
2101 3022 2175 3071 Ut
2223 3023 2514 3070 communis
2563 3022 2706 3086 apud

246 3112 484 3157 nostrates
520 3107 623 3156 fert
659 3106 888 3168 traditio,
934 3107 1315 3171 praelaudatae
1360 3108 1629 3172 quondam
1677 3109 1723 3156 B
1736 3110 1756 3156 i
1770 3110 1803 3158 b
1819 3108 1838 3157 l
1852 3110 1870 3156 i
1887 3125 1916 3158 o
1932 3114 1955 3158 t
1968 3109 2003 3158 h
2018 3126 2046 3158 e
2063 3124 2092 3157 c
2107 3124 2138 3157 a
2153 3124 2181 3157 e
2233 3108 2272 3157 C
2291 3124 2320 3157 o
2336 3125 2362 3157 r
2374 3125 2407 3156 v
2421 3109 2438 3155 i
2452 3125 2486 3156 n
2501 3110 2520 3156 i
2534 3124 2568 3158 a
2579 3125 2614 3157 n
2629 3124 2662 3157 a
2676 3125 2706 3157 e
2810 3117 2825 3133 ·

248 3195 453 3257 portio
508 3194 749 3257 habetur,
800 3210 827 3243 e
878 3196 1141 3244 communi
1190 3194 1344 3245 huius
1390 3194 1643 3245 librorum
1691 3196 1924 3246 infausto
1975 3202 2132 3245 casu·
2153 3196 2333 3244 divina
2368 3194 2703 3259 providentia

248 3285 487 3343 servatus3
540 3286 663 3345 post
708 3280 927 3346 longum
962 3282 1019 3329 in
1056 3280 1247 3329 Silesia
1284 3281 1501 3331 exilium
1536 3284 1686 3331 initio
1725 3283 1928 3333 saeculi
1964 3282 2161 3333 XVIII.
2214 3282 2420 3347 patriae
2467 3282 2703 3331 redditus

248 3373 329 3417 est.
371 3368 615 3417 Eiusdem
656 3369 897 3417 criticum
936 3384 1157 3417 examen
1192 3370 1420 3418 instituit
1457 3370 1601 3419 erud.
1642 3369 1717 3420 St.
1753 3370 1842 3419 Fr.
1879 3371 1942 3419 L.
1979 3369 2366 3431 Endlicher,
2414 3368 2704 3433 Hungarus

248 3454 572 3515 Pisoniensis,
624 3454 769 3519 quod
806 3456 945 3520 typis
990 3470 1241 3503 excusum
1283 3456 1509 3505 habetur
1552 3458 1607 3505 in
1650 3458 1714 3505 E.
1751 3458 1839 3505 Fr.
1879 3456 1936 3505 C.
1980 3456 2374 3518 Rosenmiiller‚
2425 3460 2705 3505 comment.

248 3541 386 3590 theol.
421 3542 563 3605 Lips.
606 3543 755 3591 1832.
794 3542 863 3589 ΙΙ.
902 3544 949 3603 2,
984 3544 1067 3590 49.
1096 3558 1137 3591 s.
1188 3543 1387 3591 Textus
1423 3543 1842 3607 Evangeliorum
1878 3545 1934 3592 in
1971 3546 2053 3593 32.
2093 3544 2468 3608 quaterniones
2506 3543 2705 3592 divisus

248 3628 295 3675 in
325 3628 357 3677 s.
379 3630 426 3677 4.
461 3628 771 3677 membrana
808 3630 909 3676 254
946 3628 1087 3677 foliis
1126 3630 1438 3677 continetur.
1504 3628 1730 3679 Saeculo
1769 3630 1860 3679 XI.
1900 3636 2042 3679 certe
2079 3645 2188 3679 non
2225 3634 2306 3679 est
2327 3630 2571 3678 inferior.

429 3713 732 3763 Succedant
764 3714 1043 3764 Codices
1080 3716 1492 3777 Escuriales‚
1531 3732 1559 3765 e
1586 3718 1779 3781 quibus
1803 3718 1928 3766 Esc.
1953 3718 1994 3768 I.
2023 3718 2244 3767 eximiae
2271 3718 2703 3767 existimationis:

248 3801 656 3865 Evangeliarium
696 3804 1178 3864 membranaceum,
1203 3802 1344 3867 quod
1379 3802 1598 3853 Maria
1633 3804 2015 3869 Hungariae
2052 3804 2303 3869 Regina
2337 3806 2706 3869 pretiosissimi

247 3888 387 3937 instar
412 3888 599 3937 cimelii
640 3888 831 3938 obtulit
856 3888 1102 3953 Philippo
1128 3889 1195 3937 II.
1233 3890 1449 3938 Interim
1476 3890 1610 3939 alios
1635 3889 1799 3955 longa
1835 3892 1971 3940 serie
1997 3897 2240 3940 recenset
2275 3891 2452 3952 Birch,
2490 3894 2545 3940 in
2570 3892 2703 3956 prol.

248 3976 327 4034 Qu.
346 3976 438 4023 Ev.
458 3976 500 4036 I,
528 3977 610 4025 65.
634 3992 674 4025 s.
711 3976 997 4025 Memorari
1022 3976 1323 4025 adhucdum
1346 3981 1613 4026 merentur
1639 3979 1798 4027 etiam
1825 3977 2101 4027 Codices
2130 3976 2705 4043 Guelpherbytani

246 4045 475 4126 rescripti,
514 4078 543 4111 e
571 4064 765 4126 quibus
791 4064 925 4127 sign.
951 4063 1012 4111 P.
1037 4080 1089 4113 n.
1117 4065 1354 4113 continet
1379 4064 1676 4129 fragmenta
1699 4066 1790 4113 IV.
1817 4066 2050 4130 Evang.;
2078 4066 2211 4129 sign.
2240 4065 2302 4126 Q.
2329 4082 2379 4114 n.
2406 4065 2704 4129 fragmenta

246 4164 279 4197 s.
312 4164 351 4198 s.
384 4149 563 4199 Lucae
602 4154 657 4198 et
690 4150 887 4198 Joann.
924 4150 1099 4199 iudice
1135 4150 1425 4212 Knittel,
1470 4152 1562 4215 qui
1600 4166 1666 4200 ea
1700 4153 1844 4216 typis
1882 4152 2101 4215 exprimi
2139 4153 2345 4201 curavit
2379 4154 2434 4200 in
2471 4152 2704 4201 editione

246 4234 466 4298 Ulphilae
501 4236 733 4289 BrunOV.
769 4238 937 4297 1762„
976 4237 1192 4286 saeculo
1231 4238 1322 4285 VI.
1362 4243 1595 4287 exarata.
1634 4237 1716 4286 Cf.
1747 4237 1867 4287 Chr.
1895 4240 1981 4287 Fr.
2017 4238 2365 4299 Matthaei,
2404 4239 2484 4286 ed.
2520 4239 2621 4287 Ev.
2650 4236 2702 4287 S.

245 4319 385 4370 Marc.
408 4322 524 4388 Rig.
554 4324 705 4373 1788.
734 4338 855 4388 app.
882 4324 951 4371 II.
979 4323 1045 4372 de
1072 4325 1188 4373 cod.
1218 4323 1445 4389 Guelph.
1474 4340 1507 4373 a
1531 4325 1788 4374 Knittelio
1817 4327 2130 4375 examinatis
2164 4342 2215 4390 p.
2243 4327 2360 4374 319.
2400 4324 2702 4373 Tischen-

247 4406 391 4470 dorf,
438 4408 672 4458 Monuni.
712 4426 753 4459 s.
792 4425 913 4459 nov.
952 4410 1072 4459 coll.
1124 4412 1271 4475 Lips.
1312 4413 1461 4461 1860.
1499 4413 1597 4474 ΙΙΙ,
1638 4414 1718 4461 11.
1761 4415 1840 4461 12.
1880 4413 1960 4461 36.
2001 4427 2041 4460 s.
2114 4412 2264 4460 Idem
2315 4411 2486 4460 editor
2531 4426 2702 4460 novae

248 4493 550 4546 collectionis
600 4496 838 4545 Menum.
878 4512 1011 4546 sacr.
1050 4498 1230 4547 inedit.
1270 4498 1375 4548 vol.
1413 4499 1475 4547 V.
1512 4499 1684 4564 Epist.
1725 4498 1776 4547 8.
1814 4498 1970 4547 Pauli
2009 4504 2061 4547 et
2098 4498 2304 4547 Cathol.
2356 4498 2466 4557 fere
2513 4500 2702 4562 integr.

248 4595 301 4629 ex
332 4580 459 4632 libro
496 4582 777 4649 Porphyrii
810 4600 890 4649 ep.
917 4584 1160 4651 palimps.
1190 4599 1330 4634 saec.
1360 4585 1502 4633 VIII.
1530 4584 1629 4633 vel.
1656 4585 1748 4634 IX.
1775 4586 1921 4649 Lips.
1952 4586 2100 4635 1866.
2128 4584 2383 4650 vulgavit.
2424 4584 2704 4633 Codices
