<?xml version="1.0" encoding="UTF-8"?>
<!DOCTYPE html PUBLIC "-//W3C//DTD XHTML 1.0 Transitional//EN"
    "http://www.w3.org/TR/xhtml1/DTD/xhtml1-transitional.dtd">
<html xmlns="http://www.w3.org/1999/xhtml" xml:lang="en" lang="en">
 <head>
  <title>
</title>
<meta http-equiv="Content-Type" content="text/html;charset=utf-8" />
  <meta name='ocr-system' content='tesseract 3.04.00' />
  <meta name='ocr-capabilities' content='ocr_page ocr_carea ocr_par ocr_line ocrx_word'/>
</head>
<body>
  <div class='ocr_page' id='page_1' title='image "./historiarevelat02dankgoog_0270.png"; bbox 0 0 3309 5300; ppageno 0'>
   <div class='ocr_carea' id='block_1_1' title="bbox 516 377 2289 449">
    <p class='ocr_par' dir='ltr' id='par_1_1' title="bbox 516 377 2289 449">
     <span class='ocr_line' id='line_1_1' title="bbox 516 377 2289 449; baseline -0.005 -11"><span class='ocrx_word' id='word_1_1' title='bbox 516 377 645 449; x_wconf 78' lang='grc'><strong>248</strong></span> <span class='ocrx_word' id='word_1_2' title='bbox 1228 391 1463 432; x_wconf 83' lang='lat' dir='ltr'><strong>Comment.</strong></span> <span class='ocrx_word' id='word_1_3' title='bbox 1493 390 1545 430; x_wconf 82' lang='lat' dir='ltr'><strong>de</strong></span> <span class='ocrx_word' id='word_1_4' title='bbox 1574 391 1617 431; x_wconf 85' lang='lat' dir='ltr'><strong>S.</strong></span> <span class='ocrx_word' id='word_1_5' title='bbox 1640 391 1798 442; x_wconf 78' lang='lat' dir='ltr'><strong>Script.</strong></span> <span class='ocrx_word' id='word_1_6' title='bbox 1829 402 1923 441; x_wconf 82' lang='lat' dir='ltr'><strong>cap.</strong></span> <span class='ocrx_word' id='word_1_7' title='bbox 1955 401 2041 431; x_wconf 87' lang='lat' dir='ltr'><strong>sec.</strong></span> <span class='ocrx_word' id='word_1_8' title='bbox 2070 391 2202 431; x_wconf 81' lang='lat' dir='ltr'><strong>tract.</strong></span> <span class='ocrx_word' id='word_1_9' title='bbox 2231 390 2289 429; x_wconf 90' lang='grc' dir='ltr'><strong>ΙΙ.</strong></span> 
     </span>
    </p>
   </div>
   <div class='ocr_carea' id='block_1_2' title="bbox 520 668 3022 849">
    <p class='ocr_par' dir='ltr' id='par_1_2' title="bbox 520 668 3022 849">
     <span class='ocr_line' id='line_1_2' title="bbox 520 668 3022 756; baseline -0.002 -21"><span class='ocrx_word' id='word_1_10' title='bbox 520 675 578 753; x_wconf 64' lang='grc' dir='ltr'><strong>ἓ.</strong></span> <span class='ocrx_word' id='word_1_11' title='bbox 631 676 773 740; x_wconf 83' lang='grc'><strong>104.</strong></span> <span class='ocrx_word' id='word_1_12' title='bbox 840 670 906 735; x_wconf 88' lang='lat' dir='ltr'><strong>S.</strong></span> <span class='ocrx_word' id='word_1_13' title='bbox 967 670 1433 756; x_wconf 89' lang='lat' dir='ltr'><strong>Scripturae</strong></span> <span class='ocrx_word' id='word_1_14' title='bbox 1494 669 1960 755; x_wconf 81' lang='lat' dir='ltr'>vulgaribus</span> <span class='ocrx_word' id='word_1_15' title='bbox 2018 670 2308 755; x_wconf 88' lang='lat' dir='ltr'><strong>linguis</strong></span> <span class='ocrx_word' id='word_1_16' title='bbox 2367 694 2406 733; x_wconf 88' lang='lat' dir='ltr'><strong>a</strong></span> <span class='ocrx_word' id='word_1_17' title='bbox 2461 668 3022 735; x_wconf 85' lang='lat' dir='ltr'><strong>Societatibus</strong></span> 
     </span>
     <span class='ocr_line' id='line_1_3' title="bbox 867 782 2660 849; baseline 0.001 -2"><span class='ocrx_word' id='word_1_18' title='bbox 867 807 916 847; x_wconf 89' lang='lat' dir='ltr'><strong>s.</strong></span> <span class='ocrx_word' id='word_1_19' title='bbox 966 783 1028 848; x_wconf 90' lang='lat' dir='ltr'><strong>d.</strong></span> <span class='ocrx_word' id='word_1_20' title='bbox 1074 782 1513 848; x_wconf 91' lang='lat' dir='ltr'><strong>Bibliorum</strong></span> <span class='ocrx_word' id='word_1_21' title='bbox 1562 783 1828 847; x_wconf 88' lang='lat' dir='ltr'><strong>editae</strong></span> <span class='ocrx_word' id='word_1_22' title='bbox 1877 806 2206 847; x_wconf 88' lang='lat' dir='ltr'><strong>censura</strong></span> <span class='ocrx_word' id='word_1_23' title='bbox 2252 783 2660 849; x_wconf 88' lang='lat' dir='ltr'><strong>donantur.</strong></span> 
     </span>
    </p>
   </div>
   <div class='ocr_carea' id='block_1_3' title="bbox 523 975 3054 3824">
    <p class='ocr_par' dir='ltr' id='par_1_3' title="bbox 523 975 3038 2607">
     <span class='ocr_line' id='line_1_4' title="bbox 732 975 3022 1041; baseline -0.001 -16"><span class='ocrx_word' id='word_1_24' title='bbox 732 975 1035 1039; x_wconf 89' lang='lat' dir='ltr'><strong>Catholica,</strong></span> <span class='ocrx_word' id='word_1_25' title='bbox 1097 991 1257 1041; x_wconf 84' lang='lat' dir='ltr'><strong>quam</strong></span> <span class='ocrx_word' id='word_1_26' title='bbox 1316 977 1477 1027; x_wconf 86' lang='lat' dir='ltr'><strong>Jesus</strong></span> <span class='ocrx_word' id='word_1_27' title='bbox 1534 975 1778 1027; x_wconf 88' lang='lat' dir='ltr'><strong>Christus</strong></span> <span class='ocrx_word' id='word_1_28' title='bbox 1832 978 2032 1026; x_wconf 88' lang='lat' dir='ltr'><strong>Divina</strong></span> <span class='ocrx_word' id='word_1_29' title='bbox 2084 978 2314 1026; x_wconf 77' lang='lat' dir='ltr'><strong>instituit</strong></span> <span class='ocrx_word' id='word_1_30' title='bbox 2366 977 2687 1025; x_wconf 83' lang='lat' dir='ltr'><strong>auctoritate</strong></span> <span class='ocrx_word' id='word_1_31' title='bbox 2741 975 3022 1036; x_wconf 80' lang='lat' dir='ltr'><strong>Ecclesia,</strong></span> 
     </span>
     <span class='ocr_line' id='line_1_5' title="bbox 523 1061 3024 1129; baseline -0.001 -16"><span class='ocrx_word' id='word_1_32' title='bbox 523 1062 668 1113; x_wconf 91' lang='lat' dir='ltr'><strong>nullo</strong></span> <span class='ocrx_word' id='word_1_33' title='bbox 715 1079 825 1113; x_wconf 92' lang='lat' dir='ltr'><strong>non</strong></span> <span class='ocrx_word' id='word_1_34' title='bbox 872 1068 1111 1128; x_wconf 86' lang='lat' dir='ltr'><strong>tempore</strong></span> <span class='ocrx_word' id='word_1_35' title='bbox 1159 1062 1285 1113; x_wconf 85' lang='lat' dir='ltr'><strong>fidei</strong></span> <span class='ocrx_word' id='word_1_36' title='bbox 1333 1078 1627 1129; x_wconf 79' lang='lat' dir='ltr'><strong>praecones</strong></span> <span class='ocrx_word' id='word_1_37' title='bbox 1680 1064 1748 1114; x_wconf 87' lang='lat' dir='ltr'><strong>ad</strong></span> <span class='ocrx_word' id='word_1_38' title='bbox 1794 1080 1977 1115; x_wconf 88' lang='lat' dir='ltr'><strong>omnes</strong></span> <span class='ocrx_word' id='word_1_39' title='bbox 2023 1069 2210 1129; x_wconf 80' lang='lat' dir='ltr'><strong>gentes</strong></span> <span class='ocrx_word' id='word_1_40' title='bbox 2257 1063 2488 1129; x_wconf 90' lang='lat' dir='ltr'><strong>legitime</strong></span> <span class='ocrx_word' id='word_1_41' title='bbox 2534 1065 2704 1127; x_wconf 82' lang='lat' dir='ltr'><strong>misit3</strong></span> <span class='ocrx_word' id='word_1_42' title='bbox 2755 1064 2848 1128; x_wconf 86' lang='lat' dir='ltr'><strong>qui</strong></span> <span class='ocrx_word' id='word_1_43' title='bbox 2899 1061 3024 1111; x_wconf 83' lang='lat' dir='ltr'><strong>zelo</strong></span> 
     </span>
     <span class='ocr_line' id='line_1_6' title="bbox 524 1150 3024 1216; baseline -0 -17"><span class='ocrx_word' id='word_1_44' title='bbox 524 1156 799 1216; x_wconf 86' lang='lat' dir='ltr'><strong>nunquam&#39;</strong></span> <span class='ocrx_word' id='word_1_45' title='bbox 847 1152 975 1201; x_wconf 83' lang='lat' dir='ltr'><strong>satis</strong></span> <span class='ocrx_word' id='word_1_46' title='bbox 1021 1150 1291 1200; x_wconf 88' lang='lat' dir='ltr'><strong>laudando</strong></span> <span class='ocrx_word' id='word_1_47' title='bbox 1338 1152 1469 1214; x_wconf 87' lang='lat' dir='ltr'><strong>acti,</strong></span> <span class='ocrx_word' id='word_1_48' title='bbox 1517 1166 1703 1201; x_wconf 86' lang='lat' dir='ltr'><strong>sanam</strong></span> <span class='ocrx_word' id='word_1_49' title='bbox 1750 1151 1816 1200; x_wconf 92' lang='lat' dir='ltr'><strong>de</strong></span> <span class='ocrx_word' id='word_1_50' title='bbox 1852 1152 1970 1201; x_wconf 95' lang='lat' dir='ltr'><strong>Deo</strong></span> <span class='ocrx_word' id='word_1_51' title='bbox 2015 1153 2283 1215; x_wconf 84' lang='lat' dir='ltr'><strong>rebusque</strong></span> <span class='ocrx_word' id='word_1_52' title='bbox 2332 1151 2654 1201; x_wconf 90' lang='lat' dir='ltr'><strong>coelestibus</strong></span> <span class='ocrx_word' id='word_1_53' title='bbox 2701 1150 3024 1211; x_wconf 80' lang='lat' dir='ltr'><strong>doctrinam,</strong></span> 
     </span>
     <span class='ocr_line' id='line_1_7' title="bbox 524 1226 3023 1304; baseline -0.001 -18"><span class='ocrx_word' id='word_1_54' title='bbox 524 1239 720 1303; x_wconf 89' lang='lat' dir='ltr'><strong>piaque</strong></span> <span class='ocrx_word' id='word_1_55' title='bbox 769 1240 911 1288; x_wconf 82' lang='lat' dir='ltr'><strong>vitae</strong></span> <span class='ocrx_word' id='word_1_56' title='bbox 959 1244 1251 1304; x_wconf 86' lang='lat' dir='ltr'><strong>praecepta</strong></span> <span class='ocrx_word' id='word_1_57' title='bbox 1287 1238 1356 1288; x_wconf 87' lang='lat' dir='ltr'><strong>ad</strong></span> <span class='ocrx_word' id='word_1_58' title='bbox 1392 1226 1774 1289; x_wconf 86' lang='lat' dir='ltr'><strong>remotissimas</strong></span> <span class='ocrx_word' id='word_1_59' title='bbox 1821 1239 2057 1288; x_wconf 86' lang='lat' dir='ltr'><strong>tulerunt</strong></span> <span class='ocrx_word' id='word_1_60' title='bbox 2106 1252 2240 1287; x_wconf 86' lang='lat' dir='ltr'><strong>oras.</strong></span> <span class='ocrx_word' id='word_1_61' title='bbox 2305 1238 2393 1287; x_wconf 87' lang='lat' dir='ltr'><strong>Sic</strong></span> <span class='ocrx_word' id='word_1_62' title='bbox 2430 1237 2688 1303; x_wconf 85' lang='lat' dir='ltr'><strong>Apostoli,</strong></span> <span class='ocrx_word' id='word_1_63' title='bbox 2741 1238 2822 1287; x_wconf 85' lang='lat' dir='ltr'><strong>sic</strong></span> <span class='ocrx_word' id='word_1_64' title='bbox 2859 1236 3023 1285; x_wconf 89' lang='lat' dir='ltr'><strong>disci-</strong></span> 
     </span>
     <span class='ocr_line' id='line_1_8' title="bbox 525 1324 3022 1391; baseline -0.001 -18"><span class='ocrx_word' id='word_1_65' title='bbox 525 1324 638 1389; x_wconf 91' lang='lat' dir='ltr'><strong>puli</strong></span> <span class='ocrx_word' id='word_1_66' title='bbox 683 1324 1085 1390; x_wconf 84' lang='lat' dir='ltr'><strong>Apostolorum3</strong></span> <span class='ocrx_word' id='word_1_67' title='bbox 1136 1327 1476 1375; x_wconf 83' lang='lat' dir='ltr'><strong>Frumentius</strong></span> <span class='ocrx_word' id='word_1_68' title='bbox 1528 1328 1618 1390; x_wconf 91' lang='lat' dir='ltr'><strong>qui</strong></span> <span class='ocrx_word' id='word_1_69' title='bbox 1655 1325 1945 1391; x_wconf 79' lang='lat' dir='ltr'><strong>Aethiopes</strong></span> <span class='ocrx_word' id='word_1_70' title='bbox 1995 1328 2281 1389; x_wconf 61' lang='lat' dir='ltr'><strong>convertit,</strong></span> <span class='ocrx_word' id='word_1_71' title='bbox 2331 1324 2608 1374; x_wconf 85' lang='lat' dir='ltr'><strong>Palladius</strong></span> <span class='ocrx_word' id='word_1_72' title='bbox 2652 1329 2707 1374; x_wconf 85' lang='lat' dir='ltr'><strong>et</strong></span> <span class='ocrx_word' id='word_1_73' title='bbox 2741 1324 3022 1384; x_wconf 86' lang='lat' dir='ltr'><strong>Patritius,</strong></span> 
     </span>
     <span class='ocr_line' id='line_1_9' title="bbox 528 1408 3026 1477; baseline -0.001 -17"><span class='ocrx_word' id='word_1_74' title='bbox 528 1426 663 1476; x_wconf 86' lang='lat' dir='ltr'><strong>quos</strong></span> <span class='ocrx_word' id='word_1_75' title='bbox 701 1410 1035 1464; x_wconf 87' lang='lat' dir='ltr'><strong>Coelestinus</strong></span> <span class='ocrx_word' id='word_1_76' title='bbox 1071 1413 1133 1463; x_wconf 83' lang='lat' dir='ltr'><strong>R.</strong></span> <span class='ocrx_word' id='word_1_77' title='bbox 1164 1414 1221 1461; x_wconf 92' lang='lat' dir='ltr'><strong>P.</strong></span> <span class='ocrx_word' id='word_1_78' title='bbox 1262 1413 1333 1462; x_wconf 85' lang='lat' dir='ltr'><strong>ad</strong></span> <span class='ocrx_word' id='word_1_79' title='bbox 1367 1414 1652 1474; x_wconf 90' lang='lat' dir='ltr'><strong>Hibernos,</strong></span> <span class='ocrx_word' id='word_1_80' title='bbox 1697 1414 2044 1477; x_wconf 80' lang='lat' dir='ltr'><strong>Augustinus,</strong></span> <span class='ocrx_word' id='word_1_81' title='bbox 2083 1428 2239 1476; x_wconf 89' lang='lat' dir='ltr'><strong>quem</strong></span> <span class='ocrx_word' id='word_1_82' title='bbox 2279 1428 2398 1461; x_wconf 90' lang='lat' dir='ltr'><strong>cum</strong></span> <span class='ocrx_word' id='word_1_83' title='bbox 2435 1412 2714 1461; x_wconf 87' lang='lat' dir='ltr'><strong>Monachis</strong></span> <span class='ocrx_word' id='word_1_84' title='bbox 2751 1410 2818 1460; x_wconf 92' lang='grc' dir='ltr'><strong>Ο.</strong></span> <span class='ocrx_word' id='word_1_85' title='bbox 2857 1408 2914 1458; x_wconf 83' lang='lat' dir='ltr'><strong>S.</strong></span> <span class='ocrx_word' id='word_1_86' title='bbox 2955 1409 3026 1458; x_wconf 92' lang='lat' dir='ltr'><strong>B.</strong></span> 
     </span>
     <span class='ocr_line' id='line_1_10' title="bbox 528 1497 3021 1564; baseline -0.001 -15"><span class='ocrx_word' id='word_1_87' title='bbox 528 1499 598 1549; x_wconf 86' lang='lat' dir='ltr'><strong>ad</strong></span> <span class='ocrx_word' id='word_1_88' title='bbox 633 1498 1037 1564; x_wconf 86' lang='lat' dir='ltr'><strong>Anglosaxones</strong></span> <span class='ocrx_word' id='word_1_89' title='bbox 1073 1516 1116 1550; x_wconf 91' lang='lat' dir='ltr'><strong>s.</strong></span> <span class='ocrx_word' id='word_1_90' title='bbox 1146 1499 1433 1564; x_wconf 82' lang='lat' dir='ltr'><strong>Gregorius</strong></span> <span class='ocrx_word' id='word_1_91' title='bbox 1471 1499 1541 1548; x_wconf 90' lang='lat' dir='ltr'><strong>M.</strong></span> <span class='ocrx_word' id='word_1_92' title='bbox 1580 1500 1748 1563; x_wconf 79' lang='lat' dir='ltr'><strong>misit3</strong></span> <span class='ocrx_word' id='word_1_93' title='bbox 1789 1502 1865 1550; x_wconf 89' lang='lat' dir='ltr'><strong>sic</strong></span> <span class='ocrx_word' id='word_1_94' title='bbox 1903 1500 1955 1549; x_wconf 80' lang='lat' dir='ltr'><strong>S.</strong></span> <span class='ocrx_word' id='word_1_95' title='bbox 1994 1501 2320 1560; x_wconf 87' lang='lat' dir='ltr'><strong>Bonifacius,</strong></span> <span class='ocrx_word' id='word_1_96' title='bbox 2362 1498 2412 1548; x_wconf 81' lang='lat' dir='ltr'><strong>S.</strong></span> <span class='ocrx_word' id='word_1_97' title='bbox 2451 1499 2681 1563; x_wconf 86' lang='lat' dir='ltr'><strong>Cyrillus</strong></span> <span class='ocrx_word' id='word_1_98' title='bbox 2721 1504 2774 1547; x_wconf 93' lang='lat' dir='ltr'><strong>et</strong></span> <span class='ocrx_word' id='word_1_99' title='bbox 2808 1497 3021 1547; x_wconf 89' lang='lat' dir='ltr'><strong>Metho-</strong></span> 
     </span>
     <span class='ocr_line' id='line_1_11' title="bbox 531 1585 3024 1652; baseline -0 -17"><span class='ocrx_word' id='word_1_100' title='bbox 531 1586 674 1649; x_wconf 89' lang='lat' dir='ltr'><strong>dius,</strong></span> <span class='ocrx_word' id='word_1_101' title='bbox 726 1603 767 1636; x_wconf 89' lang='lat' dir='ltr'><strong>s.</strong></span> <span class='ocrx_word' id='word_1_102' title='bbox 804 1585 1127 1637; x_wconf 87' lang='lat' dir='ltr'><strong>Adalbertus</strong></span> <span class='ocrx_word' id='word_1_103' title='bbox 1166 1592 1327 1652; x_wconf 86' lang='lat' dir='ltr'><strong>atque</strong></span> <span class='ocrx_word' id='word_1_104' title='bbox 1364 1588 1627 1636; x_wconf 84' lang='lat' dir='ltr'><strong>innumeri</strong></span> <span class='ocrx_word' id='word_1_105' title='bbox 1666 1603 1730 1635; x_wconf 86' lang='lat' dir='ltr'><strong>ex</strong></span> <span class='ocrx_word' id='word_1_106' title='bbox 1768 1586 1971 1636; x_wconf 88' lang='lat' dir='ltr'><strong>familia</strong></span> <span class='ocrx_word' id='word_1_107' title='bbox 2015 1586 2066 1634; x_wconf 83' lang='lat' dir='ltr'><strong>S.</strong></span> <span class='ocrx_word' id='word_1_108' title='bbox 2106 1586 2407 1647; x_wconf 88' lang='lat' dir='ltr'><strong>Francisci,</strong></span> <span class='ocrx_word' id='word_1_109' title='bbox 2461 1586 2512 1635; x_wconf 82' lang='lat' dir='ltr'><strong>S.</strong></span> <span class='ocrx_word' id='word_1_110' title='bbox 2549 1587 2821 1635; x_wconf 90' lang='lat' dir='ltr'><strong>Dominici</strong></span> <span class='ocrx_word' id='word_1_111' title='bbox 2857 1591 3024 1649; x_wconf 88' lang='lat' dir='ltr'><strong>atque</strong></span> 
     </span>
     <span class='ocr_line' id='line_1_12' title="bbox 532 1671 3028 1736; baseline -0.001 -15"><span class='ocrx_word' id='word_1_112' title='bbox 532 1688 572 1721; x_wconf 88' lang='lat' dir='ltr'><strong>s.</strong></span> <span class='ocrx_word' id='word_1_113' title='bbox 598 1672 792 1736; x_wconf 88' lang='lat' dir='ltr'><strong>Ignatii</strong></span> <span class='ocrx_word' id='word_1_114' title='bbox 826 1673 919 1721; x_wconf 89' lang='lat' dir='ltr'><strong>L.:</strong></span> <span class='ocrx_word' id='word_1_115' title='bbox 958 1671 1116 1722; x_wconf 86' lang='lat' dir='ltr'><strong>fidem</strong></span> <span class='ocrx_word' id='word_1_116' title='bbox 1152 1673 1220 1723; x_wconf 94' lang='lat' dir='ltr'><strong>D.</strong></span> <span class='ocrx_word' id='word_1_117' title='bbox 1246 1674 1311 1725; x_wconf 83' lang='lat' dir='ltr'><strong>N.</strong></span> <span class='ocrx_word' id='word_1_118' title='bbox 1343 1674 1394 1723; x_wconf 85' lang='lat' dir='ltr'><strong>J.</strong></span> <span class='ocrx_word' id='word_1_119' title='bbox 1424 1672 1622 1722; x_wconf 80' lang='lat' dir='ltr'><strong>Christi</strong></span> <span class='ocrx_word' id='word_1_120' title='bbox 1660 1675 1716 1721; x_wconf 89' lang='lat' dir='ltr'><strong>in</strong></span> <span class='ocrx_word' id='word_1_121' title='bbox 1755 1689 1963 1722; x_wconf 89' lang='lat' dir='ltr'><strong>omnem</strong></span> <span class='ocrx_word' id='word_1_122' title='bbox 1998 1677 2193 1721; x_wconf 89' lang='lat' dir='ltr'><strong>terram</strong></span> <span class='ocrx_word' id='word_1_123' title='bbox 2231 1677 2285 1721; x_wconf 87' lang='lat' dir='ltr'><strong>et</strong></span> <span class='ocrx_word' id='word_1_124' title='bbox 2319 1674 2373 1720; x_wconf 91' lang='lat' dir='ltr'><strong>in</strong></span> <span class='ocrx_word' id='word_1_125' title='bbox 2410 1671 2544 1721; x_wconf 86' lang='lat' dir='ltr'><strong>fines</strong></span> <span class='ocrx_word' id='word_1_126' title='bbox 2581 1674 2724 1722; x_wconf 91' lang='lat' dir='ltr'><strong>orbis</strong></span> <span class='ocrx_word' id='word_1_127' title='bbox 2761 1676 3028 1720; x_wconf 87' lang='lat' dir='ltr'><strong>terrarum</strong></span> 
     </span>
     <span class='ocr_line' id='line_1_13' title="bbox 531 1758 3030 1824; baseline -0.001 -17"><span class='ocrx_word' id='word_1_128' title='bbox 531 1764 825 1823; x_wconf 87' lang='lat' dir='ltr'><strong>portarunt.</strong></span> <span class='ocrx_word' id='word_1_129' title='bbox 886 1758 1061 1808; x_wconf 90' lang='lat' dir='ltr'><strong>Aucta</strong></span> <span class='ocrx_word' id='word_1_130' title='bbox 1108 1775 1235 1809; x_wconf 83' lang='lat' dir='ltr'><strong>vero</strong></span> <span class='ocrx_word' id='word_1_131' title='bbox 1285 1761 1340 1808; x_wconf 91' lang='lat' dir='ltr'><strong>in</strong></span> <span class='ocrx_word' id='word_1_132' title='bbox 1387 1760 1499 1809; x_wconf 86' lang='lat' dir='ltr'><strong>dies</strong></span> <span class='ocrx_word' id='word_1_133' title='bbox 1536 1760 1676 1809; x_wconf 90' lang='lat' dir='ltr'><strong>mole</strong></span> <span class='ocrx_word' id='word_1_134' title='bbox 1727 1759 2051 1824; x_wconf 87' lang='lat' dir='ltr'><strong>agendorum</strong></span> <span class='ocrx_word' id='word_1_135' title='bbox 2101 1758 2403 1823; x_wconf 76' lang='lat' dir='ltr'><strong>Gregorius</strong></span> <span class='ocrx_word' id='word_1_136' title='bbox 2427 1758 2541 1807; x_wconf 89' lang='lat' dir='ltr'><strong>XV.</strong></span> <span class='ocrx_word' id='word_1_137' title='bbox 2594 1773 2700 1823; x_wconf 89' lang='lat' dir='ltr'><strong>quo</strong></span> <span class='ocrx_word' id='word_1_138' title='bbox 2750 1760 3030 1823; x_wconf 85' lang='lat' dir='ltr'><strong>negotium</strong></span> 
     </span>
     <span class='ocr_line' id='line_1_14' title="bbox 532 1843 3029 1912; baseline 0 -19"><span class='ocrx_word' id='word_1_139' title='bbox 532 1846 801 1895; x_wconf 89' lang='lat' dir='ltr'><strong>Missionis</strong></span> <span class='ocrx_word' id='word_1_140' title='bbox 828 1845 897 1895; x_wconf 83' lang='lat' dir='ltr'><strong>ad</strong></span> <span class='ocrx_word' id='word_1_141' title='bbox 924 1853 1183 1897; x_wconf 84' lang='lat' dir='ltr'><strong>extremas</strong></span> <span class='ocrx_word' id='word_1_142' title='bbox 1221 1864 1389 1912; x_wconf 89' lang='lat' dir='ltr'><strong>usque</strong></span> <span class='ocrx_word' id='word_1_143' title='bbox 1417 1851 1599 1911; x_wconf 87' lang='lat' dir='ltr'><strong>gentes</strong></span> <span class='ocrx_word' id='word_1_144' title='bbox 1638 1847 1846 1896; x_wconf 88' lang='lat' dir='ltr'><strong>felicius</strong></span> <span class='ocrx_word' id='word_1_145' title='bbox 1884 1845 2209 1907; x_wconf 86' lang='lat' dir='ltr'><strong>succederet,</strong></span> <span class='ocrx_word' id='word_1_146' title='bbox 2250 1860 2392 1895; x_wconf 88' lang='lat' dir='ltr'><strong>anno</strong></span> <span class='ocrx_word' id='word_1_147' title='bbox 2422 1847 2571 1894; x_wconf 81' lang='grc'><strong>1622.</strong></span> <span class='ocrx_word' id='word_1_148' title='bbox 2611 1846 2814 1894; x_wconf 84' lang='lat' dir='ltr'><strong>creavit</strong></span> <span class='ocrx_word' id='word_1_149' title='bbox 2851 1843 3029 1894; x_wconf 90' lang='lat' dir='ltr'><strong>Colle-</strong></span> 
     </span>
     <span class='ocr_line' id='line_1_15' title="bbox 535 1932 3034 1999; baseline -0.001 -19"><span class='ocrx_word' id='word_1_150' title='bbox 535 1934 679 1997; x_wconf 87' lang='lat' dir='ltr'><strong>gium</strong></span> <span class='ocrx_word' id='word_1_151' title='bbox 720 1933 825 1993; x_wconf 86' lang='lat' dir='ltr'><strong>„de</strong></span> <span class='ocrx_word' id='word_1_152' title='bbox 864 1934 1295 1998; x_wconf 87' lang='lat' dir='ltr'><strong>propaganda</strong></span> <span class='ocrx_word' id='word_1_153' title='bbox 1332 1933 1524 1998; x_wconf 86' lang='lat' dir='ltr'><strong>fide“;</strong></span> <span class='ocrx_word' id='word_1_154' title='bbox 1565 1933 1708 1999; x_wconf 89' lang='lat' dir='ltr'><strong>quod</strong></span> <span class='ocrx_word' id='word_1_155' title='bbox 1735 1933 1886 1981; x_wconf 88' lang='lat' dir='ltr'><strong>donis</strong></span> <span class='ocrx_word' id='word_1_156' title='bbox 1911 1933 1962 1982; x_wconf 86' lang='lat' dir='ltr'><strong>J.</strong></span> <span class='ocrx_word' id='word_1_157' title='bbox 1991 1934 2053 1981; x_wconf 92' lang='grc' dir='ltr'><strong>Β.</strong></span> <span class='ocrx_word' id='word_1_158' title='bbox 2089 1932 2327 1981; x_wconf 86' lang='lat' dir='ltr'><strong>Vilesii</strong></span> <span class='ocrx_word' id='word_1_159' title='bbox 2365 1932 2595 1996; x_wconf 78' lang='lat' dir='ltr'><strong>Hispani</strong></span> <span class='ocrx_word' id='word_1_160' title='bbox 2632 1932 2896 1995; x_wconf 83' lang='lat' dir='ltr'><strong>ditissimi,</strong></span> <span class='ocrx_word' id='word_1_161' title='bbox 2937 1932 3034 1996; x_wconf 87' lang='lat' dir='ltr'><strong>qui</strong></span> 
     </span>
     <span class='ocr_line' id='line_1_16' title="bbox 537 2017 3034 2085; baseline -0.001 -16"><span class='ocrx_word' id='word_1_162' title='bbox 537 2035 719 2069; x_wconf 88' lang='lat' dir='ltr'><strong>omnes</strong></span> <span class='ocrx_word' id='word_1_163' title='bbox 756 2034 881 2069; x_wconf 87' lang='lat' dir='ltr'><strong>suas</strong></span> <span class='ocrx_word' id='word_1_164' title='bbox 909 2036 1037 2085; x_wconf 88' lang='lat' dir='ltr'><strong>opes</strong></span> <span class='ocrx_word' id='word_1_165' title='bbox 1064 2036 1183 2069; x_wconf 89' lang='lat' dir='ltr'><strong>eum</strong></span> <span class='ocrx_word' id='word_1_166' title='bbox 1207 2022 1265 2068; x_wconf 91' lang='lat' dir='ltr'><strong>in</strong></span> <span class='ocrx_word' id='word_1_167' title='bbox 1289 2019 1445 2069; x_wconf 88' lang='lat' dir='ltr'><strong>finem</strong></span> <span class='ocrx_word' id='word_1_168' title='bbox 1474 2020 1667 2069; x_wconf 89' lang='lat' dir='ltr'><strong>obtulit</strong></span> <span class='ocrx_word' id='word_1_169' title='bbox 1691 2020 1815 2068; x_wconf 90' lang='lat' dir='ltr'><strong>huie</strong></span> <span class='ocrx_word' id='word_1_170' title='bbox 1844 2018 2082 2083; x_wconf 87' lang='lat' dir='ltr'><strong>Collegio</strong></span> <span class='ocrx_word' id='word_1_171' title='bbox 2109 2035 2205 2069; x_wconf 85' lang='lat' dir='ltr'><strong>seu</strong></span> <span class='ocrx_word' id='word_1_172' title='bbox 2233 2017 2546 2079; x_wconf 83' lang='lat' dir='ltr'><strong>SeminariO,</strong></span> <span class='ocrx_word' id='word_1_173' title='bbox 2587 2018 2652 2067; x_wconf 87' lang='lat' dir='ltr'><strong>de</strong></span> <span class='ocrx_word' id='word_1_174' title='bbox 2676 2017 3034 2083; x_wconf 83' lang='lat' dir='ltr'><strong>propaganda</strong></span> 
     </span>
     <span class='ocr_line' id='line_1_17' title="bbox 536 2103 3032 2171; baseline -0.001 -16"><span class='ocrx_word' id='word_1_175' title='bbox 536 2105 667 2168; x_wconf 88' lang='lat' dir='ltr'><strong>fide,</strong></span> <span class='ocrx_word' id='word_1_176' title='bbox 714 2122 809 2171; x_wconf 87' lang='lat' dir='ltr'><strong>per</strong></span> <span class='ocrx_word' id='word_1_177' title='bbox 855 2107 1185 2157; x_wconf 88' lang='lat' dir='ltr'><strong>Urbanum</strong></span> <span class='ocrx_word' id='word_1_178' title='bbox 1221 2107 1367 2156; x_wconf 91' lang='lat' dir='ltr'><strong>VIII.</strong></span> <span class='ocrx_word' id='word_1_179' title='bbox 1407 2112 1621 2156; x_wconf 89' lang='lat' dir='ltr'><strong>auctum</strong></span> <span class='ocrx_word' id='word_1_180' title='bbox 1661 2111 1767 2155; x_wconf 86' lang='lat' dir='ltr'><strong>est:</strong></span> <span class='ocrx_word' id='word_1_181' title='bbox 1817 2122 1921 2170; x_wconf 92' lang='lat' dir='ltr'><strong>quo</strong></span> <span class='ocrx_word' id='word_1_182' title='bbox 1969 2120 2264 2169; x_wconf 83' lang='lat' dir='ltr'><strong>praecones</strong></span> <span class='ocrx_word' id='word_1_183' title='bbox 2303 2104 2372 2153; x_wconf 88' lang='lat' dir='ltr'><strong>ad</strong></span> <span class='ocrx_word' id='word_1_184' title='bbox 2409 2104 2692 2154; x_wconf 86' lang='lat' dir='ltr'><strong>Missiones</strong></span> <span class='ocrx_word' id='word_1_185' title='bbox 2740 2106 2864 2153; x_wconf 88' lang='lat' dir='ltr'><strong>ituri</strong></span> <span class='ocrx_word' id='word_1_186' title='bbox 2903 2103 3032 2154; x_wconf 88' lang='lat' dir='ltr'><strong>edu-</strong></span> 
     </span>
     <span class='ocr_line' id='line_1_18' title="bbox 540 2192 3033 2260; baseline -0 -18"><span class='ocrx_word' id='word_1_187' title='bbox 540 2198 739 2254; x_wconf 85' lang='lat' dir='ltr'><strong>centur,</strong></span> <span class='ocrx_word' id='word_1_188' title='bbox 780 2199 941 2259; x_wconf 88' lang='lat' dir='ltr'><strong>atque</strong></span> <span class='ocrx_word' id='word_1_189' title='bbox 979 2195 1271 2260; x_wconf 87' lang='lat' dir='ltr'><strong>disciplinis</strong></span> <span class='ocrx_word' id='word_1_190' title='bbox 1318 2196 1633 2244; x_wconf 86' lang='lat' dir='ltr'><strong>necessariis</strong></span> <span class='ocrx_word' id='word_1_191' title='bbox 1680 2195 2020 2242; x_wconf 88' lang='lat' dir='ltr'><strong>instruantur.</strong></span> <span class='ocrx_word' id='word_1_192' title='bbox 2081 2193 2235 2241; x_wconf 84' lang='lat' dir='ltr'><strong>Duae</strong></span> <span class='ocrx_word' id='word_1_193' title='bbox 2273 2192 2375 2241; x_wconf 86' lang='lat' dir='ltr'><strong>hae</strong></span> <span class='ocrx_word' id='word_1_194' title='bbox 2411 2192 2751 2242; x_wconf 81' lang='lat' dir='ltr'><strong>fundationes</strong></span> <span class='ocrx_word' id='word_1_195' title='bbox 2789 2220 2856 2227; x_wconf 93' lang='lat'>—</span> <span class='ocrx_word' id='word_1_196' title='bbox 2895 2208 3033 2257; x_wconf 86' lang='lat' dir='ltr'><strong>quas</strong></span> 
     </span>
     <span class='ocr_line' id='line_1_19' title="bbox 538 2278 3034 2345; baseline -0.001 -16"><span class='ocrx_word' id='word_1_197' title='bbox 538 2280 715 2329; x_wconf 89' lang='lat' dir='ltr'><strong>multis</strong></span> <span class='ocrx_word' id='word_1_198' title='bbox 754 2281 1007 2331; x_wconf 86' lang='lat' dir='ltr'><strong>describit</strong></span> <span class='ocrx_word' id='word_1_199' title='bbox 1046 2281 1109 2331; x_wconf 94' lang='lat' dir='ltr'><strong>O.</strong></span> <span class='ocrx_word' id='word_1_200' title='bbox 1146 2282 1330 2345; x_wconf 86' lang='lat' dir='ltr'><strong>Mejer‚</strong></span> <span class='ocrx_word' id='word_1_201' title='bbox 1372 2282 1458 2329; x_wconf 89' lang='lat' dir='ltr'><strong>die</strong></span> <span class='ocrx_word' id='word_1_202' title='bbox 1495 2280 1867 2345; x_wconf 88' lang='lat' dir='ltr'><strong>Propaganda.</strong></span> <span class='ocrx_word' id='word_1_203' title='bbox 1905 2279 2092 2344; x_wconf 89' lang='lat' dir='ltr'><strong>Leipz.</strong></span> <span class='ocrx_word' id='word_1_204' title='bbox 2132 2282 2284 2329; x_wconf 83' lang='lat'><strong>1852.</strong></span> <span class='ocrx_word' id='word_1_205' title='bbox 2321 2280 2365 2340; x_wconf 95' lang='lat' dir='ltr'><strong>I,</strong></span> <span class='ocrx_word' id='word_1_206' title='bbox 2404 2281 2486 2329; x_wconf 88' lang='lat'><strong>89.</strong></span> <span class='ocrx_word' id='word_1_207' title='bbox 2525 2296 2565 2328; x_wconf 90' lang='lat' dir='ltr'><strong>s.</strong></span> <span class='ocrx_word' id='word_1_208' title='bbox 2605 2308 2668 2314; x_wconf 92' lang='lat'><strong>—</strong></span> <span class='ocrx_word' id='word_1_209' title='bbox 2707 2278 3034 2329; x_wconf 86' lang='lat' dir='ltr'><strong>liberalitate</strong></span> 
     </span>
     <span class='ocr_line' id='line_1_20' title="bbox 541 2365 3034 2433; baseline -0.001 -16"><span class='ocrx_word' id='word_1_210' title='bbox 541 2367 876 2418; x_wconf 85' lang='lat' dir='ltr'><strong>Summorum</strong></span> <span class='ocrx_word' id='word_1_211' title='bbox 912 2368 1231 2418; x_wconf 87' lang='lat' dir='ltr'><strong>Pontificum</strong></span> <span class='ocrx_word' id='word_1_212' title='bbox 1268 2367 1585 2433; x_wconf 83' lang='lat' dir='ltr'><strong>Gregorii.</strong></span> <span class='ocrx_word' id='word_1_213' title='bbox 1629 2368 1742 2417; x_wconf 89' lang='lat' dir='ltr'><strong>XV.</strong></span> <span class='ocrx_word' id='word_1_214' title='bbox 1771 2372 1826 2415; x_wconf 90' lang='lat' dir='ltr'><strong>et</strong></span> <span class='ocrx_word' id='word_1_215' title='bbox 1849 2367 2101 2416; x_wconf 87' lang='lat' dir='ltr'><strong>Urbani</strong></span> <span class='ocrx_word' id='word_1_216' title='bbox 2137 2366 2311 2431; x_wconf 89' lang='lat' dir='ltr'><strong>VIII.;</strong></span> <span class='ocrx_word' id='word_1_217' title='bbox 2351 2365 2508 2415; x_wconf 88' lang='lat' dir='ltr'><strong>Card.</strong></span> <span class='ocrx_word' id='word_1_218' title='bbox 2541 2365 2604 2416; x_wconf 79' lang='lat' dir='ltr'><strong>G.</strong></span> <span class='ocrx_word' id='word_1_219' title='bbox 2629 2367 2693 2415; x_wconf 83' lang='lat' dir='ltr'><strong>N.</strong></span> <span class='ocrx_word' id='word_1_220' title='bbox 2723 2365 3034 2431; x_wconf 86' lang='lat' dir='ltr'><strong>Spinola,</strong></span> 
     </span>
     <span class='ocr_line' id='line_1_21' title="bbox 540 2452 3038 2519; baseline -0.001 -16"><span class='ocrx_word' id='word_1_221' title='bbox 540 2460 595 2504; x_wconf 91' lang='lat' dir='ltr'><strong>et</strong></span> <span class='ocrx_word' id='word_1_222' title='bbox 629 2456 729 2504; x_wconf 88' lang='lat' dir='ltr'><strong>viri</strong></span> <span class='ocrx_word' id='word_1_223' title='bbox 766 2454 889 2504; x_wconf 90' lang='lat' dir='ltr'><strong>laici</strong></span> <span class='ocrx_word' id='word_1_224' title='bbox 924 2455 1285 2505; x_wconf 87' lang='lat' dir='ltr'><strong>Andreossi</strong></span> <span class='ocrx_word' id='word_1_225' title='bbox 1331 2456 1405 2504; x_wconf 86' lang='lat' dir='ltr'><strong>de</strong></span> <span class='ocrx_word' id='word_1_226' title='bbox 1448 2456 1743 2519; x_wconf 86' lang='lat' dir='ltr'><strong>Bevagni</strong></span> <span class='ocrx_word' id='word_1_227' title='bbox 1783 2454 1970 2502; x_wconf 85' lang='lat' dir='ltr'><strong>eximie</strong></span> <span class='ocrx_word' id='word_1_228' title='bbox 2008 2452 2393 2517; x_wconf 85' lang='lat' dir='ltr'><strong>locupletatae,</strong></span> <span class='ocrx_word' id='word_1_229' title='bbox 2433 2453 2687 2517; x_wconf 88' lang='lat' dir='ltr'><strong>plurimos</strong></span> <span class='ocrx_word' id='word_1_230' title='bbox 2727 2453 3038 2502; x_wconf 82' lang='lat' dir='ltr'><strong>educabant</strong></span> 
     </span>
     <span class='ocr_line' id='line_1_22' title="bbox 542 2538 2821 2607; baseline -0.001 -17"><span class='ocrx_word' id='word_1_231' title='bbox 542 2542 880 2607; x_wconf 85' lang='lat' dir='ltr'><strong>educantque</strong></span> <span class='ocrx_word' id='word_1_232' title='bbox 918 2543 1240 2604; x_wconf 86' lang='lat' dir='ltr'><strong>sacerdotes,</strong></span> <span class='ocrx_word' id='word_1_233' title='bbox 1279 2544 1370 2607; x_wconf 90' lang='lat' dir='ltr'><strong>qni</strong></span> <span class='ocrx_word' id='word_1_234' title='bbox 1406 2542 1979 2591; x_wconf 88' lang='lat' dir='ltr'><strong>Missionariorum</strong></span> <span class='ocrx_word' id='word_1_235' title='bbox 2015 2542 2070 2588; x_wconf 90' lang='lat' dir='ltr'><strong>in</strong></span> <span class='ocrx_word' id='word_1_236' title='bbox 2107 2555 2164 2589; x_wconf 91' lang='lat' dir='ltr'><strong>se</strong></span> <span class='ocrx_word' id='word_1_237' title='bbox 2202 2542 2534 2605; x_wconf 88' lang='lat' dir='ltr'><strong>susciperent</strong></span> <span class='ocrx_word' id='word_1_238' title='bbox 2570 2538 2821 2589; x_wconf 87' lang='lat' dir='ltr'><strong>officium.</strong></span> 
     </span>
    </p>

    <p class='ocr_par' dir='ltr' id='par_1_4' title="bbox 543 2624 3054 3824">
     <span class='ocr_line' id='line_1_23' title="bbox 750 2624 3040 2693; baseline -0.001 -14"><span class='ocrx_word' id='word_1_239' title='bbox 750 2630 994 2680; x_wconf 90' lang='lat' dir='ltr'><strong>Eundem</strong></span> <span class='ocrx_word' id='word_1_240' title='bbox 1032 2631 1088 2679; x_wconf 89' lang='lat' dir='ltr'><strong>in</strong></span> <span class='ocrx_word' id='word_1_241' title='bbox 1124 2629 1281 2680; x_wconf 87' lang='lat' dir='ltr'><strong>finem</strong></span> <span class='ocrx_word' id='word_1_242' title='bbox 1320 2631 1549 2679; x_wconf 86' lang='lat' dir='ltr'><strong>excitato</strong></span> <span class='ocrx_word' id='word_1_243' title='bbox 1585 2627 1733 2693; x_wconf 91' lang='lat' dir='ltr'><strong>prelo</strong></span> <span class='ocrx_word' id='word_1_244' title='bbox 1769 2627 1974 2677; x_wconf 82' lang='lat' dir='ltr'><strong>illustre</strong></span> <span class='ocrx_word' id='word_1_245' title='bbox 2001 2626 2103 2676; x_wconf 91' lang='lat' dir='ltr'><strong>hoc</strong></span> <span class='ocrx_word' id='word_1_246' title='bbox 2131 2626 2427 2692; x_wconf 86' lang='lat' dir='ltr'><strong>Collegium</strong></span> <span class='ocrx_word' id='word_1_247' title='bbox 2450 2626 2738 2676; x_wconf 87' lang='lat' dir='ltr'><strong>Volumina</strong></span> <span class='ocrx_word' id='word_1_248' title='bbox 2775 2624 2827 2676; x_wconf 83' lang='lat' dir='ltr'><strong>S.</strong></span> <span class='ocrx_word' id='word_1_249' title='bbox 2855 2626 3040 2692; x_wconf 88' lang='lat' dir='ltr'><strong>Scrip-</strong></span> 
     </span>
     <span class='ocr_line' id='line_1_24' title="bbox 544 2715 3039 2780; baseline -0.001 -14"><span class='ocrx_word' id='word_1_250' title='bbox 544 2723 795 2780; x_wconf 87' lang='lat' dir='ltr'><strong>turarum,</strong></span> <span class='ocrx_word' id='word_1_251' title='bbox 833 2717 997 2768; x_wconf 87' lang='lat' dir='ltr'><strong>libros</strong></span> <span class='ocrx_word' id='word_1_252' title='bbox 1036 2718 1105 2767; x_wconf 85' lang='lat' dir='ltr'><strong>ad</strong></span> <span class='ocrx_word' id='word_1_253' title='bbox 1130 2719 1518 2768; x_wconf 86' lang='lat' dir='ltr'><strong>institutionem</strong></span> <span class='ocrx_word' id='word_1_254' title='bbox 1550 2722 1603 2765; x_wconf 88' lang='lat' dir='ltr'><strong>et</strong></span> <span class='ocrx_word' id='word_1_255' title='bbox 1629 2715 2056 2766; x_wconf 88' lang='lat' dir='ltr'><strong>aedificationem</strong></span> <span class='ocrx_word' id='word_1_256' title='bbox 2081 2715 2356 2777; x_wconf 87' lang='lat' dir='ltr'><strong>facientes,</strong></span> <span class='ocrx_word' id='word_1_257' title='bbox 2395 2715 2676 2779; x_wconf 85' lang='lat' dir='ltr'><strong>neophytis</strong></span> <span class='ocrx_word' id='word_1_258' title='bbox 2713 2716 3004 2764; x_wconf 85' lang='lat' dir='ltr'><strong>servituros</strong></span> <span class='ocrx_word' id='word_1_259' title='bbox 3024 2732 3039 2763; x_wconf 91' lang='lat'>:</span> 
     </span>
     <span class='ocr_line' id='line_1_25' title="bbox 543 2799 3043 2866; baseline -0.002 -14"><span class='ocrx_word' id='word_1_260' title='bbox 543 2804 829 2866; x_wconf 89' lang='lat' dir='ltr'><strong>Hebraica,</strong></span> <span class='ocrx_word' id='word_1_261' title='bbox 858 2803 1168 2866; x_wconf 89' lang='lat' dir='ltr'><strong>Chaldaica,</strong></span> <span class='ocrx_word' id='word_1_262' title='bbox 1195 2804 1441 2866; x_wconf 85' lang='lat' dir='ltr'><strong>Arabica,</strong></span> <span class='ocrx_word' id='word_1_263' title='bbox 1468 2804 1702 2864; x_wconf 87' lang='lat' dir='ltr'><strong>Persica,</strong></span> <span class='ocrx_word' id='word_1_264' title='bbox 1730 2802 2063 2866; x_wconf 87' lang='lat' dir='ltr'><strong>Aethiopica,</strong></span> <span class='ocrx_word' id='word_1_265' title='bbox 2099 2799 2334 2866; x_wconf 85' lang='lat' dir='ltr'><strong>Coptica,</strong></span> <span class='ocrx_word' id='word_1_266' title='bbox 2377 2801 2601 2863; x_wconf 85' lang='lat' dir='ltr'><strong>Graeca,</strong></span> <span class='ocrx_word' id='word_1_267' title='bbox 2639 2801 2856 2865; x_wconf 85' lang='lat' dir='ltr'><strong>Illyrica</strong></span> <span class='ocrx_word' id='word_1_268' title='bbox 2893 2802 3043 2866; x_wconf 83' lang='lat' dir='ltr'><strong>typis</strong></span> 
     </span>
     <span class='ocr_line' id='line_1_26' title="bbox 546 2887 3042 2956; baseline -0.002 -16"><span class='ocrx_word' id='word_1_269' title='bbox 546 2891 775 2940; x_wconf 86' lang='lat' dir='ltr'><strong>describi</strong></span> <span class='ocrx_word' id='word_1_270' title='bbox 823 2891 965 2940; x_wconf 83' lang='lat' dir='ltr'><strong>fecit.</strong></span> <span class='ocrx_word' id='word_1_271' title='bbox 1026 2891 1149 2942; x_wconf 90' lang='lat' dir='ltr'><strong>Hoc</strong></span> <span class='ocrx_word' id='word_1_272' title='bbox 1198 2893 1373 2956; x_wconf 88' lang='lat' dir='ltr'><strong>ipsum</strong></span> <span class='ocrx_word' id='word_1_273' title='bbox 1422 2892 1746 2952; x_wconf 88' lang='lat' dir='ltr'><strong>institutum,</strong></span> <span class='ocrx_word' id='word_1_274' title='bbox 1795 2890 2034 2953; x_wconf 87' lang='lat' dir='ltr'><strong>quamvis</strong></span> <span class='ocrx_word' id='word_1_275' title='bbox 2083 2888 2428 2937; x_wconf 83' lang='lat' dir='ltr'><strong>facultatibus</strong></span> <span class='ocrx_word' id='word_1_276' title='bbox 2478 2892 2756 2937; x_wconf 86' lang='lat' dir='ltr'><strong>attenuata</strong></span> <span class='ocrx_word' id='word_1_277' title='bbox 2797 2887 3042 2952; x_wconf 86' lang='lat' dir='ltr'><strong>Propa-</strong></span> 
     </span>
     <span class='ocr_line' id='line_1_27' title="bbox 547 2974 3046 3044; baseline -0.002 -17"><span class='ocrx_word' id='word_1_278' title='bbox 547 2977 786 3043; x_wconf 82' lang='lat' dir='ltr'><strong>ganda3</strong></span> <span class='ocrx_word' id='word_1_279' title='bbox 826 2979 893 3028; x_wconf 86' lang='lat' dir='ltr'><strong>ad</strong></span> <span class='ocrx_word' id='word_1_280' title='bbox 930 2983 1140 3028; x_wconf 87' lang='lat' dir='ltr'><strong>nostros</strong></span> <span class='ocrx_word' id='word_1_281' title='bbox 1178 2995 1347 3044; x_wconf 90' lang='lat' dir='ltr'><strong>usque</strong></span> <span class='ocrx_word' id='word_1_282' title='bbox 1387 2977 1499 3027; x_wconf 89' lang='lat' dir='ltr'><strong>dies</strong></span> <span class='ocrx_word' id='word_1_283' title='bbox 1534 2979 1758 3042; x_wconf 87' lang='lat' dir='ltr'><strong>impigre</strong></span> <span class='ocrx_word' id='word_1_284' title='bbox 1796 2977 2086 3025; x_wconf 88' lang='lat' dir='ltr'><strong>continuat.</strong></span> <span class='ocrx_word' id='word_1_285' title='bbox 2137 2974 2359 3039; x_wconf 91' lang='lat' dir='ltr'><strong>Longe</strong></span> <span class='ocrx_word' id='word_1_286' title='bbox 2399 2975 2596 3025; x_wconf 86' lang='lat' dir='ltr'><strong>aliter</strong></span> <span class='ocrx_word' id='word_1_287' title='bbox 2633 2974 2899 3039; x_wconf 89' lang='lat' dir='ltr'><strong>agendum</strong></span> <span class='ocrx_word' id='word_1_288' title='bbox 2937 2975 3046 3023; x_wconf 87' lang='lat' dir='ltr'><strong>sibi</strong></span> 
     </span>
     <span class='ocr_line' id='line_1_28' title="bbox 548 3062 3047 3131; baseline -0.002 -17"><span class='ocrx_word' id='word_1_289' title='bbox 548 3079 666 3114; x_wconf 89' lang='lat' dir='ltr'><strong>esse</strong></span> <span class='ocrx_word' id='word_1_290' title='bbox 703 3066 936 3129; x_wconf 85' lang='lat' dir='ltr'><strong>putavit,</strong></span> <span class='ocrx_word' id='word_1_291' title='bbox 981 3080 1121 3131; x_wconf 89' lang='lat' dir='ltr'><strong>quae</strong></span> <span class='ocrx_word' id='word_1_292' title='bbox 1163 3065 1451 3115; x_wconf 88' lang='lat' dir='ltr'><strong>Londini</strong></span> <span class='ocrx_word' id='word_1_293' title='bbox 1496 3079 1543 3113; x_wconf 88' lang='lat' dir='ltr'><strong>a.</strong></span> <span class='ocrx_word' id='word_1_294' title='bbox 1584 3065 1736 3113; x_wconf 85' lang='lat'><strong>1804.</strong></span> <span class='ocrx_word' id='word_1_295' title='bbox 1782 3062 1981 3111; x_wconf 88' lang='lat' dir='ltr'><strong>coaluit</strong></span> <span class='ocrx_word' id='word_1_296' title='bbox 2029 3063 2191 3111; x_wconf 87' lang='lat' dir='ltr'><strong>factio</strong></span> <span class='ocrx_word' id='word_1_297' title='bbox 2235 3063 2335 3112; x_wconf 90' lang='lat' dir='ltr'><strong>sub</strong></span> <span class='ocrx_word' id='word_1_298' title='bbox 2385 3063 2600 3111; x_wconf 89' lang='lat' dir='ltr'><strong>nomine</strong></span> <span class='ocrx_word' id='word_1_299' title='bbox 2651 3062 3047 3122; x_wconf 85' lang='lat' dir='ltr'><strong>„societatis</strong></span> 
     </span>
     <span class='ocr_line' id='line_1_29' title="bbox 548 3147 3046 3216; baseline -0.001 -17"><span class='ocrx_word' id='word_1_300' title='bbox 548 3150 895 3200; x_wconf 86' lang='lat' dir='ltr'><strong>Biblicae.“</strong></span> <span class='ocrx_word' id='word_1_301' title='bbox 954 3152 1106 3201; x_wconf 88' lang='lat' dir='ltr'><strong>Haec</strong></span> <span class='ocrx_word' id='word_1_302' title='bbox 1143 3153 1386 3200; x_wconf 88' lang='lat' dir='ltr'><strong>nimirum</strong></span> <span class='ocrx_word' id='word_1_303' title='bbox 1423 3152 1681 3216; x_wconf 87' lang='lat' dir='ltr'><strong>pecunias</strong></span> <span class='ocrx_word' id='word_1_304' title='bbox 1725 3165 1758 3198; x_wconf 91' lang='lat' dir='ltr'><strong>a</strong></span> <span class='ocrx_word' id='word_1_305' title='bbox 1795 3151 1904 3199; x_wconf 89' lang='lat' dir='ltr'><strong>suis</strong></span> <span class='ocrx_word' id='word_1_306' title='bbox 1942 3149 2216 3198; x_wconf 84' lang='lat' dir='ltr'><strong>sodalibus</strong></span> <span class='ocrx_word' id='word_1_307' title='bbox 2253 3147 2482 3213; x_wconf 89' lang='lat' dir='ltr'><strong>colligit,</strong></span> <span class='ocrx_word' id='word_1_308' title='bbox 2533 3152 2693 3213; x_wconf 89' lang='lat' dir='ltr'><strong>atque</strong></span> <span class='ocrx_word' id='word_1_309' title='bbox 2736 3149 2816 3198; x_wconf 86' lang='lat' dir='ltr'><strong>ad</strong></span> <span class='ocrx_word' id='word_1_310' title='bbox 2853 3163 3046 3196; x_wconf 85' lang='lat' dir='ltr'><strong>excu-</strong></span> 
     </span>
     <span class='ocr_line' id='line_1_30' title="bbox 550 3234 3048 3303; baseline -0.001 -17"><span class='ocrx_word' id='word_1_311' title='bbox 550 3237 823 3301; x_wconf 88' lang='lat' dir='ltr'><strong>dendas,</strong></span> <span class='ocrx_word' id='word_1_312' title='bbox 863 3237 1466 3303; x_wconf 85' lang='lat' dir='ltr'><strong>distrahendasque</strong></span> <span class='ocrx_word' id='word_1_313' title='bbox 1506 3237 1557 3287; x_wconf 82' lang='lat' dir='ltr'><strong>S.</strong></span> <span class='ocrx_word' id='word_1_314' title='bbox 1591 3236 1960 3286; x_wconf 87' lang='lat' dir='ltr'><strong>Bibliorum</strong></span> <span class='ocrx_word' id='word_1_315' title='bbox 1996 3235 2305 3300; x_wconf 88' lang='lat' dir='ltr'><strong>Utriusque,</strong></span> <span class='ocrx_word' id='word_1_316' title='bbox 2343 3235 2436 3283; x_wconf 87' lang='lat' dir='ltr'><strong>sed</strong></span> <span class='ocrx_word' id='word_1_317' title='bbox 2476 3236 2785 3299; x_wconf 87' lang='lat' dir='ltr'><strong>praesertim</strong></span> <span class='ocrx_word' id='word_1_318' title='bbox 2813 3235 2877 3284; x_wconf 86' lang='lat' dir='ltr'><strong>N.</strong></span> <span class='ocrx_word' id='word_1_319' title='bbox 2905 3234 3048 3284; x_wconf 86' lang='lat' dir='ltr'><strong>Foe-</strong></span> 
     </span>
     <span class='ocr_line' id='line_1_31' title="bbox 550 3320 3049 3389; baseline -0.001 -17"><span class='ocrx_word' id='word_1_320' title='bbox 550 3324 691 3374; x_wconf 87' lang='lat' dir='ltr'><strong>‹leris</strong></span> <span class='ocrx_word' id='word_1_321' title='bbox 715 3326 771 3373; x_wconf 90' lang='lat' dir='ltr'><strong>in</strong></span> <span class='ocrx_word' id='word_1_322' title='bbox 798 3325 1058 3387; x_wconf 89' lang='lat' dir='ltr'><strong>omnibus,</strong></span> <span class='ocrx_word' id='word_1_323' title='bbox 1100 3330 1354 3389; x_wconf 90' lang='lat' dir='ltr'><strong>quantum</strong></span> <span class='ocrx_word' id='word_1_324' title='bbox 1383 3324 1500 3373; x_wconf 88' lang='lat' dir='ltr'><strong>fieri</strong></span> <span class='ocrx_word' id='word_1_325' title='bbox 1530 3328 1723 3389; x_wconf 87' lang='lat' dir='ltr'><strong>potest,</strong></span> <span class='ocrx_word' id='word_1_326' title='bbox 1757 3327 2053 3372; x_wconf 84' lang='lat' dir='ltr'><strong>exterarum</strong></span> <span class='ocrx_word' id='word_1_327' title='bbox 2081 3323 2240 3370; x_wconf 88' lang='lat' dir='ltr'><strong>etiam</strong></span> <span class='ocrx_word' id='word_1_328' title='bbox 2265 3323 2503 3386; x_wconf 88' lang='lat' dir='ltr'><strong>gentium</strong></span> <span class='ocrx_word' id='word_1_329' title='bbox 2532 3320 2729 3386; x_wconf 87' lang='lat' dir='ltr'><strong>linguis</strong></span> <span class='ocrx_word' id='word_1_330' title='bbox 2754 3322 3049 3372; x_wconf 87' lang='lat' dir='ltr'><strong>Versiones</strong></span> 
     </span>
     <span class='ocr_line' id='line_1_32' title="bbox 549 3407 3048 3475; baseline -0.001 -16"><span class='ocrx_word' id='word_1_331' title='bbox 549 3410 823 3475; x_wconf 87' lang='lat' dir='ltr'><strong>impendit.</strong></span> <span class='ocrx_word' id='word_1_332' title='bbox 874 3409 1167 3460; x_wconf 88' lang='lat' dir='ltr'><strong>Societates</strong></span> <span class='ocrx_word' id='word_1_333' title='bbox 1194 3411 1331 3460; x_wconf 87' lang='lat' dir='ltr'><strong>aliae</strong></span> <span class='ocrx_word' id='word_1_334' title='bbox 1368 3410 1667 3460; x_wconf 88' lang='lat' dir='ltr'><strong>istiusmodi</strong></span> <span class='ocrx_word' id='word_1_335' title='bbox 1694 3410 1750 3458; x_wconf 91' lang='lat' dir='ltr'><strong>in</strong></span> <span class='ocrx_word' id='word_1_336' title='bbox 1779 3409 2084 3470; x_wconf 84' lang='lat' dir='ltr'><strong>Germania,</strong></span> <span class='ocrx_word' id='word_1_337' title='bbox 2123 3407 2315 3469; x_wconf 85' lang='lat' dir='ltr'><strong>Gallia,</strong></span> <span class='ocrx_word' id='word_1_338' title='bbox 2352 3408 2564 3470; x_wconf 85' lang='lat' dir='ltr'><strong>Russia,</strong></span> <span class='ocrx_word' id='word_1_339' title='bbox 2602 3408 2856 3458; x_wconf 86' lang='lat' dir='ltr'><strong>Helvetia</strong></span> <span class='ocrx_word' id='word_1_340' title='bbox 2891 3424 3048 3474; x_wconf 89' lang='lat' dir='ltr'><strong>repe-</strong></span> 
     </span>
     <span class='ocr_line' id='line_1_33' title="bbox 553 3494 3052 3562; baseline -0.002 -15"><span class='ocrx_word' id='word_1_341' title='bbox 553 3499 787 3562; x_wconf 68' lang='lat' dir='ltr'><strong>riuntur,</strong></span> <span class='ocrx_word' id='word_1_342' title='bbox 826 3503 987 3562; x_wconf 90' lang='lat' dir='ltr'><strong>atque</strong></span> <span class='ocrx_word' id='word_1_343' title='bbox 1025 3513 1208 3548; x_wconf 88' lang='lat' dir='ltr'><strong>omnes</strong></span> <span class='ocrx_word' id='word_1_344' title='bbox 1248 3498 1313 3547; x_wconf 91' lang='lat' dir='ltr'><strong>de</strong></span> <span class='ocrx_word' id='word_1_345' title='bbox 1344 3498 1587 3548; x_wconf 88' lang='lat' dir='ltr'><strong>laborum</strong></span> <span class='ocrx_word' id='word_1_346' title='bbox 1626 3513 1842 3546; x_wconf 88' lang='lat' dir='ltr'><strong>suorum</strong></span> <span class='ocrx_word' id='word_1_347' title='bbox 1879 3511 2132 3545; x_wconf 86' lang='lat' dir='ltr'><strong>successu</strong></span> <span class='ocrx_word' id='word_1_348' title='bbox 2169 3494 2478 3560; x_wconf 86' lang='lat' dir='ltr'><strong>gloriantur.</strong></span> <span class='ocrx_word' id='word_1_349' title='bbox 2528 3495 2781 3544; x_wconf 89' lang='lat' dir='ltr'><strong>Nostrum</strong></span> <span class='ocrx_word' id='word_1_350' title='bbox 2817 3511 2928 3544; x_wconf 89' lang='lat' dir='ltr'><strong>non</strong></span> <span class='ocrx_word' id='word_1_351' title='bbox 2963 3499 3052 3544; x_wconf 84' lang='lat' dir='ltr'><strong>est</strong></span> 
     </span>
     <span class='ocr_line' id='line_1_34' title="bbox 554 3581 3052 3647; baseline -0.001 -13"><span class='ocrx_word' id='word_1_352' title='bbox 554 3585 804 3634; x_wconf 83' lang='lat' dir='ltr'><strong>historias</strong></span> <span class='ocrx_word' id='word_1_353' title='bbox 840 3585 1050 3634; x_wconf 90' lang='lat' dir='ltr'><strong>illarum</strong></span> <span class='ocrx_word' id='word_1_354' title='bbox 1087 3601 1383 3635; x_wconf 88' lang='lat' dir='ltr'><strong>recensere.</strong></span> <span class='ocrx_word' id='word_1_355' title='bbox 1445 3585 1715 3634; x_wconf 87' lang='lat' dir='ltr'><strong>Fecerunt</strong></span> <span class='ocrx_word' id='word_1_356' title='bbox 1751 3584 1854 3634; x_wconf 92' lang='lat' dir='ltr'><strong>hoc</strong></span> <span class='ocrx_word' id='word_1_357' title='bbox 1891 3599 2032 3647; x_wconf 83' lang='lat' dir='ltr'><strong>„non</strong></span> <span class='ocrx_word' id='word_1_358' title='bbox 2070 3584 2183 3631; x_wconf 90' lang='lat' dir='ltr'><strong>sine</strong></span> <span class='ocrx_word' id='word_1_359' title='bbox 2221 3597 2366 3630; x_wconf 87' lang='lat' dir='ltr'><strong>vana</strong></span> <span class='ocrx_word' id='word_1_360' title='bbox 2401 3583 2719 3631; x_wconf 83' lang='lat' dir='ltr'><strong>iactantia“:</strong></span> <span class='ocrx_word' id='word_1_361' title='bbox 2755 3581 2790 3630; x_wconf 92' lang='lat'><strong>1.</strong></span> <span class='ocrx_word' id='word_1_362' title='bbox 2817 3583 3052 3646; x_wconf 88' lang='lat' dir='ltr'><strong>Reports</strong></span> 
     </span>
     <span class='ocr_line' id='line_1_35' title="bbox 556 3668 3052 3737; baseline -0.002 -16"><span class='ocrx_word' id='word_1_363' title='bbox 556 3672 616 3721; x_wconf 89' lang='lat' dir='ltr'><strong>of</strong></span> <span class='ocrx_word' id='word_1_364' title='bbox 647 3671 735 3721; x_wconf 91' lang='lat' dir='ltr'><strong>the</strong></span> <span class='ocrx_word' id='word_1_365' title='bbox 773 3671 961 3722; x_wconf 88' lang='lat' dir='ltr'><strong>british</strong></span> <span class='ocrx_word' id='word_1_366' title='bbox 1000 3672 1106 3721; x_wconf 88' lang='lat' dir='ltr'><strong>and</strong></span> <span class='ocrx_word' id='word_1_367' title='bbox 1143 3672 1351 3737; x_wconf 85' lang='lat' dir='ltr'><strong>forcing</strong></span> <span class='ocrx_word' id='word_1_368' title='bbox 1385 3671 1800 3735; x_wconf 81' lang='lat' dir='ltr'><strong>Bible-Soeiety.</strong></span> <span class='ocrx_word' id='word_1_369' title='bbox 1848 3670 2023 3719; x_wconf 91' lang='lat' dir='ltr'><strong>Lond.</strong></span> <span class='ocrx_word' id='word_1_370' title='bbox 2075 3671 2364 3719; x_wconf 83' lang='lat'><strong>1805—65.</strong></span> <span class='ocrx_word' id='word_1_371' title='bbox 2421 3669 2482 3717; x_wconf 90' lang='grc' dir='ltr'><strong>Τ.</strong></span> <span class='ocrx_word' id='word_1_372' title='bbox 2520 3669 2590 3717; x_wconf 89' lang='grc' dir='ltr'><strong>Η.</strong></span> <span class='ocrx_word' id='word_1_373' title='bbox 2629 3669 2937 3730; x_wconf 79' lang='lat' dir='ltr'><strong>Bernstein,</strong></span> <span class='ocrx_word' id='word_1_374' title='bbox 2979 3668 3052 3717; x_wconf 89' lang='lat' dir='ltr'><strong>de</strong></span> 
     </span>
     <span class='ocr_line' id='line_1_36' title="bbox 557 3755 3054 3824; baseline -0.002 -15"><span class='ocrx_word' id='word_1_375' title='bbox 557 3758 761 3821; x_wconf 88' lang='lat' dir='ltr'><strong>studio,</strong></span> <span class='ocrx_word' id='word_1_376' title='bbox 811 3775 915 3824; x_wconf 90' lang='lat' dir='ltr'><strong>quo</strong></span> <span class='ocrx_word' id='word_1_377' title='bbox 966 3764 1149 3808; x_wconf 87' lang='lat' dir='ltr'><strong>nostra</strong></span> <span class='ocrx_word' id='word_1_378' title='bbox 1198 3763 1373 3808; x_wconf 87' lang='lat' dir='ltr'><strong>aetate</strong></span> <span class='ocrx_word' id='word_1_379' title='bbox 1422 3759 1477 3808; x_wconf 88' lang='lat' dir='ltr'><strong>id</strong></span> <span class='ocrx_word' id='word_1_380' title='bbox 1526 3764 1704 3808; x_wconf 87' lang='lat' dir='ltr'><strong>actum</strong></span> <span class='ocrx_word' id='word_1_381' title='bbox 1749 3763 1845 3820; x_wconf 86' lang='lat' dir='ltr'><strong>est,</strong></span> <span class='ocrx_word' id='word_1_382' title='bbox 1896 3762 1954 3806; x_wconf 93' lang='lat' dir='ltr'><strong>ut</strong></span> <span class='ocrx_word' id='word_1_383' title='bbox 2003 3757 2364 3806; x_wconf 88' lang='lat' dir='ltr'><strong>remotissimis</strong></span> <span class='ocrx_word' id='word_1_384' title='bbox 2413 3755 2626 3821; x_wconf 90' lang='lat' dir='ltr'><strong>populis</strong></span> <span class='ocrx_word' id='word_1_385' title='bbox 2663 3755 2902 3805; x_wconf 88' lang='lat' dir='ltr'><strong>Verbum</strong></span> <span class='ocrx_word' id='word_1_386' title='bbox 2944 3755 3054 3804; x_wconf 92' lang='lat' dir='ltr'><strong>Dei</strong></span> 
     </span>
    </p>
   </div>
   <div class='ocr_carea' id='block_1_4' title="bbox 555 4045 3057 4634">
    <p class='ocr_par' dir='ltr' id='par_1_5' title="bbox 555 4045 3057 4634">
     <span class='ocr_line' id='line_1_37' title="bbox 558 4045 3055 4114; baseline -0.003 -13"><span class='ocrx_word' id='word_1_387' title='bbox 558 4048 827 4100; x_wconf 72' lang='lat' dir='ltr'><strong>Szentiras</strong></span> <span class='ocrx_word' id='word_1_388' title='bbox 868 4047 1211 4114; x_wconf 74' lang='lat' dir='ltr'><strong>javitasar61‚</strong></span> <span class='ocrx_word' id='word_1_389' title='bbox 1257 4050 1465 4114; x_wconf 88' lang='lat' dir='ltr'><strong>Religio</strong></span> <span class='ocrx_word' id='word_1_390' title='bbox 1504 4049 1655 4098; x_wconf 83' lang='lat'><strong>1854.</strong></span> <span class='ocrx_word' id='word_1_391' title='bbox 1706 4048 1749 4096; x_wconf 92' lang='lat' dir='ltr'><strong>I.</strong></span> <span class='ocrx_word' id='word_1_392' title='bbox 1790 4050 1881 4108; x_wconf 83' lang='lat'><strong>13,</strong></span> <span class='ocrx_word' id='word_1_393' title='bbox 1920 4049 2002 4096; x_wconf 85' lang='lat'><strong>97.</strong></span> <span class='ocrx_word' id='word_1_394' title='bbox 2056 4049 2145 4107; x_wconf 85' lang='lat'><strong>14,</strong></span> <span class='ocrx_word' id='word_1_395' title='bbox 2187 4047 2302 4095; x_wconf 84' lang='lat'><strong>107.</strong></span> <span class='ocrx_word' id='word_1_396' title='bbox 2362 4045 2602 4094; x_wconf 88' lang='lat' dir='ltr'><strong>Editioni</strong></span> <span class='ocrx_word' id='word_1_397' title='bbox 2645 4045 3055 4094; x_wconf 86' lang='lat' dir='ltr'><strong>Vindobonensi</strong></span> 
     </span>
     <span class='ocr_line' id='line_1_38' title="bbox 560 4131 3056 4202; baseline -0.003 -12"><span class='ocrx_word' id='word_1_398' title='bbox 560 4139 659 4190; x_wconf 89' lang='lat' dir='ltr'><strong>soli</strong></span> <span class='ocrx_word' id='word_1_399' title='bbox 698 4139 983 4188; x_wconf 86' lang='lat' dir='ltr'><strong>subiuncta</strong></span> <span class='ocrx_word' id='word_1_400' title='bbox 1025 4143 1105 4188; x_wconf 82' lang='lat' dir='ltr'><strong>est</strong></span> <span class='ocrx_word' id='word_1_401' title='bbox 1149 4138 1605 4202; x_wconf 88' lang='lat' dir='ltr'><strong>praestantissima</strong></span> <span class='ocrx_word' id='word_1_402' title='bbox 1651 4131 1833 4186; x_wconf 74' lang='lat' dir='ltr'><strong>Kaldii</strong></span> <span class='ocrx_word' id='word_1_403' title='bbox 1869 4134 2188 4194; x_wconf 86' lang='lat' dir='ltr'><strong>informatio,</strong></span> <span class='ocrx_word' id='word_1_404' title='bbox 2227 4134 2340 4181; x_wconf 87' lang='lat' dir='ltr'><strong>sive</strong></span> <span class='ocrx_word' id='word_1_405' title='bbox 2377 4133 2636 4182; x_wconf 88' lang='lat' dir='ltr'><strong>monitum</strong></span> <span class='ocrx_word' id='word_1_406' title='bbox 2672 4132 2752 4181; x_wconf 76' lang='lat' dir='ltr'><strong>cle</strong></span> <span class='ocrx_word' id='word_1_407' title='bbox 2801 4132 3056 4182; x_wconf 88' lang='lat' dir='ltr'><strong>Bibliis</strong></span> 
     </span>
     <span class='ocr_line' id='line_1_39' title="bbox 558 4219 3054 4292; baseline -0.004 -15"><span class='ocrx_word' id='word_1_408' title='bbox 558 4226 817 4292; x_wconf 89' lang='lat' dir='ltr'><strong>legendis,</strong></span> <span class='ocrx_word' id='word_1_409' title='bbox 858 4227 1009 4274; x_wconf 89' lang='lat' dir='ltr'><strong>cuius</strong></span> <span class='ocrx_word' id='word_1_410' title='bbox 1041 4227 1345 4274; x_wconf 86' lang='lat' dir='ltr'><strong>memoriam</strong></span> <span class='ocrx_word' id='word_1_411' title='bbox 1382 4225 1604 4274; x_wconf 89' lang='lat' dir='ltr'><strong>fecimus</strong></span> <span class='ocrx_word' id='word_1_412' title='bbox 1629 4241 1681 4290; x_wconf 91' lang='lat' dir='ltr'><strong>p.</strong></span> <span class='ocrx_word' id='word_1_413' title='bbox 1709 4226 1850 4287; x_wconf 63' lang='lat'><strong>2423</strong></span> <span class='ocrx_word' id='word_1_414' title='bbox 1895 4220 2038 4287; x_wconf 84' lang='lat' dir='ltr'><strong>quod</strong></span> <span class='ocrx_word' id='word_1_415' title='bbox 2075 4236 2202 4270; x_wconf 88' lang='lat' dir='ltr'><strong>vero</strong></span> <span class='ocrx_word' id='word_1_416' title='bbox 2230 4219 2363 4284; x_wconf 90' lang='lat' dir='ltr'><strong>proh</strong></span> <span class='ocrx_word' id='word_1_417' title='bbox 2401 4219 2550 4268; x_wconf 89' lang='lat' dir='ltr'><strong>dolor</strong></span> <span class='ocrx_word' id='word_1_418' title='bbox 2579 4221 2638 4268; x_wconf 91' lang='lat' dir='ltr'><strong>in</strong></span> <span class='ocrx_word' id='word_1_419' title='bbox 2664 4219 2788 4269; x_wconf 87' lang='lat' dir='ltr'><strong>edit.</strong></span> <span class='ocrx_word' id='word_1_420' title='bbox 2819 4220 3054 4285; x_wconf 76' lang='lat' dir='ltr'><strong>TyrnaV.</strong></span> 
     </span>
     <span class='ocr_line' id='line_1_40' title="bbox 555 4306 3055 4376; baseline -0.004 -13"><span class='ocrx_word' id='word_1_421' title='bbox 555 4316 716 4363; x_wconf 63' lang='lat'><strong>4732.</strong></span> <span class='ocrx_word' id='word_1_422' title='bbox 756 4318 811 4363; x_wconf 84' lang='lat' dir='ltr'><strong>et</strong></span> <span class='ocrx_word' id='word_1_423' title='bbox 833 4313 968 4363; x_wconf 89' lang='lat' dir='ltr'><strong>Bud.</strong></span> <span class='ocrx_word' id='word_1_424' title='bbox 1000 4313 1149 4362; x_wconf 84' lang='grc'><strong>1783.</strong></span> <span class='ocrx_word' id='word_1_425' title='bbox 1187 4327 1297 4376; x_wconf 90' lang='lat' dir='ltr'><strong>rep.</strong></span> <span class='ocrx_word' id='word_1_426' title='bbox 1336 4312 1685 4362; x_wconf 85' lang='lat' dir='ltr'><strong>desideratur.</strong></span> <span class='ocrx_word' id='word_1_427' title='bbox 1734 4311 1836 4359; x_wconf 89' lang='lat' dir='ltr'><strong>Illa</strong></span> <span class='ocrx_word' id='word_1_428' title='bbox 1871 4310 2044 4358; x_wconf 84' lang='lat' dir='ltr'><strong>versio</strong></span> <span class='ocrx_word' id='word_1_429' title='bbox 2081 4309 2316 4370; x_wconf 86' lang='lat' dir='ltr'><strong>mutatis,</strong></span> <span class='ocrx_word' id='word_1_430' title='bbox 2355 4321 2491 4371; x_wconf 87' lang='lat' dir='ltr'><strong>quae</strong></span> <span class='ocrx_word' id='word_1_431' title='bbox 2528 4306 2746 4372; x_wconf 89' lang='lat' dir='ltr'><strong>linguae</strong></span> <span class='ocrx_word' id='word_1_432' title='bbox 2783 4306 3055 4371; x_wconf 84' lang='lat' dir='ltr'><strong>profectus</strong></span> 
     </span>
     <span class='ocr_line' id='line_1_41' title="bbox 566 4390 3057 4465; baseline -0.004 -15"><span class='ocrx_word' id='word_1_433' title='bbox 566 4401 761 4465; x_wconf 88' lang='lat' dir='ltr'><strong>exegit,</strong></span> <span class='ocrx_word' id='word_1_434' title='bbox 785 4400 1070 4462; x_wconf 86' lang='lat' dir='ltr'><strong>mutandis,</strong></span> <span class='ocrx_word' id='word_1_435' title='bbox 1097 4399 1181 4447; x_wconf 86' lang='lat' dir='ltr'><strong>his</strong></span> <span class='ocrx_word' id='word_1_436' title='bbox 1202 4399 1390 4449; x_wconf 85' lang='lat' dir='ltr'><strong>diebus</strong></span> <span class='ocrx_word' id='word_1_437' title='bbox 1410 4399 1562 4448; x_wconf 87' lang='lat' dir='ltr'><strong>novis</strong></span> <span class='ocrx_word' id='word_1_438' title='bbox 1588 4398 1728 4446; x_wconf 87' lang='lat' dir='ltr'><strong>curis</strong></span> <span class='ocrx_word' id='word_1_439' title='bbox 1753 4396 1898 4445; x_wconf 84' lang='lat' dir='ltr'><strong>edita</strong></span> <span class='ocrx_word' id='word_1_440' title='bbox 1922 4399 2004 4444; x_wconf 85' lang='lat' dir='ltr'><strong>est</strong></span> <span class='ocrx_word' id='word_1_441' title='bbox 2021 4395 2217 4460; x_wconf 87' lang='lat' dir='ltr'><strong>Agriae</strong></span> <span class='ocrx_word' id='word_1_442' title='bbox 2243 4410 2284 4443; x_wconf 87' lang='lat' dir='ltr'><strong>s.</strong></span> <span class='ocrx_word' id='word_1_443' title='bbox 2303 4398 2370 4442; x_wconf 82' lang='lat' dir='ltr'><strong>t.:</strong></span> <span class='ocrx_word' id='word_1_444' title='bbox 2401 4393 2506 4454; x_wconf 86' lang='lat' dir='ltr'><strong>„Az</strong></span> <span class='ocrx_word' id='word_1_445' title='bbox 2533 4391 2588 4442; x_wconf 85' lang='grc' dir='ltr'><strong>ό·</strong></span> <span class='ocrx_word' id='word_1_446' title='bbox 2614 4391 2672 4442; x_wconf 72' lang='lat' dir='ltr'><strong>es</strong></span> <span class='ocrx_word' id='word_1_447' title='bbox 2695 4390 3057 4456; x_wconf 67' lang='lat' dir='ltr'><strong>ujsztivetsegi</strong></span> 
     </span>
     <span class='ocr_line' id='line_1_42' title="bbox 566 4476 3055 4550; baseline -0.004 -13"><span class='ocrx_word' id='word_1_448' title='bbox 566 4487 649 4537; x_wconf 82' lang='lat' dir='ltr'><strong>Sz.</strong></span> <span class='ocrx_word' id='word_1_449' title='bbox 686 4483 795 4535; x_wconf 74' lang='lat' dir='ltr'><strong>iras</strong></span> <span class='ocrx_word' id='word_1_450' title='bbox 818 4483 980 4535; x_wconf 72' lang='lat' dir='ltr'><strong>Kaldi</strong></span> <span class='ocrx_word' id='word_1_451' title='bbox 1008 4485 1104 4550; x_wconf 85' lang='lat' dir='ltr'><strong>Gy.</strong></span> <span class='ocrx_word' id='word_1_452' title='bbox 1136 4483 1399 4536; x_wconf 73' lang='lat' dir='ltr'><strong>sorditasa</strong></span> <span class='ocrx_word' id='word_1_453' title='bbox 1421 4481 1670 4550; x_wconf 72' lang='lat' dir='ltr'><strong>nyoman.</strong></span> <span class='ocrx_word' id='word_1_454' title='bbox 1723 4483 1798 4531; x_wconf 66' lang='grc' dir='ltr'><strong>ΑΖ</strong></span> <span class='ocrx_word' id='word_1_455' title='bbox 1825 4482 2054 4548; x_wconf 88' lang='lat' dir='ltr'><strong>apostoli</strong></span> <span class='ocrx_word' id='word_1_456' title='bbox 2089 4479 2218 4530; x_wconf 77' lang='lat' dir='ltr'><strong>szek</strong></span> <span class='ocrx_word' id='word_1_457' title='bbox 2247 4476 2766 4544; x_wconf 64' lang='lat' dir='ltr'><strong>jovahagyasaval.“</strong></span> <span class='ocrx_word' id='word_1_458' title='bbox 2799 4480 3055 4528; x_wconf 82' lang='lat'><strong>1862—5.</strong></span> 
     </span>
     <span class='ocr_line' id='line_1_43' title="bbox 566 4562 3054 4634; baseline -0.003 -12"><span class='ocrx_word' id='word_1_459' title='bbox 566 4573 832 4624; x_wconf 83' lang='lat' dir='ltr'><strong>Omissum</strong></span> <span class='ocrx_word' id='word_1_460' title='bbox 870 4579 951 4624; x_wconf 85' lang='lat' dir='ltr'><strong>est</strong></span> <span class='ocrx_word' id='word_1_461' title='bbox 984 4575 1191 4624; x_wconf 84' lang='lat' dir='ltr'><strong>interim</strong></span> <span class='ocrx_word' id='word_1_462' title='bbox 1217 4575 1374 4623; x_wconf 87' lang='lat' dir='ltr'><strong>etiam</strong></span> <span class='ocrx_word' id='word_1_463' title='bbox 1403 4573 1580 4622; x_wconf 79' lang='lat' dir='ltr'><strong>bacin</strong></span> <span class='ocrx_word' id='word_1_464' title='bbox 1619 4571 1850 4620; x_wconf 89' lang='lat' dir='ltr'><strong>editione</strong></span> <span class='ocrx_word' id='word_1_465' title='bbox 1885 4567 2218 4634; x_wconf 87' lang='lat' dir='ltr'><strong>praeclarum</strong></span> <span class='ocrx_word' id='word_1_466' title='bbox 2255 4567 2388 4617; x_wconf 89' lang='lat' dir='ltr'><strong>illud</strong></span> <span class='ocrx_word' id='word_1_467' title='bbox 2412 4567 2672 4616; x_wconf 84' lang='lat' dir='ltr'><strong>monitum</strong></span> <span class='ocrx_word' id='word_1_468' title='bbox 2708 4562 3054 4615; x_wconf 68' lang='lat' dir='ltr'><strong>Kaldianum.</strong></span> 
     </span>
    </p>
   </div>
   <div class='ocr_carea' id='block_1_5' title="bbox 3257 76 3288 1600">
    <p class='ocr_par' dir='ltr' id='par_1_6' title="bbox 3257 76 3288 1600">
     <span class='ocr_line' id='line_1_44' title="bbox 3257 76 3288 1600; baseline 0 0"><span class='ocrx_word' id='word_1_469' title='bbox 3257 76 3288 1600; x_wconf 95' lang='lat' dir='ltr'><strong> </strong></span> 
     </span>
    </p>
   </div>
   <div class='ocr_carea' id='block_1_6' title="bbox 3253 2160 3292 4072">
    <p class='ocr_par' dir='ltr' id='par_1_7' title="bbox 3253 2160 3292 4072">
     <span class='ocr_line' id='line_1_45' title="bbox 3253 2160 3292 4072; baseline 0 0"><span class='ocrx_word' id='word_1_470' title='bbox 3253 2160 3292 4072; x_wconf 95' lang='lat' dir='ltr'><strong> </strong></span> 
     </span>
    </p>
   </div>
  </div>
 </body>
</html>
