3309 5300
1095 418 1159 459 Do
1185 418 1621 469 interpretationibus
1650 420 1838 469 Syriacis
1867 422 1920 461 N.
1950 421 1999 461 Τ.
2661 411 2786 477 185

286 588 579 672 linguam
644 588 957 674 Syrorum
1026 592 1374 656 translatos
1433 616 1627 657 nemo
1676 594 1867 659 facile
1914 595 2216 681 negabit,
2269 600 2376 682 qui
2422 598 2528 662 vel
2576 598 2786 663 obiter

284 703 501 787 prima
543 694 765 766 reruni
811 703 1307 768 christianarum
1354 706 1531 790 apud
1578 706 1780 791 Syros
1825 710 2232 772 incrementa
2268 712 2526 773 noverit
2553 715 2586 772 ¹.
2635 710 2784 775 Hoc

284 824 511 879 autem
560 817 879 898 evenisse,
924 826 1271 902 postquam
1318 820 1530 882 versio
1580 819 1858 905 simplex
1921 820 1998 885 L.
2045 820 2122 883 L.
2187 821 2266 885 V.
2315 822 2388 885 F.
2455 823 2786 907 divulgata

285 926 506 1009 fuerit,
554 927 733 991 haud
775 952 945 992 vane
995 928 1316 1013 colligitur
1345 929 1533 1014 inde3
1584 932 1760 1016 quod
1805 933 2152 997 translator
2198 934 2275 997 N.
2319 934 2394 997 F.
2417 937 2442 977 2
2490 938 2599 1020 qui
2645 946 2784 1000 tex-

284 1016 426 1102 tum
478 1039 811 1105 Graecum
855 1044 997 1103 κατὰ
1031 1042 1174 1103 πόδα
1206 1044 1515 1127 sequitur,
1563 1044 1778 1108 multis
1813 1055 2032 1108 tamen
2064 1045 2222 1109 locis
2255 1069 2340 1109 ex
2371 1046 2450 1110 V.
2487 1048 2562 1110 T.
2596 1071 2783 1133 repe-

284 1153 439 1235 titis,
475 1154 837 1239 simplicem
866 1157 1234 1219 versionem
1266 1155 1346 1219 V.
1382 1156 1455 1219 F.
1492 1159 2021 1242 transscripserit.
2086 1157 2273 1221 Idem
2319 1160 2650 1253 inferunt3
2699 1183 2783 1223 cx

288 1288 392 1346 eo,
442 1265 618 1351 quod
654 1266 992 1350 epistolam
1029 1267 1089 1331 d.
1122 1267 1303 1331 Petri
1333 1270 1784 1353 posteriorem,
1833 1292 1880 1334 s,
1917 1292 1964 1333 s.
2000 1269 2234 1352 Judae,
2269 1271 2543 1336 Joannis
2583 1272 2669 1335 II.
2722 1283 2787 1336 et

286 1376 415 1440 III.
465 1387 665 1463 atque
695 1379 1170 1465 Apocalypsim
1202 1418 1287 1427 —-
1320 1403 1593 1466 quarum
1642 1384 2092 1446 auctoritatem
2137 1382 2338 1468 Syros
2382 1384 2784 1470 procedente

286 1488 557 1553 saeculo
583 1490 705 1552 III.
724 1494 1099 1575 agnovisse,
1126 1495 1369 1578 scripta
1394 1492 1458 1557 S.
1477 1493 1834 1579 Ephraemi
1857 1503 2176 1559 testantur
2192 1499 2217 1538 4
2235 1521 2469 1561 ——non
2498 1498 2782 1583 comple-

288 1611 582 1665 cteretur
598 1606 641 1667 5.
687 1603 837 1669 Hoc
870 1614 1085 1668 autem
1116 1607 1231 1669 vix
1261 1605 1505 1670 tardius
1540 1608 1803 1670 evenire
1836 1610 2125 1691 potuisse
2163 1608 2414 1691 dicunt3
2450 1612 2782 1674 enimvero

289 1737 443 1777 cum
477 1714 714 1779 Canon
743 1716 823 1779 N.
859 1716 933 1781 Τ.
966 1718 1137 1781 fixus
1172 1728 1237 1781 et
1284 1720 1612 1782 communi
1656 1718 2000 1782 Ecclesiae
2043 1720 2292 1784 calculo
2340 1721 2785 1807 probatusque

290 1837 461 1910 erat,
524 1852 663 1893 non
706 1829 887 1893 licuit
932 1830 1169 1895 Libros
1194 1830 1413 1918 'hosce
1461 1831 1738 1917 amplius
1787 1842 1976 1895 extra
2021 1832 2085 1896 S.
2132 1832 2345 1897 Biblia
2393 1834 2714 1899 collocare
2737 1840 2779 1899 ὅ.

504 2066 545 2131 ¹)
582 2065 815 2116 Accolae
848 2068 1103 2131 imprimis
1140 2068 1416 2131 regionum
1452 2072 1599 2117 trans
1637 2069 1968 2133 Euphratem
2005 2071 2240 2131 sitarum,
2289 2071 2358 2121 ad
2397 2088 2530 2136 quos
2568 2072 2784 2138 linguae

289 2168 526 2218 graecae
574 2155 766 2203 notitia
803 2169 911 2203 non
958 2159 1305 2219 pervenerat:
1354 2155 1563 2203 Novum
1600 2156 2016 2218 Testamentum,
2066 2156 2208 2221 quod
2253 2160 2484 2207 maxima
2519 2162 2602 2209 sui
2637 2167 2788 2225 parte

287 2256 486 2305 graeco
523 2240 777 2290 idiomate
814 2242 1068 2305 scriptum
1105 2245 1201 2303 est,
1238 2243 1295 2289 in
1330 2242 1678 2290 vernaculum
1714 2258 2010 2291 sermonem
2047 2244 2362 2293 translatum
2402 2245 2784 2297 desiderarunt.

290 2327 451 2389 Quod
488 2327 649 2393 quale
684 2328 859 2389 fuerit,
900 2329 1236 2391 cognoscitur
1273 2343 1301 2376 e
1333 2330 1788 2392 praestantissimo
1821 2328 1852 2359 ’ἦ
1879 2328 2110 2379 codice
2149 2331 2473 2380 Vaticano
2510 2333 2647 2382 inter
2674 2333 2786 2397 Syr.

289 2415 356 2463 V.
398 2413 465 2465 ol.
510 2416 591 2463 11.
628 2428 773 2463 nunc
811 2416 909 2475 19.,
956 2414 1156 2463 formae
1195 2430 1333 2479 quae
1382 2417 1688 2465 nominatur
1724 2422 1945 2480 quartae
1987 2419 2219 2480 minoris,
2270 2417 2360 2467 fol.
2403 2420 2537 2480 196„
2577 2422 2790 2485 paginis

290 2502 348 2549 in
389 2503 546 2551 binas
584 2501 845 2552 columnis
884 2501 1092 2566 divisis3
1131 2518 1288 2566 quem
1326 2502 1603 2567 descripsit
1635 2503 1686 2551 J.
1713 2504 2053 2566 Assemanus,
2079 2504 2219 2553 Bibl.
2245 2505 2428 2569 Apost.
2458 2506 2631 2555 Vatic.
2660 2506 2791 2557 Cod.

285 2588 424 2637 Mss.
463 2587 579 2637 Cat.
626 2588 778 2638 Rom.
819 2590 969 2638 1756.
1019 2588 1061 2637 Ι.
1100 2590 1148 2649 2,
1190 2590 1269 2638 70.
1308 2605 1379 2654 s.;
1436 2576 1691 2655 expendit
1727 2589 1912 2650 Adler,
1962 2590 1997 2639 l.
2047 2606 2090 2639 c.
2139 2608 2189 2657 p.
2233 2594 2346 2640 137.
2387 2608 2454 2655 s.;
2507 2591 2793 2643 illustravit

290 2675 572 2738 ediditque
624 2674 683 2724 C.
722 2675 811 2724 Fr.
850 2675 1284 2726 Miniscalchi
1320 2677 1529 2738 Erizzo‚
1578 2676 1612 2725 l.
1664 2693 1708 2726 c.
1758 2694 1809 2742 p.
1848 2679 1910 2726 V.
1961 2678 2339 2743 Apographum
2389 2679 2588 2728 codicis
2636 2680 2794 2744 longe

291 2763 606 2812 vetustioris
645 2761 861 2812 saeculo
887 2762 979 2811 XI.
1006 2762 1205 2811 factum
1230 2762 1470 2812 habetur.
1520 2763 1743 2814 Accedit
1767 2764 1910 2828 quod
1941 2766 2155 2814 unicum
2191 2766 2485 2830 priscarum
2521 2767 2793 2816 literarum

295 2850 629 2912 syriacarum
669 2866 718 2915 q.
747 2849 795 2899 d.
822 2850 1383 2912 Palaestinarum‚
1424 2852 1489 2899 sit
1525 2853 1812 2915 specimen,
1852 2867 1984 2915 quas
2011 2866 2046 2901 a
2071 2853 2333 2917 scriptura
2371 2854 2790 2918 „Estranghela“

294 2965 368 2972 —
406 2952 439 2986 a
488 2953 535 2985 ν.
588 2953 663 3002 gr.
714 2935 1045 3005 στρογγύλος,
1102 2938 1397 2988 rotundus?
1434 2965 1499 2973 —
1540 2938 1684 2988 dicta
1743 2939 1963 2987 multum
2002 2938 2210 2988 differre
2273 2944 2496 2989 constat.
2570 2941 2784 3005 Lingua

294 3039 516 3087 quoque
554 3038 587 3072 a
621 3025 945 3088 proprietate
982 3041 1023 3074 s.
1062 3025 1350 3089 Ephraemi
1388 3029 1441 3074 et
1475 3025 1670 3074 Jacobi
1706 3025 1970 3074 Edesseni
2018 3025 2229 3074 diversa
2267 3031 2369 3088 est3
2421 3028 2477 3074 in
2513 3029 2786 3076 nominum

294 3111 693 3175 verborumque
749 3111 929 3160 formis
984 3112 1069 3160 τοῦ
1118 3113 1351 3176 Targum
1401 3110 1648 3172 dialecto,
1702 3125 1858 3174 quam
1897 3113 2134 3175 proxime
2191 3113 2412 3161 accedit.
2474 3112 2791 3182 Elegantiae

296 3212 495 3261 expers
543 3198 820 3262 interpreti,
870 3197 1028 3246 valde
1074 3199 1385 3262 perspicuus
1425 3203 1477 3247 et
1512 3198 1734 3261 antiqua
1781 3197 2119 3262 simplicitate
2171 3198 2360 3260 clarus,
2414 3202 2792 3264 grammaticae

296 3289 354 3332 et
393 3289 680 3348 syntaxeos
718 3283 865 3348 leges
908 3300 1094 3348 parum
1141 3285 1381 3334 attendit.
1441 3285 1651 3334 Puncta
1688 3284 1964 3333 diacritica
1998 3300 2232 3349 perrara,
2283 3290 2376 3334 aut
2425 3288 2600 3350 potius
2647 3287 2795 3336 nulla

296 3375 542 3435 usurpat.
604 3371 853 3420 Continet
888 3371 1187 3436 Evangelia
1221 3370 1543 3436 Eglogadia,
1592 3373 1705 3420 sive
1755 3371 2079 3420 lectiones
2127 3372 2646 3436 Evangeliorum
2696 3390 2792 3438 per

298 3459 434 3506 anni
484 3456 804 3506 curriculum
853 3471 886 3505 a
933 3458 1219 3506 Dominica
1265 3457 1689 3507 Resurrectionis
1739 3473 1906 3522 usque
1955 3457 2022 3506 ad
2072 3459 2352 3508 sabbatum
2407 3475 2449 3508 s.
2503 3459 2793 3523 inclusive3

298 3546 434 3592 item
470 3544 726 3593 lectiones
765 3543 831 3592 de
869 3544 1277 3594 Resurrectione
1312 3544 1555 3607 Domini3
1603 3545 1812 3594 demum
1857 3544 2114 3594 lectiones
2150 3546 2206 3593 in
2241 3546 2418 3595 Festis
2457 3546 2509 3595 S.
2549 3547 2600 3596 S.
2639 3562 2685 3596 a.
2727 3564 2794 3596 m.

301 3630 605 3696 Septembri
643 3631 711 3679 ad
748 3631 1051 3696 Augustum
1085 3632 1234 3679 iuxta
1270 3631 1446 3693 ritum,
1499 3647 1603 3697 quo
1644 3632 1804 3680 etiam
1841 3630 1998 3682 hodie
2035 3636 2272 3694 utuntur,
2312 3633 2400 3697 qui
2437 3633 2794 3683 Melchitae

298 3722 700 3782 nuncupantur.
770 3717 981 3766 Tituli
1032 3718 1350 3767 Lectionum
1410 3733 1708 3768 sermone
1765 3720 2064 3780 arabicO‚
2119 3718 2288 3768 literis
2343 3724 2521 3768 tamen
2575 3721 2795 3784 syriacis

298 3805 627 3854 Palaestinis
664 3806 867 3854 exarati
902 3809 1042 3854 sunt.
1117 3804 1155 3870 2)
1195 3805 1330 3854 Nam
1368 3805 1485 3867 hoc,
1525 3805 1669 3870 quod
1706 3805 2026 3869 quibusdam
2076 3805 2305 3870 placuit:
2355 3807 2594 3870 singulas
2631 3808 2694 3855 N.
2733 3808 2794 3857 Τ.

298 3897 501 3956 partes,
539 3892 776 3941 diversos
813 3891 1065 3941 habuisse
1100 3891 1460 3954 translatores,
1500 3892 1706 3942 idoneis
1743 3893 2066 3957 argumentis
2104 3891 2336 3942 nondum
2373 3898 2454 3942 est
2486 3895 2790 3957 probatum.

300 3979 343 4044 ³)
386 3978 547 4028 Haud
595 3993 874 4043 perperam
924 3979 1151 4042 quidem,
1199 3983 1260 4028 ut
1304 3983 1569 4043 putamus.
1644 3979 1686 4042 ⁴)
1728 3978 1808 4028 Cf.
1849 3978 1906 4028 C.
1947 3994 1994 4028 a.
2032 3979 2331 4043 Lengerke,
2383 3980 2447 4028 de
2498 3981 2791 4046 Ephraemi

302 4065 430 4128 Syri
466 4069 578 4114 arte
618 4063 1029 4114 hermeneutica.
1075 4064 1279 4128 Regim.
1321 4067 1470 4114 1831.
1508 4082 1559 4129 p.
1596 4067 1645 4114 4.
1685 4082 1725 4115 s.
1801 4066 1841 4130 ⁵)
1880 4065 1943 4114 In
1982 4065 2376 4130 Evangeliario,
2426 4067 2568 4131 quod
2604 4066 2787 4114 lauda-

300 4153 478 4201 vimus
516 4168 567 4200 n.
605 4154 668 4214 1.,
706 4150 1209 4215 Hierosolymitano,
1248 4150 1441 4216 legitur
1477 4152 1674 4200 Joann.
1713 4168 1756 4201 c.
1787 4155 1836 4214 8,
1865 4155 1912 4200 3.
1940 4169 1980 4202 s.
2009 4169 2054 4202 c.
2082 4155 2163 4200 21.
2196 4169 2248 4217 p.
2279 4155 2324 4201 1.
2363 4153 2526 4202 Marc.
2558 4155 2637 4213 16,
2674 4155 2721 4202 9.
2751 4168 2791 4201 s.
2831 4164 2839 4170 ⁴

304 4243 361 4288 et
397 4239 527 4286 Luc.
567 4239 650 4300 22,
690 4240 771 4287 27.
812 4240 893 4287 28.
932 4239 973 4298 Ι,
1012 4240 1129 4287 318.
1168 4253 1207 4286 s.
1246 4239 1365 4288 410.
1398 4241 1516 4286 422.
1546 4254 1586 4287 s.
1624 4240 1743 4288 460.
1782 4255 1823 4288 s.
1874 4240 1938 4287 V.
1974 4239 2044 4288 H.
2082 4239 2144 4288 N.
2185 4239 2244 4287 Τ.
2283 4255 2332 4304 p.
2375 4242 2491 4288 245.
2531 4241 2648 4288 281.
2677 4242 2793 4289 303.

304 4325 348 4390 ὃ)
407 4324 566 4390 Apud
616 4325 805 4390 Syros,
857 4326 1039 4374 scribit
1088 4323 1355 4374 Cosmas
1404 4353 1469 4360 —
1515 4326 1583 4375 ab
1631 4325 1812 4374 indica
1858 4327 2198 4390 navigatione
2256 4325 2796 4390 Indicopleustes

306 4413 499 4473 dictus,
538 4412 769 4478 Topogr.
808 4412 915 4461 chr.
954 4411 988 4460 1.
1028 4412 1144 4461 VII.
1184 4411 1327 4476 apud
1364 4412 1730 4472 Montfaucon‚
1771 4411 2027 4461 Collectio
2066 4427 2206 4461 nova
2243 4414 2301 4460 P.
2329 4418 2381 4460 et
2408 4411 2458 4460 S.
2497 4414 2617 4461 Par.
2650 4415 2796 4462 1707.

304 4499 379 4560 ΙΙ,
421 4501 541 4547 292.
578 4527 646 4534 —
685 4504 861 4548 autem
900 4498 1113 4546 nonnisi
1150 4503 1255 4546 tres
1292 4499 1598 4562 praedict-ac
1636 4501 1986 4564 reperiuntur,
2038 4498 2284 4548 videlicet
2318 4500 2527 4560 Jacobi,
2567 4500 2712 4548 Petri
2747 4505 2799 4549 et

304 4586 554 4634 Joannis.
592 4586 655 4635 V.
694 4586 903 4634 interim
944 4584 1143 4634 Comm.
1184 4584 1232 4634 h.
1272 4602 1323 4652 p.
1346 4566 1445 4634 ἱ46.
1484 4602 1524 4636 S.
