3309 5300
590 423 705 486 112
1296 435 1530 475 Commeat.
1560 435 1613 474 de
1641 434 1684 474 S.
1707 433 1863 483 Script.
1893 445 1988 483 cap.
2019 445 2105 473 sec.
2140 434 2268 473 tract.
2299 434 2333 472 1.

578 614 939 675 praestantes:
972 613 1150 658 tamen
1173 609 1387 659 bonitas
1418 609 1734 674 exemplaris
1758 609 2023 658 iudicatur
2047 609 2135 658 vel
2157 610 2384 658 maxime
2410 623 2443 658 a
2469 609 2824 673 diligentia
2838 645 2852 668 ,
2881 621 2977 671 qu
2991 618 3104 652 am

576 696 899 746 librarius
958 696 1024 744 in
1084 694 1118 743 d
1132 711 1161 744 e
1176 712 1201 744 s
1216 697 1314 744 cri
1332 695 1361 744 b
1378 696 1503 745 end
1517 711 1546 745 o
1609 696 1879 758 adhibuit3
1941 695 2171 760 ideoque
2233 696 2569 760 reperiuntur
2623 709 2691 743 re
2705 710 2736 742 c
2751 694 2950 744 enti‘o
2969 707 3002 740 r
3018 705 3054 738 e
3071 705 3100 738 s

580 797 609 831 c
621 797 651 831 o
666 782 725 831 di
737 797 765 831 c
779 798 807 831 e
820 798 844 832 s
882 781 1114 846 antiquis
1151 780 1297 831 haud
1332 781 1493 846 paulo
1518 782 1782 831 meliores.
1831 783 2088 830 Nimirum
2117 780 2300 830 Codex
2330 784 2801 845 quantumcunque
2837 777 3102 836 iuvenis,

581 868 875 934 descriptus
915 883 1032 918 esse
1068 872 1243 933 potest
1280 883 1355 917 ex
1392 884 1466 934 ap
1480 885 1510 918 o
1523 868 1772 934 grapho
1810 868 1944 917 fide
1958 868 2032 929 li,
2054 915 2056 922 ,
2070 867 2336 917 interdum
2373 867 2840 932 antiquissimo
2855 884 2870 930 3
2913 862 3106 914 sicuti

576 957 809 1006 vicissim
855 957 985 1006 satis
1039 960 1279 1006 vetustus
1330 955 1513 1019 codex,
1570 972 1635 1005 ex
1685 955 1790 1006 alio
1841 971 1950 1006 non
1998 955 2162 1004 multo
2214 955 2502 1004 vetustiore
2551 959 2606 1003 et
2652 953 2860 1003 mendis
2909 948 3105 1000 valde

577 1043 782 1093 vitiat0.
843 1044 1035 1107 Itaque
1071 1043 1491 1107 praestantia
1526 1042 1728 1092 codicis
1765 1047 1874 1092 tam
1915 1047 2258 1092 vetustate
2309 1056 2468 1107 quam
2516 1041 2858 1090 fidelitate
2913 1037 3104 1087 aesti-
3151 1047 3158 1052 ·

577 1134 764 1178 matur.
812 1130 1043 1195 Magnus
1081 1129 1339 1179 Codicum
1376 1131 1439 1179 N.
1472 1130 1533 1178 T.
1574 1145 1826 1179 numerus
1865 1134 2096 1180 aetatem
2133 1127 2281 1194 tulit3
2319 1130 2488 1178 maior
2520 1128 2731 1178 interim
2765 1131 3106 1191 temporum

575 1217 773 1265 iniuria
807 1217 979 1282 periit.
1041 1216 1147 1277 Qui
1181 1232 1307 1266 vero
1346 1221 1575 1266 aetatem
1612 1215 1782 1265 tulere
1818 1217 2157 1266 rarissime
2195 1231 2377 1266 omnes
2415 1213 2469 1263 S.
2506 1215 2570 1263 L.
2600 1215 2664 1263 L.
2699 1215 2766 1263 N.
2792 1215 2858 1262 Τ.
2899 1210 3102 1260 conti·

579 1308 736 1366 nent3
776 1303 1015 1368 plerique
1049 1303 1379 1368 Evangelia3
1418 1303 1511 1352 alii
1548 1303 1803 1368 epistolas
1841 1318 1883 1352 s.
1908 1303 2081 1364 Pauli,
2121 1301 2428 1351 Catholicas
2467 1317 2586 1350 cum
2610 1300 2773 1362 Actis,
2813 1298 2906 1349 vel
2945 1297 3107 1346 Acta

578 1389 695 1440 sola
728 1389 992 1454 referunt3
1029 1390 1334 1454 paucissimi
1358 1389 1754 1454 Apocalypsim.
1805 1389 1979 1455 Atque
2017 1390 2176 1438 etiam
2201 1391 2257 1437 in
2281 1389 2362 1438 his
2389 1402 2551 1454 saepe
2584 1388 2798 1452 saepius
2838 1386 3106 1435 lacunae

576 1477 934 1542 reperiuntur,
982 1476 1068 1525 vel
1117 1476 1276 1540 plane
1323 1477 1561 1540 integrae
1605 1481 1786 1541 partes
1838 1476 2044 1525 desunt.
2106 1475 2188 1524 Ab
2238 1475 2320 1526 his
2370 1475 2537 1540 probe
2581 1473 2903 1538 seiungendi
2961 1473 3108 1518 sunt

578 1562 815 1624 codices,
866 1563 959 1628 qui
1006 1563 1220 1612 nonnisi
1267 1564 1549 1628 pericopas
1600 1563 1942 1628 consignatas
1991 1563 2194 1612 habent
2235 1568 2398 1627 atque
2432 1561 2872 1610 Lectionaria
2909 1556 3103 1621 vulgo

578 1649 818 1711 audiunt,
859 1665 887 1698 e
926 1650 1118 1714 quibus
1143 1649 1575 1714 Evangelistaria
1599 1651 1682 1699 50.
1710 1649 1785 1698 lit.
1811 1666 1932 1699 unc.
1961 1651 2325 1699 150.·minusc.
2362 1653 2669 1698 noscuntur.
2720 1644 3107 1696 Lectionaria

576 1737 825 1785 strictiori
862 1751 1023 1785 sensu
1048 1739 1095 1784 2.
1121 1737 1198 1785 lit.
1224 1752 1363 1797 unc„
1391 1738 1473 1785 60.
1498 1737 1722 1785 minusc.
1761 1740 2150 1802 computantur.
2198 1737 2261 1785 In
2286 1736 2368 1786 his
2395 1735 2606 1785 celebre
2635 1734 2868 1783 habetur
2896 1746 3104 1781 exem-

578 1821 711 1886 plar,
751 1822 894 1886 quod
917 1821 1158 1887 possidet
1181 1821 1428 1871 Ecclesia
1454 1821 1787 1872 Cathedralis
1812 1823 2172 1886 Trevirensis;
2211 1823 2409 1872 editum
2435 1838 2470 1872 a
2494 1822 2556 1871 R..
2580 1822 2652 1870 M.
2681 1819 3103 1882 Steininger

577 1908 628 1957 h.
654 1912 721 1957 t.:
762 1907 943 1957 Codex
983 1907 1035 1956 S.
1064 1907 1323 1958 Simeonis
1362 1907 1617 1958 exhibens
1652 1908 2026 1958 lectionarium
2057 1909 2340 1959 Ecclesiae
2376 1924 2602 1974 graecae
2632 1906 2843 1957 DCCC.
2873 1922 2926 1955 c.
2959 1919 3103 1954 ann.

576 1998 769 2044 vetust.
814 1995 915 2044 ins.
965 1995 1168 2043 Trevir.
1210 1997 1362 2046 1834.
1422 1995 1655 2044 Nomina
1701 2011 1915 2060 quoque
1965 1995 2254 2045 Codicibus
2301 1995 2712 2061 imponebantur
2758 2010 2791 2044 a
2844 1993 3102 2043 diversis

578 2081 828 2142 dominis,
878 2081 933 2129 in
971 2081 1229 2146 catalogis
1279 2097 1405 2130 vero
1445 2081 1738 2130 editionum
1775 2083 2079 2132 criticarum
2117 2081 2285 2132 literis
2323 2083 2624 2147 signantur3
2669 2087 2722 2131 et
2757 2081 2921 2130 unci
2941 2077 3102 2128 ales

578 2167 790 2232 quidem
826 2167 1091 2218 Latinis
1130 2173 1183 2218 et
1219 2167 1496 2217 Graecis
1533 2167 1953 2230 maiusculis,
1997 2168 2242 2234 reliqui
2277 2169 2512 2218 numeris
2549 2169 2845 2218 arabicis
2886 2167 3103 2232 distin-

577 2259 827 2318 guuntur.
887 2255 989 2303 His
1025 2255 1189 2319 signis
1228 2256 1387 2304 etiam
1424 2259 1483 2304 ut
1517 2259 1682 2304 testes
1723 2255 1890 2304 critici
1927 2256 1983 2303 in
2017 2254 2294 2320 Apparatu
2329 2254 2646 2320 allegantur.

576 2515 633 2592 ξ.
680 2516 783 2580 46.
832 2511 1337 2610 Describitur
1384 2511 1635 2575 codex
1684 2513 2274 2596 antiquissimus
2318 2512 2401 2576 N.
2437 2511 2512 2577 T.
2561 2512 3100 2596 ,Vaticanus‘.

783 2706 929 2754 Inter
965 2704 1191 2754 Codices
1228 2705 1617 2769 manuscriptos
1669 2720 1890 2770 graecos
1927 2705 1991 2754 N.
2029 2705 2108 2766 T.,
2157 2705 2270 2753 iure
2317 2706 2612 2769 meritoque
2663 2704 3101 2769 antiquissimus

578 2792 809 2840 omnium
858 2796 1075 2856 putatur
1110 2790 1142 2821 '³‘
1181 2790 1363 2840 Codex
1404 2791 1697 2842 Vaticanus
1745 2791 1808 2841 Β.
1860 2791 2060 2854 dictus;
2113 2792 2354 2856 signatus
2403 2807 2622 2841 numero
2674 2793 2846 2854 1209„
2903 2791 3100 2840 literis

577 2877 877 2929 uncialibus
929 2878 1323 2928 continentibus
1376 2880 1619 2943 scriptus.
1693 2879 1901 2927 Nomen
1947 2894 2100 2928 suum
2148 2879 2308 2927 traxit
2343 2892 2377 2927 a
2411 2876 2746 2928 Bibliotheca
2781 2879 3100 2937 Vaticana,

576 2965 671 3013 ubi
707 2968 842 3013 teste
881 2963 939 3013 C.
965 2965 1283 3014 Vei-cellone
1308 2993 1375 3001 —-
1402 2962 1523 3013 dell’
1564 2964 1927 3014 antichissimo
1955 2964 2152 3014 Codice
2178 2965 2442 3014 Vaticano
2481 2964 2624 3014 della
2650 2963 2849 3014 Bibbia
2876 2963 3097 3024 Greca,

575 3052 633 3099 in
669 3051 813 3100 Diss.
849 3050 1013 3101 Acad.
1062 3068 1113 3116 p.
1155 3053 1271 3100 116.
1309 3068 1349 3101 s.
1399 3051 1485 3101 Ei.
1526 3051 1691 3113 praef.
1731 3051 1812 3100 ed.
1855 3051 1895 3113 Ι,
1934 3053 1982 3100 4.
2022 3079 2086 3087 -
2125 3051 2194 3099 ab
2243 3052 2373 3115 ipsis
2422 3052 2720 3115 primordiis
2768 3050 3098 3100 hodiernae
3190 3065 3197 3072 ·

576 3136 944 3186 Bibliothecae
994 3142 1313 3187 asservatur.
1376 3137 1792 3201 Comprehendit
1830 3138 1994 3187 Vetus
2045 3142 2206 3202 atque
2255 3138 2463 3187 Novum
2501 3137 2929 3198 Testamentum,
2977 3152 3096 3185 uno

575 3222 877 3286 volumine3
914 3227 1161 3273 truncato
1201 3227 1379 3272 tamen
1414 3224 1565 3273 initio
1603 3228 1765 3288 atque
1802 3222 1923 3273 fine.
1970 3225 2182 3273 Desunt
2207 3223 2478 3273 Geneseos
2516 3237 2633 3288 cap.
2659 3224 2974 3285 I-XLVI,
3005 3225 3097 3272 28.

578 3336 639 3346 -
664 3309 955 3375 particulas
978 3310 1110 3359 istas
1149 3310 1317 3358 editor
1343 3307 1402 3358 C.
1428 3308 1488 3357 A.
1514 3309 1689 3359 Maius
1716 3310 1986 3375 supplevit
2010 3326 2039 3359 e
2067 3310 2274 3360 duobus
2312 3309 2578 3359 nobilibus
2603 3310 2760 3359 vatic.
2789 3309 2921 3359 cod.
2956 3310 3096 3359 olim

574 3396 813 3461 Reginae
852 3393 1074 3445 Suecae.
1120 3396 1187 3445 D.
1221 3412 1270 3461 q.
1298 3412 1347 3444 v.
1373 3394 1706 3457 Vercellone‚
1744 3394 1779 3445 1.
1808 3411 1854 3445 c.
1881 3413 1930 3461 p.
1959 3398 2007 3445 8.
2034 3424 2099 3431 —
2127 3400 2180 3445 et
2210 3396 2299 3445 Ps.
2329 3398 2443 3457 105,
2471 3396 2727 3457 27—137,
2754 3398 2803 3445 6.
2834 3424 2910 3431 -
2946 3411 3096 3461 quos

577 3483 1041 3533 Eminentissimus
1079 3484 1157 3531 vir
1192 3484 1249 3531 in
1286 3478 1437 3532 suam
1474 3482 1760 3531 editionem
1797 3482 2056 3531 derivavit
2093 3498 2122 3531 e
2159 3483 2543 3533 recentioribus
2583 3482 2822 3532 eiusdem
2863 3483 3092 3533 codicis

576 3570 916 3632 membranis,
956 3569 1165 3620 collatis
1201 3575 1381 3619 tamen
1420 3569 1548 3619 Cod.
1572 3569 1724 3619 Alex.
1752 3573 1804 3618 et
1835 3569 1915 3618 ed.
1956 3569 2178 3618 Sixtina.
2212 3598 2270 3605 ——
2295 3568 2379 3618 Ad
2415 3570 2624 3618 Novum
2661 3573 2843 3618 autem
2880 3570 3100 3619 Testa-

576 3661 811 3706 mentum
838 3655 979 3721 quod
1005 3660 1227 3722 spectat,
1253 3656 1352 3705 tali
1378 3656 1562 3705 ordine
1593 3656 1823 3720 positum
1849 3660 1958 3705 est:
1995 3656 2221 3720 primum
2245 3655 2420 3704 locum
2453 3660 2718 3721 occupant
2741 3655 3098 3721 Evangelia,

575 3742 659 3791 his
696 3743 990 3793 succedunt
1034 3742 1314 3808 Epistolae
1363 3741 1700 3806 Catholicae3
1757 3757 1889 3807 quas
1939 3742 2147 3791 demum
2184 3741 2462 3803 Paulinae,
2511 3742 2621 3791 alia
2665 3747 2850 3791 tamen
2905 3757 2986 3791 ac
3040 3744 3100 3790 in

573 3829 764 3879 Bibliis
827 3831 1019 3880 nostris
1076 3830 1239 3892 serie,
1299 3830 1667 3894 insequuntur.
1751 3828 1985 3878 Ultimae
2045 3828 2299 3893 plagulae
2355 3832 2479 3877 sunt
2533 3828 2869 3894 deperditae,
2939 3828 3100 3877 unde

577 3915 1067 3965 desiderantur
1126 3916 1315 3965 ambae
1372 3915 1723 3981 epistolae
1785 3916 1864 3965 ad
1917 3915 2373 3977 Timotheum,
2429 3915 2657 3964 Titum
2711 3918 2777 3964 et
2836 3914 3098 3964 Phile-

577 4017 861 4063 monem,
902 4018 1018 4051 cum
1052 4001 1233 4066 aliqua
1255 4006 1408 4067 parte
1434 4002 1694 4065 epistolae
1727 4001 1796 4050 ad
1820 4000 2116 4064 Hebraeos,
2154 4003 2209 4049 in
2236 4016 2343 4066 qua
2367 4016 2440 4050 sc.
2467 4005 2590 4067 post
2615 4016 2658 4050 c.
2686 4003 2734 4062 9,
2763 4002 2848 4049 14.
2893 4002 3102 4050 omnia

578 4086 847 4137 deficiunt.
902 4088 1163 4137 Excidere
1199 4089 1413 4153 penitus
1460 4090 1525 4137 L.
1562 4089 1626 4137 L.
1671 4087 2170 4150 Macchabaeorum,
2210 4116 2275 4123 —
2315 4104 2448 4153 quos
2487 4103 2516 4136 e
2554 4086 2737 4137 codice
2780 4091 3099 4151 pervetere

575 4174 815 4239 Reginae
854 4174 1059 4224 Suecae
1108 4176 1298 4224 sumsit
1332 4175 1569 4240 Angelus
1605 4175 1796 4224 Maius.
1833 4176 1898 4224 V.
1937 4174 2018 4224 ed.
2056 4175 2148 4235 IV,
2187 4174 2306 4223 407.
2343 4178 2452 4223 not.
2481 4202 2547 4210 —
2572 4190 2672 4223 nec
2707 4188 2820 4222 non
2856 4172 3097 4238 Apoca-

575 4260 758 4326 lypsis.
784 4289 849 4297 —
874 4261 1239 4325 Epistolarum
1262 4277 1391 4310 vero
1418 4261 1467 4311 d.
1493 4260 1650 4310 Pauli
1673 4276 1916 4311 mancam
1945 4260 2313 4311 collectionem
2348 4260 2580 4326 explevit
2615 4262 3097 4310 eminentissimus

576 4346 750 4396 editor
788 4363 816 4396 e
855 4346 986 4397 Cod.
1016 4351 1123 4396 vat.
1155 4363 1207 4397 n.
1238 4349 1403 4407 1761„
1441 4347 1824 4412 Apocalypsim
1861 4347 2007 4396 dedit
2042 4363 2070 4395 e
2103 4345 2220 4395 cod.
2246 4351 2352 4396 vat.
2378 4362 2520 4395 num.
2547 4348 2700 4397 2066.
2729 4374 2794 4382 —-
2823 4348 3097 4413 Scriptus

577 4436 673 4495 est,
726 4437 861 4483 teste
900 4432 1253 4483 eruditissimo
1290 4433 1343 4482 J.
1379 4433 1443 4481 L.
1480 4433 1620 4497 Hug,
1676 4433 1742 4482 de
1788 4432 2105 4497 antiquitate
2145 4431 2358 4483 Codicis
2394 4433 2643 4482 Vaticani
2679 4448 2872 4483 comm.
2930 4436 3096 4484 Frib.

578 4520 727 4569 1810.
760 4536 813 4585 p.
840 4521 887 4569 6.
915 4536 975 4583 s.,
1014 4520 1105 4585 qui
1143 4524 1394 4569 accurate
1432 4519 1788 4568 conditionem
1823 4519 1980 4568 huius
2019 4519 2216 4568 codicis
2251 4519 2620 4584 investigavit:
2658 4520 2716 4567 in
2751 4521 3098 4570 membrana

574 4604 858 4669 levissima,
908 4621 1074 4672 supra
1120 4606 1335 4655 modum
1382 4608 1532 4655 tenui
1570 4609 1624 4655 et
1658 4608 1748 4655 vix
1795 4622 1904 4655 non
1952 4605 2238 4671 pellucida,
2287 4619 2450 4654 manu
2499 4605 2735 4671 eleganti
2783 4610 2841 4667 et
2875 4608 3094 4672 imper-
