3309 5300
1124 423 1415 473 paraphrases
1440 422 1714 464 Chaldaicam.
2539 407 2666 473 155

186 602 353 679 possit
378 604 535 659 haec
560 606 791 661 vetusta
820 604 961 660 satis
991 602 1234 661 traditio
1262 603 1299 660 J
1300 604 1535 674 udaica3
1582 607 1781 661 tamen
1825 603 2020 661 indole
2056 604 2294 661 interna
2322 602 2505 677 ipsius
2535 622 2668 660 ver-

186 708 351 764 sionis
380 706 787 765 confirmatur.
834 707 1081 765 Oratio
1112 711 1267 763 certe
1298 707 1638 765 Onkelosi
1679 706 2082 778 chaldaica,
2117 726 2266 784 quae
2297 705 2666 763 Chaldaismo
2725 748 2732 752 -

187 810 387 868 biblico
410 811 723 868 simillima
746 816 849 883 est,
884 812 1071 885 magis
1094 831 1271 889 quam
1294 812 1545 869 aliorum
1576 813 1972 887 interpretum
1996 812 2432 868 chaldaicorum
2453 830 2662 881 serm0,

190 918 252 972 ad
280 915 552 972 Danielis
582 921 641 972 et
670 916 851 973 Esrae
881 918 1203 991 puritatem
1226 917 1447 973 accedit
1473 913 1511 973 ¹.
1553 916 1828 973 Laudant
1856 917 1922 971 in
1953 934 2018 971 eo
2049 916 2342 972 communi
2364 921 2664 985 consensu,

190 1022 327 1095 quod
357 1018 621 1077 'sextum
662 1022 1050 1093 originarium
1080 1017 1223 1076 κατὰ
1250 1016 1394 1077 πόδα
1423 1041 1483 1077 u.
1519 1021 1595 1090 d.,
1648 1025 1950 1097 sequatur3
1999 1024 2060 1077 et
2087 1020 2329 1077 veritati
2361 1020 2665 1076 hebraicae

190 1126 295 1180 fere
344 1126 418 1181 ad
464 1126 719 1183 verbum
766 1126 1126 1199 respondeat.
1182 1124 1456 1181 Onkelosi
1502 1143 1730 1201 quoque
1776 1125 2207 1199 interpretandi
2254 1144 2346 1181 ars
2395 1124 2468 1180 ad
2516 1124 2669 1180 hanc

193 1230 359 1301 magis
386 1229 459 1285 de
492 1229 619 1285 eius
651 1234 857 1299 aetate,
903 1248 1081 1306 quam
1112 1230 1288 1287 aliam
1318 1232 1668 1287 sententiam
1710 1229 2140 1298 stabiliendam,
2190 1228 2378 1285 facere
2409 1228 2665 1286 videtur.

192 1332 422 1389 Classica
443 1352 503 1409 q.
523 1353 583 1391 v.
608 1333 734 1390 loca
753 1330 1181 1391 Pentateuchi²
1210 1352 1380 1389 sensu
1406 1334 1728 1391 christiano
1753 1332 2026 1390 reddidit.
2060 1334 2154 1389 Ab
2179 1333 2448 1389 omnibus
2471 1337 2667 1387 tamen

194 1438 375 1495 naevis
404 1438 661 1494 minime
690 1438 973 1493 immunis
1004 1438 1314 1512 reperitur.
1362 1437 1445 1494 Ut
1475 1440 1633 1493 enim
1665 1437 1978 1494 lectoribus
2008 1439 2128 1493 suis
2158 1436 2410 1493 Onkelos
2435 1454 2668 1493 succur-

196 1546 347 1610 reret,
382 1542 604 1599 additis
636 1541 957 1601 mutatisve
987 1542 1286 1599 vocabulis
1316 1541 1598 1613 illustrat,
1634 1561 1782 1619 quae
1813 1541 2008 1597 minus
2040 1542 2342 1616 perspicue
2371 1540 2528 1597 dicta
2551 1558 2669 1616 esse

200 1646 439 1719 putavit3
468 1652 532 1703 et
553 1648 845 1723 emendat,
873 1665 1021 1722 quae
1043 1646 1256 1703 summi
1278 1645 1551 1703 Nominis
1573 1646 1783 1702 honori
1800 1651 1859 1703 et
1873 1645 2213 1703 auctoritati
2236 1644 2460 1721 aliquid
2476 1646 2668 1701 detra-

196 1749 315 1805 here
356 1750 713 1807 viderentur
734 1746 777 1806 3.
842 1750 919 1806 In
966 1750 1107 1807 locis
1152 1770 1300 1827 quae
1347 1770 1377 1807 e
1426 1770 1635 1823 genere
1684 1752 1910 1825 poetico
1959 1754 2127 1820 sunt3
2178 1750 2398 1824 partim
2443 1768 2477 1805 a
2527 1740 2670 1823 ῥητῷ

201 1853 434 1925 discedit,
469 1854 699 1929 partim
732 1854 906 1911 solito
935 1854 1225 1929 prolixior
1255 1852 1390 1923 fit43
1434 1861 1674 1929 repente
1697 1860 1890 1912 mutat
1920 1873 2221 1930 personam
2253 1858 2428 1930 atque
2457 1852 2671 1909 ieiunis

200 1962 246 2011 et
288 1957 425 2015 fusis
490 1959 809 2015 admodum
870 1978 1103 2033 operam
1162 1961 1264 2017 dat
1324 1960 1844 2017 declamationibus
1859 1957 1900 2017 ⁵.
1979 1958 2154 2015 Haud
2209 1964 2423 2015 temere
2476 1962 2670 2013 autem

202 2064 551 2136 suspicantur
581 2063 705 2121 viri
752 2063 906 2121 docti
927 2061 976 2121 6:
1025 2064 1471 2122 translationem
1509 2064 1784 2121 Onkelosi
1817 2066 1957 2121 hinc
1988 2064 2140 2133 inde,
2177 2064 2225 2118 si
2258 2082 2405 2140 quae
2436 2059 2668 2119 inveni·-

205 2171 373 2232 untur,
412 2167 641 2223 fabulis
656 2165 699 2237 ⁷,
745 2188 819 2224 ex
858 2168 991 2225 aliis
1034 2168 1401 2226 versionibus
1433 2169 1748 2227 chaldaicis
1778 2174 2010 2225 auctam
2042 2187 2178 2224 esse.
2215 2168 2289 2223 In
2329 2167 2671 2223 universum

205 2289 309 2325 eam
352 2272 681 2329 Onkelosus
728 2292 925 2329 rerum
969 2274 1377 2330 hebraicarum
1429 2274 1736 2331 scientiam
1789 2273 2330 2349 interpretandique
2383 2290 2554 2328 usum
2607 2288 2673 2326 ac

206 2372 521 2433 facultatem
547 2378 852 2451 probavit3
881 2382 951 2433 ut
972 2378 1207 2451 optimis
1232 2377 1548 2435 Librorum
1569 2378 1627 2434 S.
1650 2378 2072 2452 interpretibus
2095 2377 2381 2433 accenseri
2408 2376 2616 2431 debeat
2629 2370 2668 2430 8.

208 2477 427 2551 Legitur
458 2482 589 2537 eius
615 2481 873 2555 Targum
904 2483 969 2537 in
998 2482 1209 2539 Bibliis
1240 2480 1640 2552 Rabbinicis9,
1677 2488 1736 2539 et
1765 2481 2142 2557 Polyglott.is;
2178 2486 2478 2555 praeterea
2507 2498 2673 2553 saepe

209 2585 405 2658 saepius
436 2604 575 2641 cum
607 2586 1002 2642 Pentateucho
1050 2587 1319 2657 hebraeo,
1368 2586 1464 2644 vel
1509 2606 1641 2643 cum
1674 2586 1867 2642 Textu
1912 2587 2160 2642 hebraeo
2199 2584 2584 2641 Pentateuchi
2615 2588 2675 2639 et

209 2691 621 2747 commentariis
672 2690 1016 2747 Rabbinicis
1036 2688 1102 2748 ¹⁰.
1184 2692 1423 2748 Praeter
1469 2691 1742 2748 Onkelosi
1803 2694 1997 2747 exstat
2054 2690 2226 2746 hodie
2286 2689 2465 2747 etiam
2513 2687 2673 2744 aliud

211 2793 464 2866 quoddam
510 2793 778 2868 Targum
823 2795 1185 2870 supposititii
1230 2795 1675 2852 Jonathanis
1719 2795 1874 2851 filii
1921 2793 2305 2851 Uzielidis.
2355 2793 2540 2850 Causa
2570 2811 2675 2849 cur

211 2897 349 2952 modo
378 2917 577 2955 omnes
608 2898 723 2955 sibi
754 2900 1140 2973 persuadeant
1161 2899 1197 2956 J
1200 2900 1571 2968 onathanem,
1606 2901 1701 2955 cui
1727 2899 1982 2972 Targum
2011 2898 2078 2956 in
2099 2899 2422 2974 Prophetas
2452 2894 2675 2952 natales

212 2998 369 3070 debet,
401 3022 594 3080 neque
618 3021 737 3058 esse
760 3022 945 3078 neque
971 3023 1088 3060 esse
1112 3022 1274 3078 posse
1298 3003 1827 3060 consarcinatorem
1851 3002 2027 3060 huius
2057 3002 2216 3072 libri,
2252 3003 2460 3059 merito
2491 3001 2671 3056 sumi-

211 3105 292 3158 tur
316 3107 382 3162 ob
411 3107 714 3166 diversam
747 3107 929 3181 ipsius
960 3112 1020 3163 et
1048 3107 1331 3165 versionis
1362 3108 1426 3163 in
1459 3108 1780 3182 Prophetas
1811 3107 2105 3183 loquelam
2133 3104 2196 3162 ¹¹.
2247 3109 2300 3161 A
2331 3105 2671 3176 'rm-gamos.

394 3381 429 3445 ¹)
465 3381 550 3430 Cf.
590 3381 654 3430 L.
692 3381 899 3442 Hirzel,
948 3382 1013 3430 de
1052 3381 1384 3431 Chaldaismi
1424 3381 1617 3430 Biblici
1665 3382 1868 3446 origine
1915 3387 1968 3430 et
2013 3383 2330 3431 auctoritate
2368 3397 2438 3430 cr.
2477 3397 2664 3430 comm.

214 3464 335 3529 Lipa
362 3468 505 3518 1830.
534 3485 589 3533 p.
618 3470 669 3516 ὃ.
696 3484 737 3517 s.
800 3467 839 3533 2)
866 3468 931 3517 Ε.
956 3485 1004 3533 g.
1034 3467 1166 3517 Gen.
1194 3470 1278 3530 49,
1308 3470 1392 3518 10.
1440 3468 1595 3517 Num.
1623 3470 1706 3529 24,
1737 3470 1817 3517 17.
1881 3469 1920 3532 3)
1950 3467 2162 3528 Omnes,
2201 3469 2394 3532 quibus
2431 3468 2674 3532 indulget

218 3549 604 3616 immutationes,
644 3555 721 3603 ita
757 3559 1097 3619 comparatae
1134 3559 1283 3617 sunt3
1329 3558 1387 3602 ut
1422 3555 1491 3603 ad
1529 3554 1742 3618 singula
1777 3554 2088 3618 plerumque
2125 3554 2415 3616 vocabula,
2460 3570 2568 3603 non
2606 3555 2674 3603 ad

216 3635 417 3703 integras
464 3641 762 3690 sententias
811 3641 1127 3704 pertineant.
1201 3641 1243 3705 4)
1292 3641 1376 3690 De
1424 3640 1605 3690 indole
1656 3641 1855 3689 Critica
1901 3640 1932 3689 l.
1973 3655 2014 3688 s.
2059 3641 2126 3689 D.
2165 3641 2424 3702 Luzatt0,
2472 3648 2520 3686 'u
2542 3649 2670 3701 aniz-t,

218 3721 505 3776 Philoxenus
561 3729 678 3777 sive
729 3727 793 3776 de
843 3726 1104 3776 Onkelosi
1152 3727 1325 3776 chald.
1376 3729 1527 3776 Pent.
1578 3742 1715 3776 vers.
1765 3727 1888 3776 diss.
1938 3727 2098 3775 herm.
2139 3743 2210 3775 cr.
2250 3726 2478 3775 Vindob.
2521 3728 2671 3776 1830.

221 3807 251 3869 ⁵)
278 3810 542 3863 Enimvero
584 3829 709 3862 cum
736 3812 987 3862 Carmina
1012 3812 1179 3862 Sacra
1217 3816 1411 3879 passim
1449 3814 1637 3863 laudes
1675 3818 1727 3862 et
1751 3825 1874 3878 spes
1910 3812 2093 3876 populi
2131 3812 2411 3862 Israelitici
2449 3818 2670 3876 canant3

220 3909 305 3943 non
337 3905 577 3962 poterant
613 3915 725 3949 non
772 3915 869 3964 pro
908 3916 988 3962 eo,
1036 3902 1126 3964 qui
1164 3903 1305 3949 omni
1340 3907 1577 3965 tempore
1624 3901 1726 3948 fuit
1772 3901 1828 3947 in
1876 3899 1978 3948 hac
2026 3903 2182 3964 gente
2224 3915 2406 3948 -rerum
2455 3915 2672 3948 suarum

224 3979 594 4046 flagrantissimo
636 4001 831 4048 amore,
887 3986 1105 4036 altiores
1156 3987 1411 4050 quosdam
1462 3988 1678 4051 spiritus
1715 3986 1964 4049 iniicere3
2018 3991 2070 4034 et
2118 3985 2185 4033 ad
2236 3986 2544 4035 exornanda
2593 4001 2672 4046 ea,

223 4082 333 4130 quae
366 4085 396 4119 a
420 4073 470 4122 S.
497 4073 781 4137 Prophetis
819 4075 1062 4139 exposita
1098 4079 1250 4123 erant
1284 4074 1499 4138 impelli.
1563 4073 1603 4138 ⁶)
1642 4074 1707 4121 Ε.
1737 4089 1784 4137 g.
1811 4073 2012 4133 Winer,
2050 4072 2084 4120 1.
2113 4089 2156 4121 c.
2185 4090 2236 4137 p.
2263 4074 2345 4121 24.
2403 4073 2442 4138 7)
2468 4073 2674 4133 Quibus

225 4153 321 4202 olim
364 4158 701 4208 vehementer
750 4159 1157 4208 delectabantur
1202 4160 1411 4210 Judaei.
1486 4159 1525 4225 ⁸)
1566 4158 1650 4208 Ob
1695 4158 1797 4208 hoc
1835 4160 1993 4207 etiam
2044 4159 2159 4208 aliis
2197 4159 2604 4208 translatoribus
2643 4173 2676 4207 a

224 4236 409 4292 Judaeis
454 4246 777 4310 praefertur,
829 4247 957 4310 quia
1012 4261 1111 4295 sua
1158 4261 1216 4295 se
1266 4246 1542 4309 diligentia
1598 4244 1861 4293 eruditum
1915 4245 2180 4294 Judaeum
2236 4245 2425 4309 prodit.
2499 4245 2540 4308 ⁹)
2590 4245 2675 4293 De

228 4326 384 4386 quibus
414 4345 464 4379 V.
490 4348 541 4396 p.
570 4334 655 4380 98.
719 4331 777 4396 1⁰)
815 4332 1097 4381 Editiones
1134 4331 1256 4380 vide
1282 4331 1424 4396 apud
1449 4332 1609 4396 Long
1642 4361 1698 4366 —
1723 4331 1924 4390 Masch,
1948 4332 2020 4392 ΙΙ,
2049 4335 2094 4380 1.
2121 4348 2172 4396 p.
2200 4334 2282 4379 34.
2349 4331 2408 4395 ¹1)
2447 4331 2675 4379 Dicendi

228 4425 362 4472 genus
410 4419 521 4466 veri
570 4417 892 4467 Jonathanis
948 4417 1016 4466 ad
1073 4418 1357 4468 dictionem
1410 4418 1657 4466 Danielis
1715 4423 1767 4466 et
1822 4416 2080 4467 Onkelosi
2138 4417 2375 4482 proxime
2437 4415 2671 4479 accedit3

228 4493 703 4552 Pseudoionathanis
741 4505 1003 4568 impurum
1050 4504 1332 4566 multisque
1370 4505 1591 4554 exoticis
1629 4505 1854 4553 vocibus
1892 4503 2140 4552 refertum
2180 4507 2274 4551 est.
2338 4502 2666 4552 Commemo-

230 4591 379 4634 rantur
402 4603 431 4636 a
454 4591 792 4655 supposititio
830 4591 931 4640 isto
968 4592 1256 4655 interprete
1284 4590 1561 4654 quaedam,
1604 4606 1740 4654 quae
1767 4590 2041 4643 Jonathan
2068 4589 2299 4639 scribere
2335 4605 2444 4638 non
2479 4591 2670 4655 potuit.
