3309 5300
1036 423 1101 463 Do
1130 411 1566 473 interpretationibus
1594 424 1645 465 N.
1678 424 1726 464 Τ.
1758 404 1960 475 Syriacis.
2622 412 2746 477 187

250 598 315 658 in
361 594 839 660 difficilioribus
888 594 953 659 S.
1003 594 1071 659 S.
1117 595 1196 659 N.
1246 596 1320 659 F.
1386 595 1891 681 interpretandis
1949 599 2210 663 adferre
2255 598 2626 681 utilitatem,
2673 622 2744 663 re

252 708 421 772 bene
471 730 771 794 expensa
815 708 981 773 ultro
1034 709 1435 774 confitemur.

462 820 630 885 Cum
684 820 1024 884 Ecclesiae
1074 819 1383 906 Syriacae
1432 822 1718 886 studium
1780 826 1953 887 circa
2015 823 2284 888 Sacram
2343 824 2746 909 Scripturam

250 932 583 996 erroribus
632 934 805 997 foret
847 935 914 995 in
959 944 1179 1018 partes
1241 944 1554 1016 tractum,
1616 934 1808 999 facile
1855 938 1922 998 in
1968 959 2208 999 novam
2255 936 2747 1000 translationem

248 1044 723 1109 elaborandam
761 1068 1020 1131 quoque
1053 1046 1425 1110 inclinabat.
1473 1046 1763 1111 Dissidia
1794 1048 2116 1111 saeculo
2159 1058 2384 1112 sexto
2424 1050 2744 1114 ineunte

249 1158 313 1219 in
360 1156 669 1221 Ecclesia
700 1157 971 1243 Syriaca
1017 1158 1267 1241 oborta,
1317 1168 1380 1221 et
1414 1160 1695 1223 secessio
1746 1182 1785 1222 a
1817 1159 2113 1224 doctrina
2161 1159 2530 1225 orthodoxa
2573 1163 2746 1247 prin·

248 1292 409 1355 ceps
460 1292 623 1333 ansa
669 1270 817 1353 fuit3
865 1279 934 1333 ut
978 1270 1515 1335 Philoxenus¹
1563 1271 2172 1356 Monophysitarum
2192 1275 2236 1355 ²,
2291 1272 2560 1357 Mabugi
2608 1276 2744 1337 sive

246 1381 689 1468 Hierapoleos
758 1385 1142 1468 episcopuS,
1203 1382 1736 1469 Polycarpum
1801 1383 2465 1471 chorepiscopum
2528 1386 2742 1450 horta-

242 1504 460 1576 retur3
520 1496 909 1557 transferret
952 1494 1212 1559 Novum
1258 1495 1748 1560 Testamentum
1800 1520 1834 1560 e
1882 1520 2123 1581 graeco
2171 1499 2415 1561 iteratis
2463 1501 2632 1563 curis
2677 1501 2746 1562 in

244 1629 624 1671 sermonem
650 1606 993 1693 Syriacum
1008 1611 1051 1671 3.
1092 1608 1318 1672 Paruit
1340 1608 1743 1694 Polycarpus
1768 1632 2139 1694 novamque
2167 1610 2452 1674 confecit
2476 1610 2744 1674 transla-

242 1720 495 1783 tionem
543 1742 601 1782 a.
636 1724 782 1787 508.
835 1742 899 1804 p.
943 1719 1036 1802 C„
1086 1742 1255 1805 quae
1302 1744 1342 1783 a
1384 1722 1722 1786 conditore
1769 1722 1966 1807 vulgo
2013 1722 2595 1787 Philoxeniana
2639 1723 2745 1786 vel

244 1853 285 1893 a
314 1833 613 1895 revisore
659 1831 1225 1897 Heracleensis
1271 1835 1592 1897 nominari
1626 1834 1807 1897 solet.
1872 1834 2210 1899 Thomas
2259 1837 2460 1899 enim
2505 1834 2744 1899 Hera-

244 1942 475 2007 cleen
493 1946 603 2007 sis
650 1946 996 2031 episcopus
1032 1984 1113 1993 —
1155 1945 1495 2009 Aramaeis
1542 1946 1928 2032 plerumque
1974 1945 2358 2011 Harclaitha
2407 1947 2616 2011 dictus
2665 1984 2743 1995 -—

244 2054 711 2121 Germaniciae
742 2057 897 2121 sede
930 2080 1049 2121 sua
1077 2056 1323 2143 pulsuS,
1359 2080 1505 2122 eam
1535 2060 1906 2123 versionem
1937 2058 2381 2123 Alexandriae
2413 2062 2748 2145 rescripsit

242 2177 307 2230 et
354 2170 709 2253 castigavit
731 2173 775 2233 ⁴.
833 2169 1085 2249 Quodsi
1137 2193 1293 2236 vero
1345 2170 1551 2256 qualis
1600 2170 1797 2234 fuerit
1841 2170 2006 2235 haec
2054 2171 2554 2254 Philoxeniana‚
2603 2174 2743 2235 sive

469 2433 511 2500 ¹)
552 2435 657 2496 Qui
694 2436 854 2485 etiam
889 2434 1008 2484 Mar
1042 2436 1092 2483 X
1104 2451 1131 2485 6
1144 2452 1179 2483 11
1192 2436 1339 2484 aiae
1376 2434 1735 2500 adpellatione
1772 2437 2016 2485 innotuit.
2093 2437 2133 2502 ²)
2171 2438 2234 2487 A.
2262 2438 2554 2487 485—518.
2594 2454 2643 2501 p.
2685 2436 2743 2486 C.

252 2522 299 2585 ³)
337 2522 458 2571 Nisi
510 2522 650 2570 enim
694 2521 941 2583 fallimur,
990 2522 1113 2571 ideo
1163 2521 1249 2570 Ph
1263 2522 1351 2571 ilo
1363 2538 1395 2570 x
1408 2539 1437 2571 e
1448 2539 1485 2570 n
1496 2539 1529 2571 u
1540 2537 1565 2571 s
1615 2522 1775 2572 aliam
1812 2524 2108 2573 versionem
2157 2522 2382 2589 simplici
2428 2525 2748 2574 substituere

245 2608 439 2673 voluit,
489 2614 549 2660 ut
597 2624 779 2659 eorum
828 2610 921 2674 qui
954 2608 1450 2675 Menophysitarum
1498 2610 1742 2675 partibus
1792 2609 2171 2672 adhaererent,
2220 2612 2406 2662 usibus
2453 2612 2746 2662 inserviret.

244 2699 288 2762 ⁴)
320 2697 385 2748 C.
412 2712 463 2746 a.
490 2699 608 2747 616.
644 2697 766 2746 Hac
790 2698 1103 2746 recensione
1128 2697 1391 2746 interdum
1416 2697 1453 2746 J
1456 2698 1703 2746 acobitae
1728 2699 1784 2746 in
1810 2697 2001 2746 divinis
2027 2697 2216 2748 officiis
2243 2703 2478 2748 utuntur.
2508 2697 2588 2747 Of.
2614 2698 2666 2748 J.
2693 2699 2746 2748 S.

245 2784 556 2845 Assemani‚
580 2782 721 2832 Bibl.
744 2781 944 2832 Orient.
968 2782 1131 2833 Clem.
1153 2784 1271 2832 Vat.
1291 2782 1441 2832 Rom.
1466 2785 1615 2832 1719.
1654 2784 1695 2846 Ι,
1717 2785 1799 2833 90.
1821 2799 1862 2832 s.
1888 2786 2004 2833 334.
2045 2784 2107 2834 G.
2127 2784 2335 2848 Ridley,
2356 2786 2420 2834 de
2442 2783 2578 2849 Syri.
2600 2785 2662 2834 N.
2685 2785 2748 2833 Τ.

245 2885 391 2919 vers.
430 2870 611 2920 indole
650 2875 811 2936 atque
835 2886 939 2920 usu
964 2870 1136 2919 Lond.
1166 2873 1192 2918 1
1202 2871 1315 2919 761.
1342 2887 1393 2934 p.
1421 2872 1503 2920 37.
1541 2885 1822 2934 perperam
1859 2869 2102 2933 affirmat,
2142 2862 2568 2936 discrepantiam,
2608 2887 2747 2936 quae

244 2958 305 3005 in
334 2957 455 3006 cod.
482 2971 617 3006 vers.
646 2956 761 3021 Syr.
793 2957 1071 3019 obtineret,
1110 2971 1281 3006 novae
1318 2958 1772 3022 interpretationis
1811 2957 2173 3007 conficiendae
2211 2960 2424 3007 occasio
2464 2960 2746 3007 exstitisse.

244 3045 446 3108 Neque
484 3043 638 3093 aliter
673 3045 835 3093 sentit
858 3042 1222 3105 Wichelhaus,
1260 3043 1294 3092 l.
1323 3059 1368 3092 c.
1392 3059 1445 3108 p.
1474 3044 1589 3092 188.
1643 3042 1890 3093 Ceterum
1917 3044 1982 3092 de
2010 3045 2300 3109 originibus
2325 3045 2482 3094 huius
2521 3044 2746 3095 transla-

245 3132 417 3180 tionis
446 3145 583 3195 quae
608 3131 870 3192 novimus,
899 3146 963 3178 ex
986 3146 1094 3179 uno
1120 3129 1233 3180 fere
1259 3130 1405 3179 fonte
1432 3130 1764 3194 derivantur3
1792 3132 2038 3179 nimirum
2065 3147 2129 3180 ex
2156 3131 2446 3196 epigraphe
2474 3132 2746 3182 codicibus

243 3220 407 3268 istius
447 3219 707 3268 versionis
746 3216 815 3266 ad
851 3217 1053 3268 calcem
1089 3218 1345 3266 subiecta.
1401 3217 1573 3278 Quam
1610 3219 1873 3281 integram
1910 3217 2058 3266 dedit
2092 3218 2143 3267 J.
2183 3218 2248 3267 G.
2288 3217 2347 3266 C.
2384 3219 2564 3280 Adler,
2604 3219 2746 3268 Novi

246 3307 587 3355 Testamenti
621 3305 909 3355 Versiones
957 3302 1208 3368 Syriacae
1256 3302 1445 3368 simpl.,
1495 3303 1702 3353 Philox.
1743 3310 1796 3352 et
1832 3304 2041 3354 Hieros.
2081 3304 2257 3354 denuo
2308 3307 2533 3358 examin.
2583 3307 2745 3355 Hafn.

249 3394 410 3442 1789.
458 3409 511 3458 p.
548 3394 634 3442 45.
671 3394 755 3441 46.
804 3393 1150 3456 sequentibus
1197 3393 1399 3442 verbis:
1453 3392 1898 3452 „Translatus
1952 3397 2174 3442 autem
2225 3393 2360 3442 fuit
2407 3394 2515 3441 hic
2569 3394 2662 3442 lib
2681 3409 2750 3443 er

247 3484 544 3544 quatuor
578 3479 1158 3544 Evangelistarum
1215 3485 1589 3529 sanctorum
1641 3495 1671 3528 e
1718 3479 1948 3544 lingua
2001 3495 2194 3544 graec
2210 3495 2243 3528 a
2294 3481 2360 3529 in
2409 3479 2746 3544 Syriacam

248 3582 401 3615 cum
453 3567 891 3616 accuratione
940 3565 1142 3614 multa
1192 3571 1253 3615 e't
1300 3565 1533 3615 labore
1580 3581 1813 3631 magno
1862 3568 2133 3631 primum
2182 3567 2436 3632 quidem
2481 3569 2544 3616 in
2589 3569 2748 3618 urbe

247 3653 499 3718 Mabug
534 3668 583 3702 a.
622 3655 738 3702 819.
785 3652 1151 3702 Alexandri
1186 3651 1595 3713 Macedonis,
1645 3654 1710 3700 in
1748 3653 1979 3702 diebus
2017 3668 2057 3702 s·
2095 3654 2356 3702 Domini
2393 3653 2749 3703 Philoxeni

251 3757 329 3791 co
345 3741 705 3802 nfessoris,
761 3742 1059 3806 episcopi
1110 3741 1251 3790 eius
1268 3739 1407 3789 dem
1452 3741 1651 3790 urbis.
1728 3739 2028 3790 Collatus
2079 3747 2292 3790 autem
2343 3741 2470 3788 fuit
2514 3745 2748 3804 postea

250 3828 467 3878 multa
516 3843 657 3877 cum
695 3827 1055 3892 diligentia
1104 3842 1137 3875 a
1186 3843 1279 3876 me
1315 3826 1554 3876 Thoma
1602 3842 1898 3892 paupere
1948 3843 2087 3876 cum
2129 3826 2380 3876 duobus
2431 3827 2748 3892 exemplis

253 3917 539 3980 graecis
595 3915 797 3964 valde
850 3915 1170 3979 probatis
1226 3920 1291 3964 et
1340 3915 1683 3964 correctis
1737 3916 1802 3962 in
1850 3915 2154 3964 Antonia
2194 3942 2260 3950 —
2305 3915 2636 3964 suburbio
2681 3943 2747 3950 —

252 4002 759 4064 Alexandriae,
813 4002 1005 4051 urbis
1055 4015 1363 4066 magnae,
1418 4003 1485 4050 in
1535 4003 1960 4050 monasterio
2011 4006 2251 4050 sancto
2301 4000 2743 4050 Antonian0.“

256 4088 527 4139 Absoluta
560 4090 722 4154 igitur
757 4088 858 4137 fuit
894 4089 1031 4138 haec
1066 4103 1209 4138 nova
1246 4087 1497 4153 Syrorum
1532 4089 1904 4153 interpretatio
1945 4103 1992 4137 a.
2034 4087 2123 4137 Gr.
2148 4089 2280 4138 ·819.
2319 4088 2404 4136 vel
2441 4104 2493 4152 p.
2532 4086 2589 4136 C.
2629 4089 2747 4137 508.

258 4204 327 4211 -
351 4175 563 4240 Ridley,
601 4175 633 4225 l.
662 4192 707 4224 c.
743 4175 858 4225 vult
892 4190 1092 4225 annum
1128 4178 1244 4226 600.
1282 4175 1595 4240 intelligere.
1623 4204 1689 4211 —
1716 4175 1834 4236 Quo
1875 4176 2176 4241 Scriptore‘?
2213 4192 2278 4224 ex
2317 4173 2605 4239 epigraphe
2642 4189 2749 4223 non

257 4267 427 4328 patet.
485 4263 901 4313 Bar-Hebraeus
950 4263 1179 4329 quidem,
1228 4265 1284 4311 in
1330 4262 1579 4312 chronico
1632 4278 1730 4311 suo
1779 4263 1922 4328 apud
1959 4263 2327 4323 Assemanum‚
2370 4261 2509 4310 Bibl.
2549 4260 2638 4309 Or.
2679 4261 2748 4323 II,

257 4352 383 4399 334.
432 4355 486 4398 et
531 4349 701 4415 praef.
748 4350 905 4400 Horr.
954 4355 1108 4414 myst.
1146 4365 1188 4399 s.
1227 4365 1271 4398 c.
1322 4365 1407 4414 ap.
1445 4350 1737 4410 Wiseman,
1787 4366 1838 4414 p.
1877 4350 1978 4410 87.,
2035 4363 2154 4398 eam
2205 4365 2314 4398 non
2369 4349 2525 4397 modo
2573 4347 2747 4397 studio

255 4435 546 4486 Philoxeni
600 4442 878 4500 acceptam
930 4437 1115 4486 referri
1172 4440 1349 4500 putat3
1406 4436 1501 4484 sed
1549 4435 1744 4484 diserte
1792 4437 1850 4484 in
1898 4436 2086 4486 eodem
2122 4434 2316 4486 Chron.
2364 4452 2417 4500 p.
2453 4437 2574 4483 411.
2629 4450 2750 4484 eum

256 4523 594 4575 conditorem
648 4523 885 4573 eiusdem
940 4539 1058 4575 esse
1112 4523 1355 4572 affirmat.
1428 4522 1583 4583 Quod
1638 4539 1916 4572 erroneum
1969 4522 2338 4573 Bar-Hebraei
2390 4521 2750 4572 testimonium

260 4611 549 4676 corrigitur
603 4626 669 4659 ex
724 4608 983 4660 relatione
1030 4610 1233 4674 Moysis
1277 4609 1535 4674 Aghelaei
1548 4645 1561 4671 ‚
1616 4609 1760 4678 apud
1806 4609 2154 4658 Assemanum
2166 4646 2180 4670 ,
2232 4608 2373 4657 Bibl.
2413 4607 2504 4658 Or.
2540 4607 2593 4656 11
2605 4645 2618 4669 ,
2665 4609 2748 4658 83.
