3309 5300
496 326 623 389 312
1192 338 1427 378 comment.
1457 337 1510 377 de
1540 339 1582 377 S.
1605 312 1818 387 Scriptur'.
1849 349 1942 388 cap.
1973 338 2077 378 tert.
2108 338 2213 377 sect.
2245 337 2277 376 1.

712 512 863 573 Quod
897 512 1112 577 denique
1148 512 1221 562 ad
1258 513 1644 563 Catenarum
1681 528 2007 563 recensum
2043 515 2236 575 attinet,
2275 515 2519 562 mittimus
2543 513 2734 563 codices
2757 530 2893 576 mee„
2937 510 3014 561 cle

500 600 681 664 quibus
717 600 943 664 dieputat
980 599 1045 649 Μ
1053 600 1451 665 ontfaucon‚
1490 599 1915 665 Palaeoqraphia
1946 615 2136 664 yraeca
2170 600 2214 662 Ι,
2244 602 2284 650 1.
2314 617 2374 663 Ρ.
2409 602 2454 649 7.
2479 599 2524 662 Ι,
2558 602 2600 650 7.
2618 618 2678 663 Ρ.
2713 603 2786 663 71,
2813 600 2910 664 IV,
2949 602 3010 647 8.

490 704 552 751 Ρ.
590 690 709 737 316.
756 686 813 749 V,
852 689 893 736 1.
923 704 983 750 p.
1021 689 1149 737 347.
1188 686 1324 736 Bibl.
1365 686 1573 737 Coi-elin.
1610 685 1685 749 Il,
1727 689 1766 737 1.
1809 703 1868 749 Ρ.
1909 687 2030 735 240.
2068 703 2108 736 8.
2166 686 2408 750 aliosque,
2459 702 2584 749 quoe
2619 685 2806 736 laudat
2841 686 2893 737 J.
2945 685 3013 737 C'.

510 773 733 837 Woffi'ue,
790 774 1046 823 exercitat.
1092 776 1150 823 in
1200 774 1420 825 catenas
1465 773 1688 822 Patrum
1735 788 1950 838 qraecae
1997 788 2180 836 eaeque
2215 774 2540 836 potissimum
2585 790 2700 823 mem
2766 771 3013 824 Witemb.

500 862 651 910 1712.
704 866 861 924 repet.
909 876 995 924 ap.
1048 860 1261 912 Cramer
1304 860 1348 923 I,
1394 859 1565 924 praef.
1612 878 1672 923 p.
1727 862 1778 909 4.
1815 877 1889 923 e.,·
1939 862 2129 923 paucis
2183 861 2531 910 enumeraturi
2589 858 2806 910 Catenae
2859 860 3017 925 typis

502 949 782 1011 mcv-{pm
818 946 997 997 ordine
1034 946 1089 998 S.
1128 946 1182 998 S.
1222 946 1282 1000 L.
1323 946 1403 1010 L.‚
1442 945 1515 996 ad
1549 964 1676 1011 quos
1711 947 1832 996 illae
1857 949 2137 1010 pertinent.
2179 945 2339 997 Sunt.-
2375 946 2733 1010 Nicephori
2767 948 3014 997 Hiero-

502 1033 817 1097 monachi‚
856 1041 952 1085 cat.
991 1036 1047 1083 in
1088 1034 1441 1085 Octoteuchum
1478 1040 1523 1084 et
1560 1034 1609 1083 ll.
1648 1033 1844 1099 Regum
1880 1033 2024 1097 Lipe.
2060 1035 2210 1086 1772.
2238 1034 2424 1086 volum.
2450 1032 2524 1083 ΙΙ.
2563 1033 2654 1083 Fr.
2681 1033 3014 1099 Zephyri,

510 1120 563 1171 C.
609 1119 703 1172 Gr.
740 1120 803 1170 P.
841 1121 905 1171 P.
942 1123 999 1171 in
1034 1120 1359 1171 Pentateuch.
1408 1120 1555 1171 Flor.
1594 1121 1747 1170 1547.
1786 1126 1831 1169 et
1874 1120 1978 1173 Col.
2017 1122 2170 1172 1573.
2213 1136 2325 1169 cum
2370 1126 2467 1169 cat.
2503 1121 2560 1169 in
2600 1120 2812 1171 Cantica
2858 1121 2915 1172 V.
2963 1124 3018 1169 et

504 1205 573 1260 N.
615 1206 671 1257 T.
728 1205 787 1257 A.
826 1207 1248 1271 Lipomanni,
1289 1207 1343 1258 C.
1381 1209 1438 1257 in
1483 1206 1608 1258 Gen.
1649 1205 1783 1258 Par.
1819 1208 1978 1257 1546.
2026 1206 2109 1255 Ei.
2146 1208 2205 1255 in
2239 1205 2496 1257 Eoeodum.
2531 1205 2598 1256 ib.
2637 1209 2794 1257 1550.
2839 1206 2892 1257 J.
2933 1206 3012 1257 R.

506 1310 541 1342 a
581 1293 901 1356 Corduba,
942 1294 995 1345 C.
1033 1294 1090 1345 in
1125 1294 1221 1345 IV.
1260 1295 1313 1345 ll.
1351 1294 1562 1360 Requm.
1606 1292 1774 1359 Luqd.
1812 1295 1967 1342 1652.
2028 1292 2089 1345 Ρ.
2133 1292 2450 1356 Comitoli,
2493 1291 2548 1343 C.
2585 1294 2641 1342 in
2675 1292 2790 1345 Job.
2829 1291 3012 1359 Lu9d.

506 1382 666 1430 1586.
692 1380 767 1431 ed.
795 1381 868 1431 II.
903 1381 1070 1432 Venet.
1089 1382 1247 1431 1587.
1276 1380 1350 1431 ed.
1376 1381 1482 1431 III.
1510 1398 1592 1445 op.
1620 1387 1666 1431 et
1689 1386 1750 1430 et.
1789 1380 1851 1432 P.
1878 1379 2064 1429 Junii
2085 1382 2119 1430 i.
2142 1394 2182 1428 e.
2209 1378 2377 1430 Lond.
2399 1382 2554 1429 1637.
2596 1379 2658 1429 Β.
2689 1379 3014 1441 Corderii,

508 1482 623 1531 emp.
660 1467 724 1520 P.
750 1468 812 1517 P.
846 1485 926 1533 qr.
962 1471 1019 1517 in
1043 1468 1293 1518 Psalmo-9.
1332 1467 1484 1520 Antv.
1512 1469 1778 1516 1643—6.
1804 1467 1904 1516 vol.
1933 1466 2035 1516 III.
2080 1465 2179 1515 Th.
2203 1465 2487 1529 Peltani‚
2532 1466 2584 1518 C.
2612 1466 2675 1516 P.
2701 1466 2765 1520 P.
2813 1466 2907 1517 Gr.
2950 1467 3018 1514 in

508 1554 794 1605 Proverbia
818 1552 874 1607 S.
900 1554 977 1605 ed.
1006 1554 1179 1606 Schott
1203 1556 1353 1605 Antv.
1380 1556 1527 1604 1614.
1565 1553 1617 1603 J.
1645 1553 1708 1603 M
1715 1555 1919 1603 eureii
1929 1592 1942 1616 ‚
1983 1552 2034 1604 C.
2062 1554 2120 1601 in
2149 1552 2413 1603 Canticum
2440 1551 2494 1602 C.
2519 1551 2684 1618 Luqd.
2711 1553 2829 1603 Bat.
2855 1554 3013 1606 1617.

510 1641 583 1695 Μ.
632 1640 981 1705 Chi-elerii,
1035 1642 1226 1693 Catena
1272 1642 1338 1692 P.
1374 1642 1437 1691 P.
1480 1658 1561 1706 qr.
1597 1647 1644 1690 et
1691 1641 1782 1690 lat.
1832 1642 2029 1689 ineerta
2077 1655 2252 1689 comm.
2279 1641 2357 1689 ‘in
2392 1639 2579 1689 Jerem.
2635 1638 2800 1705 Luqd.
2848 1642 3012 1690 1623.

510 1728 614 1778 ΙΙΙ.
664 1729 762 1778 vol.
820 1728 1004 1778 addita
1051 1735 1123 1779 est
1176 1729 1284 1780 Cat.
1332 1730 1388 1778 in
1435 1728 1849 1777 Lamentationes
1896 1734 1942 1777 et
1991 1726 2306 1776 Baruchum.
2365 1725 2560 1777 Catena
2605 1727 2668 1776 P.
2709 1726 2770 1777 P.
2816 1743 2896 1793 qr.
2949 1726 3013 1775 in

512 1815 781 1865 Danielem
814 1815 893 1866 ed.
930 1816 991 1865 A.
1030 1815 1182 1879 Maii,
1222 1814 1410 1879 Script.
1460 1814 1559 1865 Vet.
1600 1814 1752 1865 Nova
1793 1814 1987 1864 Collect.
2028 1813 2176 1867 Rom.
2204 1815 2363 1863 1825.
2400 1813 2445 1863 Ι.
2473 1816 2660 1876 2,161.
2697 1813 2830 1867 Νου.
2874 1813 3008 1865 Coll.

511 1900 578 1951 ib.
616 1904 763 1953 1831.
801 1902 905 1966 III,
944 1904 1029 1952 27.
1066 1919 1107 1952 e.
1169 1901 1234 1952 P.
1273 1902 1565 1964 Poe-sini,
1618 1900 1728 1951 Cat.
1767 1902 1830 1951 P.
1869 1900 1930 1950 P.
1963 1918 2041 1966 qr.
2079 1902 2136 1950 in
2170 1900 2502 1952 Matthaeum.
2547 1900 2713 1950 Toloe.
2751 1902 2911 1950 1646.
2962 1902 3010 1951 7.

512 1988 595 2039 Εἰ.
634 1990 689 2038 in
728 1989 822 2039 Εὐ.
861 2006 902 2039 ⁸.
943 1987 996 2039 S.
1034 1988 1286 2042 Marcum.
1324 1988 1473 2041 Rom.
1511 1991 1668 2038 1673.
1707 1989 1771 2038 Β.
1813 1986 2134 2051 Corderii,
2177 1987 2234 2038 C.
2271 1986 2365 2038 Gr.
2403 1987 2466 2038 P.
2505 1987 2565 2036 P.
2604 1988 2663 2037 in
2699 1986 2754 2038 S.
2789 1990 3011 2041 Lucam.

513 2075 665 2128 Antv.
703 2079 856 2126 1628.
895 2078 975 2128 Ei.
1020 2080 1077 2128 in
1114 2077 1167 2129 S.
1207 2076 1475 2127 Joannem
1512 2075 1580 2125 ib.
1619 2077 1770 2125 1630.
1825 2075 1876 2125 J.
1914 2075 1975 2127 A.
2021 2075 2304 2137 Cramer,
2349 2076 2408 2123 in
2441 2074 2540 2124 Ευ.
2577 2072 2631 2125 S.
2671 2074 2928 2124 Matthaei
2965 2080 3016 2124 et

513 2161 566 2215 S.
604 2164 791 2213 Marci.
835 2165 997 2216 Oxon.
1041 2167 1203 2215 1840.
1253 2162 1436 2213 Eiued.
1486 2165 1543 2213 in
1577 2162 1675 2212 Ευ.
1716 2161 1771 2213 S.
1810 2162 1982 2212 Lucae
2029 2169 2074 2213 et
2123 2161 2180 2213 S.
2218 2161 2442 2211 Joannie
2488 2162 2558 2211 ib.
2597 2164 2748 2211 1841.
2815 2162 3015 2213 Catena

526 2248 756 2299 Veterum
791 2252 1012 2302 Patrum
1050 2251 1365 2303 Graecorum
1410 2250 1670 2315 colligente
1713 2250 1772 2299 Ν
1773 2251 1941 2300 iceta
1988 2249 2265 2301 Serv-arum
2311 2264 2389 2312 ep.
2427 2250 2486 2298 in
2523 2248 2586 2299 A.
2625 2248 2775 2309 Maii,
2817 2248 3012 2312 Script.

516 2342 611 2386 vet.
661 2354 776 2391 nov.
828 2339 1026 2390 Collect.
1081 2338 1230 2389 Rom.
1281 2340 1437 2387 1837.
1488 2337 1587 2399 ΙΧ,
1640 2339 1766 2387 626.
1817 2354 1858 2386 ε.
1933 2336 2152 2387 Catenae
2203 2336 2374 2385 instar
2423 2342 2604 2385 sunto.-
2658 2335 3014 2401 Euthymii

518 2422 795 2487 Zyyabeni,
839 2425 1027 2476 Comm.
1064 2427 1121 2474 in
1156 2424 1255 2475 IV.
1296 2424 1391 2473 Εὐ.
1430 2430 1477 2474 et
1518 2424 2021 2489 Theophylacti,
2058 2425 2406 2473 commentarii
2440 2439 2466 2472 e
2499 2423 2750 2472 veteribus
2785 2422 3013 2487 Scripto-

519 2508 663 2559 ribuo
683 2513 740 2560 in
763 2512 1115 2575 compendium
1138 2511 1335 2561 redacti
1342 2530 1362 2575 ‚-
1385 2514 1501 2560 item
1530 2511 1718 2562 Cloe-ea
1743 2513 1984 2561 continua
2007 2510 2061 2560 d.
2094 2510 2142 2559 T
2148 2511 2365 2561 homae
2389 2510 2432 2560 A
2447 2512 2735 2575 quinatis
2769 2527 2794 2561 e
2812 2514 3014 2577 qraecie

520 2596 791 2662 latinisque
813 2599 877 2649 P.
905 2599 967 2649 P.
992 2601 1048 2648 in
1074 2599 1169 2650 IV.
1197 2598 1293 2648 Ευ.
1332 2600 1627 2663 composita.
1678 2599 1736 2650 V.
1775 2598 2047 2649 Protheor.
2085 2598 2154 2648 N.
2197 2598 2254 2647 T.
2285 2615 2345 2662 p.
2372 2597 2527 2649 XIX.
2569 2598 2632 2647 B.
2661 2598 3011 2662 Feliciani,

524 2683 636 2734 Cat.
674 2691 767 2736 vet.
807 2687 957 2736 Patr.
995 2689 1052 2737 in
1088 2686 1217 2736 Acta
1254 2693 1300 2737 et
1336 2702 1414 2750 ep.
1452 2686 1585 2736 cath.
1635 2686 1754 2736 Ven.
1795 2689 1953 2737 1545.
2017 2686 2280 2750 Excerpta
2321 2687 2379 2735 in
2424 2685 2600 2736 eadem
2635 2685 2694 2737 S.
2740 2685 3014 2737 Volumina

520 2772 748 2837 vulgavit
795 2772 845 2825 J.
898 2773 954 2823 C.
1005 2773 1195 2836 Wolf,
1246 2772 1433 2823 Anecd.
1480 2791 1561 2839 qr.
1600 2791 1733 2824 sacr.
1785 2781 1832 2824 et
1869 2773 2022 2838 prof.
2076 2772 2262 2822 Hamb.
2313 2775 2468 2822 1723.
2491 2773 2630 2836 ⁸111,
2684 2775 2770 2822 92.
2819 2775 3014 2838 integre

520 2857 572 2910 J.
611 2856 674 2908 A.
719 2859 1000 2922 Cramer,
1042 2859 1153 2910 Cat.
1194 2860 1250 2910 in
1278 2859 1410 2910 Acta
1446 2860 1501 2912 S.
1539 2860 1596 2912 S.
1622 2860 1800 2924 Apoet.
1840 2877 1865 2910 e
1901 2860 2008 2910 cocl.
2045 2877 2160 2912 nov.
2201 2861 2311 2909 coll.
2356 2860 2519 2910 Oaeon.
2545 2862 2703 2910 1838.
2743 2861 2806 2910 P.
2833 2858 3010 2908 Lom-

522 2944 739 3008 bardi,
776 2948 831 2995 in
868 2963 1003 2996 omn.
1041 2947 1144 3011 Ep.
1184 2948 1344 2997 Pauli
1379 2949 1486 2997 coll.
1526 2963 1589 2997 ex
1623 2947 1754 3012 Any.
1794 2947 1968 2997 Ambr.
2008 2948 2135 3000 Par.
2177 2950 2333 2997 1533.
2379 2947 2658 3008 Cramer,
2701 2947 2924 2998 Catenae
2957 2948 3013 2996 in

523 3031 579 3082 S.
616 3032 777 3081 Pauli
813 3048 887 3098 ep.
926 3031 1001 3082 ad
1036 3033 1153 3084 Cor.
1211 3033 1375 3084 Oxon.
1413 3036 1567 3087 1841.
1628 3034 1713 3084 Εἰ.
1750 3037 1807 3084 in
1843 3051 1922 3099 ep.
1961 3034 2034 3084 ad
2076 3033 2195 3085 Gal.
2235 3033 2424 3097 Ephe-5.
2463 3033 2692 3098 Philipp.
2738 3032 2910 3083 (lmese.
2946 3033 3009 3083 ib.

523 3120 678 3170 1842.
715 3119 802 3171 Εἰ.
838 3121 897 3168 in
934 3135 1008 3184 ep.
1048 3119 1122 3168 ad
1160 3119 1376 3170 Timoth.
1421 3121 1518 3170 Tit.
1556 3121 1772 3171 Philem.
1810 3121 1969 3170 Hebr.
2006 3119 2075 3170 ib.
2115 3121 2275 3169 1843.
2316 3119 2398 3170 Εἰ.
2435 3121 2495 3168 in
2531 3135 2608 3184 ep.
2647 3117 2734 3170 ad*
2754 3119 2903 3170 Rom.
2941 3119 3006 3169 ib.

530 3207 684 3254 1844.
720 3205 805 3255 Ei.
830 3207 888 3254 in
911 3221 986 3270 ep.
1016 3205 1160 3256 Cath.
1188 3223 1289 3256 acc.
1317 3207 1601 3257 Oecumenii
1638 3214 1682 3257 et
1721 3208 1940 3257 Arethae
1981 3207 2169 3258 Comm.
2205 3208 2260 3256 in
2299 3206 2456 3271 Apoc.
2493 3205 2561 3256 ib.
2605 3209 2755 3257 1840.
2798 3207 3014 3258 Catenae

524 3293 655 3340 vices
708 3292 939 3342 exhibent
990 3293 1200 3344 Scholia
1242 3301 1497 3358 perpetua
1550 3294 1754 3344 Codicis
1806 3294 2041 3354 Quat-uov-
2076 3294 2476 3360 Evangeliorwm
2511 3294 2839 3355 Pectineneie,
2885 3311 3013 3357 quae

518 3379 715 3442 publici
748 3381 881 3428 iuris
904 3381 1036 3443 fecit
1066 3379 1122 3431 S.
1150 3379 1359 3444 Markfi.
1396 3380 1451 3431 V.
1472 3399 1529 3444 p.
1560 3383 1671 3430 123.
1718 3381 1994 3432 censuram
2028 3387 2251 3431 veterum
2292 3381 2600 3432 Catenarum
2634 3382 2838 3430 interim
2873 3379 3012 3429 dabit

523 3465 575 3515 J.
611 3465 675 3516 G.
711 3465 948 3530 Walch,
988 3466 1123 3516 Bibl.
1162 3467 1308 3517 theol.
1344 3468 1430 3517 eel.
1468 3467 1582 3518 Jen.
1620 3471 1775 3518 1765.
1813 3468 1909 3532 IV,
1947 3470 2076 3517 388.
2090 3486 2110 3531 ,·
2154 3469 2488 3518 recentiorum
2535 3467 2595 3516 Ν
2599 3485 2628 3517 ο
2644 3469 2853 3530 esselt,
2899 3467 2932 3516 l.
2969 3483 3008 3517 c.

521 3569 579 3616 Ρ.
616 3555 667 3603 6.
702 3569 743 3603 8.
798 3558 845 3604 et
886 3553 1337 3617 Tischendorf,
1378 3555 1521 3618 prol.
1559 3554 1635 3605 ed.
1685 3555 1801 3606 VII.
1840 3554 1906 3605 N.
1950 3555 2007 3604 T.
2045 3571 2106 3618 p.
2144 3557 2266 3605 266.
2312 3557 2355 3604 7.

2353 3685 2382 3696 ᾗ
