3309 5300
1124 375 1187 422 De
1214 379 1383 423 Canone
1413 382 1456 422 S.
1479 378 1645 425 Librcr.
1678 378 1774 424 Vct.
1803 378 1922 424 Test.
2682 366 2766 435 33

277 570 372 619 per
407 554 555 616 illos,
603 554 774 605 idem
824 554 1117 620 Spiritus
1165 556 1393 606 dicere.“
1455 556 1533 606 Ac
1577 562 1863 624 propterea
1900 558 2347 608 Machabaeorum
2396 558 2583 620 libros,
2628 574 2767 624 quos

277 643 495 706 insuper
528 640 784 691 Ecclesia
819 644 1056 707 suscepit
1095 641 1540 703 „Canonicos“
1581 643 1834 710 adpellat,
1874 644 1940 694 de
1978 644 2091 695 Oiv.
2116 646 2221 694 Dei
2244 645 2443 706 XVIII,
2464 648 2547 695 36.
2574 662 2624 711 p.
2648 647 2767 694 279,

277 726 486 788 Quidue
535 727 673 777 adeo
718 743 908 793 parum
949 730 1222 779 conscium
1261 730 1521 780 dictorum
1569 746 1787 780 suorum
1823 746 1864 779 s.
1902 730 2255 797 Augustinum
2293 734 2410 797 quis
2449 730 2661 793 dixerit,
2708 736 2767 781 ut

279 813 606 875 „Canonici“
633 815 957 865 vocabulum
983 830 1048 865 ea
1083 821 1365 881 usurparet
1389 815 1797 883 significatione,
1833 819 1921 867 cui
1951 820 2243 869 communis
2276 819 2572 869 aestimatio
2599 818 2767 867 recla-

277 903 476 949 maret?
512 901 778 967 Imprimis
805 917 926 952 cum
949 918 990 952 s.
1010 902 1228 964 Βοῦτον,
1258 902 1324 952 de
1349 903 1515 952 doctr.
1537 902 1644 952 chr.
1664 904 1734 952 II.
1756 905 1804 965 8,
1828 905 1908 953 13.
1937 921 1989 969 p.
2010 906 2093 953 39.
2132 902 2183 952 S.
2200 902 2503 970 Scripturas
2530 904 2767 954 studioso

275 989 602 1053 praecipiat:
628 990 714 1050 „in
735 986 1022 1053 Scripturis
1043 988 1328 1039 Canonicis
1341 989 1707 1039 Ecclesiarum
1729 988 2139 1052 Catholicarum‚
2162 1006 2323 1056 quam
2337 990 2567 1057 plurium
2588 994 2771 1040 aucto·-

274 1076 486 1124 ritatem
526 1079 830 1140 sequatur.“
879 1075 1100 1141 Aliquid
1135 1078 1402 1125 nascentis
1439 1077 1721 1127 Ecclesiae
1758 1082 1993 1142 tempore
2020 1081 2161 1127 certe
2186 1077 2288 1127 hac
2313 1079 2368 1126 in
2396 1093 2453 1127 re
2492 1077 2769 1126 dandum

272 1162 406 1211 fuit
439 1162 750 1224 «ludaeis,
790 1176 853 1211 ac
891 1161 1107 1212 discolis
1143 1162 1474 1226 hominibus;
1512 1179 1582 1212 ne
1618 1180 1661 1213 s.
1685 1164 1872 1213 Patres
1912 1168 1965 1213 et
2002 1163 2055 1213 S.
2078 1164 2145 1213 Ε.
2184 1164 2499 1213 calumniari
2532 1160 2769 1229 possent,

273 1248 490 1299 obtrudi
516 1248 622 1298 sibi
639 1248 849 1310 Libros,
875 1264 1010 1313 quos
1031 1249 1146 1298 Lex
1165 1248 1401 1314 Antiqua
1425 1265 1534 1299 non
1558 1251 1763 1315 recipit.
1800 1250 1914 1299 Nec
1941 1250 2049 1299 alia
2066 1252 2227 1315 igitur
2251 1252 2389 1301 inter
2412 1250 2768 1300 Machabaeo-

273 1351 392 1385 rum
412 1334 606 1398 libros,
633 1336 875 1401 aliosque
901 1332 1244 1394 θεοπνεῦστους
1271 1338 1536 1401 oppositio
1563 1335 1871 1401 affingenda
1895 1353 1936 1387 s.
1962 1338 2291 1401 Augustin03
2329 1338 2431 1387 nisi
2460 1351 2566 1402 qua
2588 1351 2771 1385 veram

272 1422 462 1471 Novae
488 1422 654 1487 Legis
677 1422 982 1472 Ecclesiam
1015 1424 1278 1488 reprobae
1309 1423 1416 1471 iam
1453 1421 1789 1489 synagogae,
1828 1424 2080 1489 temporis
2118 1425 2201 1473 sui
2223 1424 2551 1474 Judaeorum
2588 1423 2769 1483 menti,

279 1508 710 1559 Christianorum
747 1510 1067 1559 sententiam
1103 1510 1342 1574 opponit.
1392 1509 1654 1573 Quodque
1693 1512 2011 1560 sententiam
2046 1517 2281 1560 nostram
2318 1510 2546 1576 amplius
2584 1508 2769 1559 confir-

275 1600 400 1657 mat,
429 1601 520 1646 est
543 1596 908 1645 testimonium
927 1612 978 1661 q.
999 1596 1048 1645 d.
1070 1614 1122 1661 p.
1137 1597 1219 1645 25.
1242 1595 1360 1645 1.Π.
1381 1596 1447 1645 de
1467 1596 1632 1646 doctr.
1654 1596 1831 1647 christ.
1854 1612 1898 1646 c.
1920 1598 1969 1646 8.
1996 1598 2065 1647 ad
2084 1598 2227 1663 quod
2243 1597 2371 1647 licet
2388 1613 2429 1646 s.
2445 1597 2771 1661 Augustinus

272 1682 306 1730 l.
330 1682 402 1731 Π.
441 1682 680 1732 Retract.
718 1698 763 1732 c.
789 1684 838 1731 4.
875 1698 926 1731 n.
965 1682 1035 1744 II,
1069 1685 1152 1732 43.
1191 1688 1314 1747 post
1348 1684 1567 1747 triginta
1601 1698 1742 1747 pene
1779 1698 1814 1733 a
1848 1684 2060 1749 scriptis
2100 1684 2164 1733 de
2203 1684 2446 1733 doctrina
2482 1683 2772 1733 christiana

271 1769 422 1819 libris
461 1770 771 1834 respexerit,
811 1764 866 1819 et
901 1769 1066 1819 verba
1103 1784 1202 1819 sua
1238 1770 1452 1834 singula
1489 1769 1738 1834 religiose
1776 1770 2098 1834 discusserit3
2146 1770 2221 1819 nil
2257 1776 2437 1819 tamen
2472 1771 2680 1835 uspiam
2715 1771 2773 1818 in

274 1870 372 1905 sua
406 1855 534 1917 hac,
574 1870 734 1921 quam
771 1856 838 1905 de
875 1856 1232 1922 quadraginta
1268 1861 1322 1905 et
1347 1858 1581 1921 quinque
1607 1856 1661 1907 S.
1686 1856 2059 1907 Voluminibus
2088 1857 2322 1907 Canonis
2347 1858 2408 1907 A.
2434 1858 2495 1907 F.
2522 1856 2770 1922 prodidit,

274 1944 550 1993 sententia
597 1943 914 1992 immutavit.
985 1942 1138 1992 Haec
1186 1942 1456 1993 sufficiant
1501 1944 1567 1993 de
1617 1960 1660 1994 s.
1697 1944 2119 2009 Hieronymo
2171 1950 2225 1993 et
2272 1961 2313 1995 s.
2352 1945 2771 2010 Augustinor,

277 2044 576 2095 quorum,
603 2036 664 2081 ut
689 2034 853 2095 patet,
881 2030 1058 2079 circa
1085 2028 1416 2079 Canonem
1438 2031 1502 2081 V.
1528 2031 1591 2080 F.
1617 2046 1744 2080 una
1766 2047 1941 2082 mens
1968 2047 2032 2081 ac
2058 2033 2325 2081 sententia
2347 2032 2463 2081 fuit.
2503 2030 2774 2080 Obiiciunt

277 2117 500 2183 quidem
525 2119 574 2167 2.
602 2116 907 2166 adhucdum
930 2116 1134 2166 indices
1159 2116 1498 2167 Melitonis
1525 2116 1803 2167 Sardensis
1830 2118 2091 2169 ecclesiae
2118 2120 2373 2184 episcopi,
2400 2119 2527 2168 item
2554 2116 2771 2182 Orige-

275 2206 376 2253 nis
414 2220 522 2254 nec
557 2219 668 2253 non
703 2218 744 2253 s.
771 2204 1164 2269 Epiphanii3
1203 2209 1262 2253 ut
1297 2204 1585 2254 fortissima
1619 2220 1715 2269 pro
1754 2204 1965 2254 iudaico
2000 2204 2220 2255 Canone
2257 2210 2583 2271 argumenta.
2634 2204 2773 2264 Quid

274 2307 404 2341 vero
442 2292 656 2357 insigne
692 2306 908 2355 prorsus
944 2290 1180 2339 habeant
1209 2292 1431 2341 istorum
1469 2290 1522 2341 S.
1548 2291 1606 2341 P.
1635 2297 1689 2341 et
1714 2290 1766 2341 S.
1793 2291 1857 2340 Ε.
1898 2293 2061 2342 verba
2097 2308 2205 2342 non
2242 2271 2501 2345 videmus.
2540 2290 2771 2340 Melite

275 2379 332 2427 in
367 2377 641 2427 Judaeam
683 2378 982 2427 excurrisse
1019 2392 1077 2427 se
1114 2381 1310 2439 narrat,
1349 2377 1494 2443 apud
1523 2378 1725 2428 Euseb.
1762 2378 1901 2428 Hist.
1930 2378 2059 2428 eccl.
2084 2379 2118 2429 l.
2144 2379 2235 2428 IV.
2263 2395 2307 2428 c.
2334 2381 2417 2428 26.
2451 2396 2502 2443 p.
2533 2380 2677 2441 149.;
2716 2382 2777 2427 ut

275 2466 338 2513 V.
377 2466 444 2514 Τ.
493 2465 687 2514 Libros
738 2464 790 2513 S.
841 2465 1092 2527 disceret,
1143 2480 1432 2530 eorumque
1481 2465 1710 2515 indicem
1757 2464 2065 2516 Onesimo
2115 2466 2265 2516 fratri
2312 2467 2479 2529 misit;
2527 2466 2618 2530 qui
2654 2464 2688 2513 1.
2728 2480 2772 2513 c.

275 2552 491 2617 legitur,
531 2556 695 2617 atque
734 2553 982 2602 ommisso
1019 2550 1156 2601 libro
1193 2551 1452 2613 Estheris,
1490 2551 1656 2602 libros
1691 2553 1756 2601 V.
1795 2553 1855 2602 Τ.
1894 2552 2173 2603 hebraicos
2212 2554 2464 2603 continet.
2528 2552 2671 2613 Quid
2707 2552 2774 2601 de

277 2655 448 2690 censu
486 2638 538 2689 S.
577 2638 631 2689 S.
669 2639 732 2689 V.
769 2638 832 2690 F.
870 2639 1127 2705 Episcopi
1175 2637 1455 2690 Sardensis
1493 2640 1831 2690 sentiendum
1880 2641 1981 2690 sit?
2028 2642 2158 2690 satis
2207 2641 2380 2690 innuit
2415 2638 2597 2690 Melite
2636 2640 2769 2704 ipse,

279 2743 402 2776 cum
439 2728 541 2776 iter
577 2727 882 2792 suscepisse
918 2731 1100 2776 narrat
1134 2727 1190 2776 in
1225 2726 1590 2776 Palaestinam
1617 2755 1681 2764 —
1714 2743 1764 2776 v.
1800 2727 1959 2777 Ferd.
1997 2728 2174 2792 Piper,
2212 2727 2396 2777 Melito
2434 2744 2486 2792 p.
2525 2728 2573 2777 9.
2612 2755 2678 2763 —
2713 2731 2776 2775 ut

279 2816 336 2863 in
393 2813 592 2864 Libros
646 2814 712 2863 V.
767 2813 830 2862 F.
886 2814 1145 2863 curiosius
1201 2815 1514 2878 inquireret3
1577 2813 1801 2879 proinde
1858 2815 2150 2864 secundum
2204 2813 2489 2864 Judaicam
2545 2829 2620 2863 eo
2636 2829 2773 2862 rum

278 2906 654 2966 temporum
687 2901 1090 2966 persuasionem
1124 2900 1420 2949 sciscitanti
1455 2915 1773 2966 responsum
1816 2901 1998 2963 fuisse,
2036 2906 2197 2966 atque
2232 2900 2355 2952 illos
2392 2900 2549 2950 modo
2581 2901 2774 2951 Libros

281 2987 452 3037 veluti
497 2988 726 3037 Divinos
761 2987 1012 3050 traditos,
1062 2988 1154 3051 qui
1189 2986 1521 3038 Judaeorum
1557 2989 1811 3052 opinione
1848 2990 2050 3054 recepti
2087 2993 2262 3050 erant,
2302 2988 2536 3039 dubitari
2571 2989 2771 3053 nequit.

284 3075 488 3126 Verum
513 3075 826 3140 ceteroquin
850 3075 1252 3140 Episcopum
1279 3073 1604 3125 Canonem
1628 3091 1755 3124 non
1787 3077 1863 3124 ab
1890 3075 2215 3125 Hebraeis
2239 3077 2296 3124 in
2320 3075 2653 3139 Palaestina3
2680 3075 2776 3125 sed

283 3164 352 3212 ab
379 3164 512 3228 ipsis
538 3162 870 3212 Ecclesiis
906 3160 1316 3226 Apostolicis
1343 3161 1548 3212 discere
1573 3152 1825 3212 debuisse
1852 3166 2076 3223 constat,
2102 3164 2241 3212 inter
2266 3177 2400 3227 quas
2426 3163 2775 3212 Romanam

284 3249 466 3298 datam
503 3251 610 3299 sibi
647 3249 997 3299 certissimam
1021 3250 1260 3298 veritatis
1287 3251 1590 3314 magistram
1626 3251 1875 3314 ignorare
1908 3265 2019 3298 non
2054 3251 2251 3313 potuit3
2288 3249 2431 3298 unde
2455 3265 2565 3298 non
2590 3249 2778 3298 mirum

280 3335 597 3386 Melitonem
620 3337 680 3384 in
703 3335 822 3386 aliis
851 3351 1065 3400 quoque
1090 3335 1217 3384 fidei
1241 3337 1507 3400 capitibus
1531 3337 1588 3385 in
1607 3351 1797 3402 graves
1824 3352 2025 3386 errores
2050 3336 2317 3386 incidisse.
2356 3335 2462 3385 Sed
2487 3335 2778 3386 adversarii

283 3440 354 3472 ex
381 3423 570 3473 eodem
593 3423 832 3472 Eusebio
857 3423 996 3472 Hist.
1020 3422 1169 3472 Eccl.
1195 3422 1288 3484 VI,
1316 3423 1400 3472 25.
1425 3440 1476 3488 p.
1503 3424 1622 3472 225,
1674 3423 1980 3488 Origenis
2018 3424 2092 3473 de
2130 3422 2395 3473 Canone
2434 3424 2775 3473 Librorum

285 3511 352 3559 V.
379 3511 440 3560 Τ.
479 3511 800 3560 sententiam
836 3510 1154 3577 producunt.
1202 3509 1344 3559 Illud
1379 3511 1434 3559 in
1471 3512 1717 3560 confesso
1757 3515 1851 3572 est,
1892 3527 1937 3559 c.
1963 3510 1997 3559 l.
2036 3511 2248 3560 nonnisi
2272 3509 2465 3560 Libros
2496 3509 2778 3559 hebraicos

286 3599 590 3648 enumerari
625 3597 794 3647 veluti
818 3597 1140 3647 Canonicos.
1187 3597 1307 3646 Non
1333 3602 1512 3647 tamen
1547 3598 1673 3648 inde
1710 3599 1964 3663 sequitur,
2006 3598 2291 3663 Origenem
2328 3597 2559 3662 reliquos
2585 3597 2777 3647 Libros
2876 3648 2883 3653 ,

288 3689 439 3734 extra
487 3684 765 3734 Canonem
811 3685 1070 3750 posuisse.
1145 3684 1534 3734 Observatione
1582 3689 1860 3750 praeterea
1910 3685 2279 3749 dignissimum
2328 3689 2434 3733 est:
2492 3683 2779 3748 Origenem

287 3772 564 3836 conceptis
591 3773 766 3822 verbis
795 3787 859 3821 eo
884 3771 1004 3821 loco
1031 3772 1335 3820 enuntiare:
1374 3788 1442 3821 se
1467 3772 1916 3821 Hebraeorum
1943 3770 2270 3820 Canonem
2302 3772 2563 3820 referre.
2612 3769 2781 3831 „Sunt

286 3860 464 3924 inquit
511 3863 690 3908 autem
727 3859 900 3908 XXII.
948 3858 1069 3907 libri
1116 3859 1265 3907 iuxta
1313 3859 1592 3908 Hebraeos
1642 3858 1760 3922 hi“3
1812 3863 1866 3908 et
1913 3874 2093 3908 rursus
2148 3859 2318 3920 „sicut
2363 3858 2430 3907 ab
2478 3857 2774 3906 Hebraeis“

285 3947 529 3996 traditur.
593 3945 753 3995 Suam
796 3961 923 3994 vero
960 3949 1190 3994 mentem
1228 3947 1436 4011 aperuit
1470 3947 1526 3993 in
1565 3945 1795 4010 epistola
1830 3946 1898 3994 ad
1940 3946 2277 4006 Africanum,
2328 3959 2488 4010 quam
2536 3943 2775 3993 laudavi-

287 4047 408 4083 mus
442 4034 512 4082 H.
550 4033 614 4082 R.
650 4033 720 4081 D.
756 4033 820 4081 V.
847 4033 908 4081 T.
945 4048 996 4097 p.
1035 4035 1154 4082 492.
1191 4047 1262 4096 s.;
1301 4033 1357 4081 in
1396 4046 1502 4097 qua
1539 4032 1734 4082 diserte
1774 4033 1934 4082 etiam
1972 4032 2219 4098 explicat,
2260 4046 2419 4098 quam
2456 4032 2525 4081 ob
2564 4045 2780 4080 causam

287 4119 626 4170 Judaeorum
679 4120 954 4169 Canonem
1007 4120 1217 4185 scriptis
1274 4121 1384 4170 suis
1441 4120 1811 4184 consignatum
1864 4119 2115 4183 voluerit3
2172 4123 2231 4168 ut
2284 4118 2531 4167 videlicet
2585 4117 2781 4167 Christi

289 4207 501 4270 fideles,
559 4209 650 4272 qui
698 4224 821 4257 cum
867 4205 1092 4256 Judaeis
1140 4209 1224 4257 sui
1277 4208 1530 4272 temporis
1585 4212 1851 4272 pugnant,
1909 4207 2163 4268 erudiret,
2224 4207 2416 4271 quibus
2474 4221 2565 4254 eos
2621 4205 2781 4254 armis

287 4296 566 4361 impetant.
605 4294 658 4344 S.
684 4293 1100 4359 Epiphanius
1133 4299 1312 4344 autem
1336 4295 1501 4343 ternis
1526 4294 1658 4343 locis
1684 4294 1968 4343 Librorum
1996 4294 2275 4343 Sacrorum
2301 4292 2363 4341 A.
2390 4293 2451 4341 T.
2479 4291 2782 4356 catalogum

289 4382 526 4433 referens
563 4381 620 4430 id
655 4397 822 4430 unum
857 4382 982 4445 agit,
1021 4386 1080 4430 ut
1101 4381 1432 4430 Judaeorum
1467 4382 1548 4430 sui
1575 4381 1829 4446 temporis
1856 4381 1921 4430 de
1952 4381 2127 4430 Libris
2154 4397 2195 4430 s.
2216 4380 2531 4430 sententiam
2558 4384 2782 4427 enarret.

289 4470 417 4535 Ipse
451 4471 529 4519 uti
561 4469 692 4519 alibi
715 4469 942 4518 vidimus
980 4469 1218 4534 utrisque
1253 4468 1496 4518 hebraeis
1525 4472 1578 4517 et
1600 4469 1807 4533 graecis
1833 4468 1897 4516 L.
1922 4469 1985 4516 L.
2013 4466 2065 4516 S.
2094 4468 2147 4517 S.
2173 4468 2236 4515 V.
2262 4467 2323 4516 F.
2352 4465 2575 4515 eandem
2599 4465 2785 4515 tribuit

293 4558 692 4618 auctoritatem,
741 4561 925 4621 utpote
972 4556 1205 4605 dictante
1253 4554 1454 4620 Spiritu
1499 4555 1554 4605 S.
1592 4556 1923 4620 conscriptis.
1992 4555 2301 4604 Doctrinam
2343 4551 2395 4602 8.
2434 4553 2493 4602 Ρ.
2538 4557 2592 4602 et
2628 4550 2681 4600 S.
2718 4553 2783 4601 E.

401 4649 603 4699 Domino,
635 4650 751 4690 nist.
778 4648 1070 4690 Revelationis
1093 4647 1283 4690 divinae.
1314 4648 1392 4689 111.
2442 4642 2473 4690 3
