3309 5300
1250 409 1401 450 Versio
1428 409 1716 451 Samaritana.
2606 399 2723 464 151
2811 469 2826 477 ,

252 588 401 645 Unde
428 606 632 643 rursus
663 588 780 644 hoc
808 588 1077 665 sequitur
1119 590 1667 664 interpretationem
1716 591 2185 648 Alexandrinam
2231 598 2290 649 et
2335 593 2729 650 recensionem

252 690 681 761 Samaritanam,
729 712 762 748 e
792 693 983 749 codice
1012 692 1259 749 fluxisse
1289 692 1459 751 valde
1496 695 1803 771 antiquo
1843 696 2093 752 hebraeo
2123 697 2234 754 sibi
2265 697 2472 766 simili;
2516 698 2618 773 qui
2652 697 2729 754 in

250 814 444 868 regno
472 794 713 851 Israel
746 795 1005 854 invaluit
1027 794 1065 852 ¹.
1105 796 1252 853 Cum
1282 798 1471 870 igitur
1499 797 1721 854 'sextus
1753 800 1860 855 iste
1883 818 1918 855 a
1941 799 2171 873 populo,
2206 801 2308 877 qui
2332 801 2407 857 ab
2430 799 2723 858 Hebraeis

248 917 411 977 usque
437 916 598 954 nunc
630 903 759 956 toto
802 899 999 957 animo
1048 902 1339 971 abhorret,
1387 904 1652 958 servatus
1697 902 1897 973 fuerit,
1947 903 2055 960 etsi
2104 903 2169 959 in
2216 904 2418 962 naevis
2463 906 2562 961 hic
2607 905 2729 962 illic

249 1005 429 1060 cubet:
457 1007 615 1059 recte
648 1004 727 1060 ad
757 1003 865 1060 illa
893 1003 1289 1062 instrumenta
1317 1006 1523 1062 critica
1554 1006 1828 1075 refertur,
1862 1008 2074 1083 quibus
2103 1007 2374 1084 κριτήριον
2405 1009 2475 1065 de
2506 1007 2728 1066 Textus

250 1105 553 1179 Originarii
590 1106 663 1163 V.
701 1107 769 1165 T.
803 1108 1088 1185 qualitate
1118 1108 1307 1165 sobrie
1338 1109 1698 1166 aestimanda
1728 1109 2094 1167 instituimus
2115 1107 2157 1167 2.

552 1383 614 1458 ἓ.
666 1383 775 1445 69.
852 1379 1287 1442 Versioncs
1335 1379 1657 1443 Codicis
1706 1380 2396 1446 Samaritanorum.

434 1556 563 1618 Quo
594 1558 810 1615 melius
841 1560 1165 1633 promiscue
1195 1558 1418 1616 Textus
1450 1558 1955 1616 Samaritanorum
1987 1561 2432 1634 intelligeretur,
2479 1564 2544 1619 in
2575 1582 2722 1632 eam,

250 1681 351 1740 qua
379 1663 553 1734 vulgo
585 1664 917 1720 utebantur
943 1661 1166 1736 lingua,
1201 1663 1637 1734 samaritanam,
1687 1664 1895 1720 deinde
1925 1664 1990 1720 in
2033 1665 2328 1722 arabicam
2369 1670 2428 1722 et
2457 1685 2725 1739 graecam

250 1768 688 1824 transtulerunt.
759 1767 839 1824 Et
889 1768 973 1824 sic
1016 1772 1145 1824 orta
1196 1771 1283 1824 est
1334 1767 1747 1841 interpretatio
1804 1768 2022 1842 triplex
2074 1769 2251 1825 huius
2303 1770 2722 1828 Pentateuchi:

250 1870 1126 1941 Chaldaeo-Samaritana,
1162 1871 1483 1928 Arabica
1512 1876 1580 1928 et
1610 1871 1896 1928 Graeca.
1955 1874 2496 1950 Antiquissima
2525 1894 2725 1932 earum

250 1975 388 2032 haud
417 1975 594 2032 dubie
625 1975 882 2032 habetur
912 1978 1103 2031 versio
1133 1975 1423 2050 descripta
1446 1975 1509 2030 in
1533 1975 1846 2032 dialectum
1871 1975 2316 2046 Samaritanam,
2352 1997 2501 2055 quae
2525 1978 2726 2036 Sama-

252 2079 443 2137 ritanis
495 2079 642 2135 olim
691 2079 933 2154 propria
976 2079 1093 2136 fuit
1137 2084 1196 2135 et
1249 2079 1565 2137 vernacula
1585 2076 1626 2136 3.
1675 2079 1955 2152 Lingua
1999 2079 2485 2138 Samaritanis
2531 2085 2720 2157 priva,

250 2187 357 2240 sive
384 2202 594 2241 vocum
628 2189 971 2260 spectentur
999 2182 1475 2256 significationes,
1508 2183 1633 2241 sive
1665 2186 2166 2241 constructionum
2196 2187 2365 2256 rati0‚
2416 2207 2474 2242 ni
2486 2187 2725 2244 edium
2757 2253 2762 2257 ‚

252 2288 573 2365 quoddam
622 2308 806 2361 genus
851 2288 1271 2346 hebraicum
1318 2291 1476 2346 inter
1532 2292 1591 2344 et
1634 2289 2076 2345 aramaicum
2129 2309 2452 2346 sermonem
2510 2295 2726 2349 consti-

252 2393 354 2449 tuit
371 2389 411 2448 4.
456 2392 782 2469 Postquam
827 2392 1187 2449 Hebraicum
1238 2394 1455 2450 idioma
1499 2394 1657 2467 inter
1703 2391 2101 2449 Samaritanos
2147 2392 2436 2467 paulatim
2480 2393 2724 2452 deficere

254 2495 405 2570 cepit,
452 2496 709 2553 dialecto
740 2497 881 2571 ipsis
922 2499 1097 2571 priva
1135 2497 1355 2554 Textus
1397 2497 1725 2553 Hebraicus
1771 2497 2190 2572 interpretatus
2235 2497 2380 2568 fuit,
2430 2517 2543 2574 quo
2586 2519 2726 2558 vero

255 2605 468 2659 auctore
500 2605 558 2659 et
590 2600 817 2660 aetate?
860 2621 977 2659 non
1011 2607 1260 2673 const-at3
1310 2601 1417 2660 etsi
1463 2601 1660 2677 paucis
1700 2606 1829 2677 post
1869 2600 2170 2659 Christum
2216 2603 2439 2659 Natum
2485 2603 2728 2661 saeculis

256 2706 561 2782 conscripta
590 2726 713 2763 esse
742 2707 885 2763 haec
912 2707 1124 2777 versiO,
1160 2726 1276 2764 non
1304 2706 1431 2763 sine
1461 2706 1847 2763 fundamento
1875 2710 2162 2763 sumatur.
2209 2708 2260 2763 E
2300 2707 2722 2764 necessitudine

255 2809 412 2880 enim,
445 2829 597 2888 quae
628 2814 788 2867 inter
818 2809 1170 2867 Onkelosum
1202 2816 1261 2867 et
1297 2810 1681 2885 interpretem
1717 2809 2156 2866 Samaritanum
2187 2810 2516 2882 intercedit,
2563 2814 2724 2885 origo

256 2912 646 2971 translationis
686 2915 1077 2971 samaritanae
1116 2914 1325 2988 primis
1354 2934 1391 2971 a
1419 2913 1735 2971 Natalibus
1766 2913 2005 2971 Domini
2047 2913 2309 2985 saeculis,
2358 2933 2489 2971 cum
2530 2915 2730 2992 aliqua

256 3017 369 3075 veri
425 3018 619 3093 specie
681 3019 938 3076 infert-ur
956 3018 999 3075 ⁵.
1077 3019 1480 3075 Samaritanus
1543 3018 1834 3091 interpres
1895 3018 2246 3092 exprimit
2307 3023 2728 3077 contextum

256 3208 312 3256 N.
346 3206 405 3256 Ο.
439 3207 503 3257 Β.
543 3207 640 3269 111,
682 3209 796 3257 192.
833 3208 896 3268 V,
936 3209 1052 3256 216.
1092 3224 1132 3255 s.
1196 3207 1343 3255 Loca
1378 3205 1497 3271 plus
1534 3219 1694 3271 quam
1743 3203 1922 3253 mille
1959 3219 1992 3253 a
2029 3206 2152 3254 viris
2192 3205 2412 3254 eruditis
2456 3202 2732 3255 'annotata

258 3292 531 3357 habentui-3
580 3295 639 3343 in
676 3295 869 3358 quibus
906 3293 1070 3343 LXX.
1122 3298 1175 3342 et
1212 3293 1577 3343 Samaritanus
1628 3296 1816 3341 contra
1851 3291 2078 3341 Textum
2125 3291 2536 3341 Masorethicum
2585 3292 2730 3341 facit.

453 3381 491 3441 ¹)
546 3379 627 3429 cf.
675 3378 991 3441 Gesenium,
1042 3378 1074 3428 l.
1122 3395 1168 3428 c.
1214 3395 1265 3443 p.
1318 3379 1396 3427 14.
1435 3394 1475 3429 s.
1550 3378 1589 3442 ²)
1641 3378 1748 3427 Ter
1794 3379 1934 3443 typis
1983 3378 2306 3443 exscriptum
2357 3380 2729 3444 comperimus,

258 3467 464 3531 primum
490 3466 708 3532 quidem
734 3481 769 3515 a
790 3466 841 3515 J.
866 3466 1107 3529 Morino,
1146 3466 1351 3527 iterum,
1378 3465 1474 3515 sed
1499 3465 1709 3515 collatis
1732 3465 1904 3515 tribus
1941 3464 2056 3514 cod.
2087 3464 2308 3526 Usserii,
2334 3480 2368 3514 a
2389 3466 2452 3514 B.
2477 3465 2731 3514 Waltono

260 3554 307 3601 in
339 3553 540 3618 Polygl.
578 3553 751 3603 Lond.
789 3551 831 3601 Ι.
870 3552 1266 3602 characteribus
1304 3551 1652 3601 Samaritanis
1690 3553 1723 3601 i.
1763 3568 1807 3601 e.
1846 3551 2091 3601 hebraeis
2129 3552 2362 3616 antiquis
2395 3580 2462 3589 —
2489 3552 2554 3601 de
2593 3569 2642 3617 q.
2679 3568 2730 3600 v.

260 3639 305 3688 J.
337 3639 635 3701 Pezholdti,
685 3655 871 3689 comm.
908 3637 1707 3704 Hebraeo-palaeographicam.
1762 3638 1909 3703 Lips.
1952 3640 2100 3688 1837.
2138 3656 2189 3703 p.
2229 3640 2276 3687 7.
2313 3653 2356 3688 s.
2394 3640 2550 3703 imag.
2589 3654 2639 3687 n.
2677 3640 2732 3687 in

263 3741 370 3791 app.
396 3744 490 3789 —3
530 3725 741 3775 demum
765 3724 931 3775 literis
970 3724 1243 3791 quadratis
1276 3739 1407 3774 cura
1432 3729 1484 3775 et
1508 3724 1685 3774 studio
1710 3726 1772 3774 B.
1798 3724 2039 3788 Blayney
2065 3723 2236 3774 Oxon.
2266 3726 2415 3774 1790.
2479 3724 2518 3789 3)
2557 3724 2732 3773 Hodie

264 3813 402 3873 enim,
438 3816 500 3861 ut
548 3813 711 3861 ceteri
747 3811 1208 3872 Palaestinenses,
1260 3810 1489 3860 dialecto
1528 3812 1747 3859 arabica
1783 3810 2073 3875 vulgariter
2118 3816 2350 3859 utuntur.
2411 3812 2474 3860 V.
2509 3808 2730 3875 Barges,

262 3898 330 3947 les
365 3896 711 3947 Samaritains
749 3915 799 3963 p.
840 3900 923 3947 71.
960 3914 1003 3948 s.
1074 3898 1117 3962 ⁴)
1158 3896 1265 3946 Cfr.
1305 3895 1541 3958 Walton,
1578 3896 1711 3962 prol.
1750 3912 1795 3945 c.
1833 3912 1884 3945 n.
1924 3898 2006 3945 20.
2032 3913 2073 3945 s.
2113 3900 2160 3945 2.
2200 3914 2250 3962 p.
2285 3899 2404 3946 351.
2464 3896 2732 3959 Leusden,

264 3984 373 4033 diss.
409 3984 458 4033 d.
495 3985 683 4049 lingua
718 3983 860 4033 Sam.
897 3984 966 4033 ad
1003 4000 1047 4036 c.
1087 3983 1197 4033 sch.
1236 3983 1352 4048 Syr.
1389 3983 1579 4033 Ultrai.
1619 3985 1772 4033 1672.
1823 3982 2102 4046 Cellarius,
2140 3983 2304 4033 horae
2344 3981 2730 4033 Samaritanae.

264 4069 409 4120 Cizae
436 4073 587 4121 1682.
616 4088 665 4136 p.
695 4073 810 4121 109.
837 4087 878 4120 s.
929 4069 993 4119 O.
1024 4069 1251 4131 Celsius,
1287 4069 1508 4119 Natales
1538 4069 1668 4134 ling.
1695 4074 1750 4118 et
1773 4069 1850 4119 lit.
1879 4068 2018 4118 Sam.
2049 4069 2176 4135 Ups.
2209 4070 2357 4119 1717.
2408 4068 2472 4118 Ο.
2495 4070 2730 4134 Boberg,

265 4156 322 4206 de
353 4157 535 4223 lingua
570 4162 624 4207 et
658 4157 733 4207 lit.
774 4156 916 4207 Sam.
952 4157 1025 4205 ib.
1067 4159 1216 4206 1⁷33.
1276 4156 1597 4219 Bartolocci,
1646 4156 1899 4205 Biblioth.
1939 4156 2240 4206 Rabbim‘ca
2277 4155 2344 4205 de
2381 4156 2561 4220 script.
2600 4160 2654 4204 et
2689 4170 2729 4204 s.

265 4242 394 4293 hebr.
440 4245 592 4294 Rom.
632 4246 784 4295 1693.
829 4244 921 4304 IV,
963 4245 1077 4293 171.
1123 4260 1163 4293 s.
1226 4242 1288 4293 G.
1326 4243 1387 4292 B.
1423 4244 1633 4304 Winer,
1683 4242 1749 4295 de
1786 4244 2060 4293 Versionis
2105 4242 2458 4292 Pentateuchi
2505 4240 2733 4290 Samari-

265 4334 408 4380 tanae
442 4330 639 4380 indole.
676 4330 825 4395 Lips.
866 4331 1016 4380 1817.
1054 4347 1105 4395 p.
1147 4331 1193 4379 7.
1256 4330 1318 4380 G.
1358 4329 1637 4391 Gesenius,
1678 4328 1928 4379 Carmina
1963 4327 2302 4379 Samaritana
2338 4345 2366 4377 e
2405 4328 2522 4377 cod.
2560 4327 2730 4376 Lond.

266 4421 313 4465 et
344 4416 493 4466 Goth.
530 4418 679 4482 Lips.
721 4418 870 4467 1824.
908 4432 958 4481 p.
991 4418 1039 4465 8.
1066 4431 1107 4465 s.
1146 4420 1199 4465 et
1234 4433 1285 4481 p.
1326 4418 1406 4465 12.
1441 4432 1501 4477 s.,
1538 4415 1631 4465 ubi
1667 4415 1828 4464 index
1865 4416 2097 4465 omnium
2134 4416 2416 4464 Librorum
2457 4412 2596 4463 Sam.
2638 4414 2730 4477 qui

268 4504 439 4565 partim
489 4503 633 4564 editi,
682 4504 874 4568 partim
924 4502 1109 4551 inediti
1148 4507 1358 4552 exstant
1405 4503 1613 4551 texitur.
1675 4499 1745 4550 H.
1783 4502 2128 4562 Petermann,
2178 4502 2233 4549 in
2272 4501 2527 4565 Herzogs,
2565 4499 2626 4548 R.
2665 4500 2731 4548 Ε.

268 4588 399 4651 ΧΙΠ,
437 4591 554 4638 374.
628 4590 667 4654 ⁵)
710 4589 789 4638 cf.
828 4589 875 4637 J.
918 4588 979 4638 G.
1017 4588 1306 4650 Eichhorn,
1343 4587 1485 4636 Einl.
1522 4586 1565 4649 I,
1604 4588 1723 4636 555.
1777 4587 1826 4637 J.
1866 4586 1928 4637 G.
1965 4587 2059 4635 Ch.
2086 4586 2262 4647 Adler,
2303 4586 2467 4636 kurze
2504 4586 2732 4637 Uebers.
