3309 5300
1091 444 1152 485 De
1180 444 1351 485 canone
1379 444 1422 485 s,
1452 444 1617 486 Lim-or.
1650 446 1760 488 nov.
1790 446 1873 487 'res
1899 477 1909 487 .
2650 434 2731 499 51

239 620 580 693 Apocalypsi
643 622 766 677 iicet
825 630 1022 694 septem
1067 626 1329 680 Ecclesiis
1385 628 1608 696 scribat,
1672 634 1848 681 tamen
1895 629 2139 683 omnibus
2186 628 2339 684 dicit.
2420 629 2615 683 Verum
2660 631 2737 683 ad

237 726 606 780 Philemonem
665 747 795 798 una,
859 736 908 783 et
953 731 1030 783 ad
1085 730 1266 785 Titum
1311 750 1439 800 una,
1506 737 1554 785 et
1599 706 1678 785 ad
1727 733 2055 787 Timotheum
2102 734 2243 787 duas
2281 752 2387 807 pro
2443 736 2641 803 affectu
2686 741 2735 788 et

236 831 540 898 dilectione,
587 832 648 885 in
694 834 888 886 honore
929 841 1106 888 tamen
1139 835 1414 889 Ecclesiae
1453 834 1779 907 Catholicae,
1826 838 1887 891 in
1931 838 2278 893 ordinatione
2311 824 2735 894 Ecclesiasticae

236 934 573 1005 disciplinae
619 936 1004 1007 sanctificatae
1046 934 1234 993 sunt.“

455 1040 686 1097 Transit
721 1042 980 1116 posthaec
1013 1045 1324 1115 Anonymus
1370 1046 1445 1099 ad
1489 1044 1699 1115 scripta
1728 1046 1833 1099 illa
1870 1048 2209 1116 recensenda,
2258 1065 2395 1117 quae
2424 1047 2485 1101 in
2518 1047 2735 1102 Ganone

233 1143 288 1197 S.
321 1144 646 1199 Literarum
691 1164 794 1200 non
843 1147 1106 1201 habentur
1125 1167 1142 1201 .·
1194 1150 1428 1215 „Fertur
1473 1150 1637 1203 etiam
1682 1151 1741 1203 in
1782 1152 2173 1219 Laudecenses,
2222 1152 2343 1205 alia
2388 1152 2465 1205 ad
2492 1150 2733 1205 Aleman-

231 1248 422 1301 drinos
445 1250 628 1305 Pauli
655 1252 868 1305 nomine
887 1252 1052 1321 fictae
1075 1254 1152 1306 ad
1173 1233 1442 1307 haeresem
1464 1254 1807 1323 Marcionis,-
1837 1261 1885 1308 et
1912 1256 2030 1309 alia
2054 1256 2249 1326 plura,
2281 1274 2417 1325 quae
2446 1256 2507 1309 in
2536 1254 2733 1310 Catho-

230 1352 398 1406 licam
426 1354 736 1410 Ecclesiam
766 1357 939 1427 recipi
969 1376 1080 1411 non
1114 1364 1308 1427 potest.
1359 1359 1459 1412 Feb
1488 1360 1629 1414 enim
1661 1378 1777 1413 cum
1808 1361 1961 1413 melle
1990 1360 2203 1414 misceri
2233 1379 2343 1414 non
2378 1354 2667 1433 conyrait“
2699 1357 2733 1418 ¹.

229 1594 275 1626 m
293 1580 521 1629 axime
571 1580 812 1631 valere
861 1583 930 1632 in
977 1582 1082 1631 his
1131 1584 1350 1633 rebus.
1423 1584 1671 1633 Profecto
1721 1584 2016 1633 Eusebium
2058 1584 2359 1633 meminisse
2411 1584 2733 1649 oportuisset

229 1682 443 1730 eorum,
503 1682 642 1733 quae
697 1673 923 1719 testatus
973 1675 1054 1719 est
1099 1670 1168 1719 H.
1213 1671 1278 1719 E.
1321 1670 1418 1733 HI,
1466 1673 1548 1720 38.
1599 1687 1649 1735 p.
1698 1673 1813 1720 110.
1866 1672 1923 1719 111
1976 1670 2111 1721 haec
2165 1672 2333 1720 verba
2386 1670 2451 1719 de
2508 1670 2732 1736 epistola

230 1752 279 1802 S.
315 1752 614 1805 Clementis
651 1756 881 1805 Romani
917 1756 1151 1807 locutus:
1205 1758 1297 1819 „In
1335 1773 1442 1823 qua
1479 1773 1597 1807 cum
1633 1757 1827 1807 multas
1874 1759 2076 1807 inserat
2122 1759 2413 1807 sententias
2462 1758 2731 1807 desumtas

228 1856 291 1888 ex
343 1841 578 1907 epistola
633 1843 714 1891 ad
768 1844 1042 1893 Hebrae
1059 1860 1088 1893 0
1105 1860 1159 1907 s,
1213 1844 1507 1909 iisdemque
1555 1844 1819 1893 interdum
1868 1845 2043 1893 verbis
2090 1848 2297 1906 utatur,
2354 1846 2484 1893 satis
2530 1843 2733 1893 indicat

228 1943 402 1990 opus
455 1928 637 1978 illud
692 1932 1120 1995 neutiquam,
1151 1947 1396 1981 recens
1455 1946 1586 1981 esse.
1662 1932 2020 1991 Quamobrem
2075 1947 2195 1981 cum
2249 1932 2440 1981 ceteris
2487 1930 2731 1995 Apostoli

227 2016 441 2079 scriptis
467 2032 578 2065 non
601 2018 718 2066 sine
745 2033 910 2067 causa
933 2018 1036 2067 hoc
1061 2021 1219 2067 etiam
1237 2047 1304 2053 —
1323 2020 1380 2067 in
1403 2018 1652 2069 Ecclesia
1677 2034 1749 2067 sc.
1772 2019 2016 2069 Romana
2034 2048 2101 2055 --
2120 2020 2440 2068 recensitum
2464 2018 2722 2067 videtur.“

225 2101 499 2151 Eusebius
551 2120 678 2168 ergo
725 2106 840 2169 ipse
891 2104 1217 2155 canonicam
1269 2122 1386 2156 esse
1430 2104 1758 2171 Scripturam
1796 2108 2029 2170 agnovit.
2102 2106 2216 2155 Nec
2252 2105 2406 2155 aliter
2448 2104 2500 2154 S.
2538 2105 2727 2154 Hiero-

223 2204 437 2251 nymus.
475 2190 612 2239 Vide
651 2197 864 2256 praeter
899 2192 1022 2254 alia,
1063 2192 1204 2257 quod
1238 2194 1296 2241 in
1333 2194 1733 2242 continuatione
1770 2192 1803 2240 l.
1828 2208 1869 2241 s.
1903 2209 1947 2241 c.
1986 2193 2054 2241 ad
2082 2193 2246 2241 Dard.
2285 2191 2539 2241 affirmat:
2582 2207 2728 2253 „nos

224 2281 578 2343 utramque
599 2307 667 2315 —
687 2296 770 2343 ep.
798 2280 866 2329 ad
892 2280 1057 2329 Hebr.
1086 2286 1140 2329 et
1162 2276 1540 2345 Apocalypsim
1559 2308 1626 2315 ——
1646 2281 2074 2344 suscipimus,
2101 2295 2511 2345 nequaquam
2536 2279 2727 2328 huius

224 2366 566 2429 temporis
623 2368 1194 2428 consuetudinem,
1257 2366 1369 2416 sed
1429 2372 1743 2415 veterum
1802 2366 2201 2431 scriptorum
2256 2368 2727 2416 auctoritatem

225 2465 247 2497 s
259 2466 288 2499 e
299 2467 391 2515 qu
403 2468 480 2501 en
495 2457 516 2501 t
529 2468 558 2501 e
574 2456 649 2501 s.“

445 2538 484 2605 ¹)
523 2539 850 2590 Memoratur
887 2540 974 2590 hic
1011 2539 1238 2605 epistola
1273 2541 1342 2589 ad
1378 2542 1798 2591 Laodicenos
1836 2556 1870 2591 a
1891 2540 2163 2591 Marcione
2202 2540 2453 2603 conficta3
2492 2555 2727 2589 consona

224 2631 358 2674 sunt
380 2625 518 2676 haec
541 2628 622 2691 iis,
650 2643 788 2695 quae
813 2627 1192 2690 Tertullianus,
1219 2628 1338 2678 adv.
1357 2629 1523 2678 Marc.
1541 2628 1604 2690 V,
1631 2631 1711 2679 11.
1737 2645 1788 2693 p.
1810 2629 1927 2678 289.
1950 2631 2031 2680 17.
2057 2645 2109 2693 p.
2136 2630 2254 2679 303.
2294 2628 2347 2678 S.
2372 2627 2724 2693 Epiphanius,

224 2713 377 2762 haer.
413 2715 586 2776 XLII,
627 2717 708 2764 12.
746 2731 796 2779 p.
835 2717 953 2764 375.
1003 2720 1055 2764 et
1089 2717 1157 2766 D.
1194 2716 1576 2779 Hieronymus,
1626 2716 1693 2764 de
1740 2717 1836 2766 vir.
1888 2715 1962 2765 ill.
2002 2733 2045 2765 c.
2083 2719 2131 2766 5.
2168 2733 2219 2780 p.
2259 2718 2342 2765 36.
2381 2715 2723 2764 tradiderunt.

223 2801 283 2848 V.
311 2801 387 2850 H.
413 2802 478 2850 R.
505 2803 574 2850 D.
601 2803 664 2851 N.
692 2803 754 2851 T.
779 2819 830 2866 p.
851 2804 970 2851 447.
993 2818 1034 2852 s.
1060 2803 1346 2852 Praeterea
1372 2802 1596 2852 aliorum
1619 2803 2201 2868 pseudepigraphorum
2227 2803 2533 2852 memoriam
2556 2801 2727 2849 iniicit

224 2886 561 2952 AnonmeS,
600 2889 846 2938 nimirum
883 2889 1222 2954 apocryphae
1259 2888 1516 2954 epistolae
1555 2889 1711 2938 datae
1750 2890 1819 2938 ad
1855 2888 2271 2952 Alexandrinos,
2315 2891 2521 2951 „cuius,
2571 2893 2723 2937 notat

222 2973 554 3024 Muratorius
590 2991 642 3040 p.
681 2977 817 3040 853.,
857 2978 1038 3026 nescio
1075 2991 1146 3026 an
1182 2977 1463 3041 quisquam
1513 2975 1648 3025 alius
1699 2977 2041 3025 meminerit.“
2105 2977 2290 3025 Potest
2328 2975 2471 3025 istud
2520 2989 2725 3024 comma

224 3064 347 3127 capi
385 3062 456 3112 de
491 3063 674 3126 aliqua
709 3064 972 3128 scriptura
1007 3064 1054 3114 d.
1093 3064 1262 3114 Paulo
1301 3066 1591 3129 supposita,
1645 3080 1783 3129 quae
1821 3063 1907 3113 vel
1942 3063 2101 3128 plane
2138 3065 2309 3128 periit,
2356 3063 2443 3112 vel
2480 3064 2577 3112 sub
2616 3061 2723 3110 alio

220 3149 377 3198 titulo
418 3151 566 3215 apud
594 3151 818 3201 Veteres
855 3151 1094 3201 habetur.
1143 3153 1395 3201 Nostrum
1432 3169 1540 3201 non
1577 3158 1672 3214 est,
1710 3169 1741 3201 e
1777 3150 1883 3200 fine
1920 3150 2076 3201 huius
2114 3151 2412 3215 analyseOS,
2452 3150 2712 3214 discepta-

223 3239 419 3300 tiones,
471 3252 611 3302 quae
661 3238 727 3287 de
774 3238 856 3288 his
903 3239 1140 3302 epistolis
1185 3240 1324 3288 inter
1373 3240 1604 3288 eruditos
1654 3244 1807 3288 actae
1856 3244 1994 3300 sunt,
2055 3253 2319 3299 enarrare,
2379 3237 2513 3286 illud
2564 3236 2720 3286 modo

223 3324 472 3373 addimus
510 3324 785 3374 ferendam
822 3341 929 3374 non
967 3341 1084 3374 esse
1123 3325 1362 3388 Semleri,
1402 3330 1509 3375 not.
1549 3328 1633 3377 21.
1672 3326 1741 3374 ad
1779 3324 1971 3387 Oeder,
2012 3325 2119 3374 chr.
2158 3326 2290 3374 freie
2326 3325 2541 3374 Unters.
2578 3328 2630 3374 ii.
2670 3325 2719 3373 d.

222 3416 562 3476 sogenannte
613 3410 980 3477 Offenbarung
1025 3413 1061 3462 J
1064 3412 1147 3464 oh.
1197 3412 1320 3462 Hal.
1372 3415 1522 3462 1769.
1577 3430 1628 3477 p.
1679 3415 1762 3462 29.
1811 3414 2131 3477 opinionem,
2188 3428 2347 3478 quam
2401 3412 2483 3460 his
2534 3412 2723 3462 diebus

222 3499 550 3548 instauravit
605 3499 665 3549 C.
721 3500 1006 3562 Wieseler,
1063 3501 1180 3549 eine
1237 3500 1655 3565 Untersuchung
1708 3505 1759 3548 ii.
1818 3498 1867 3548 d.
1922 3499 2321 3550 Hebraeibrief.
2376 3498 2513 3548 Kiel.
2571 3500 2722 3548 1861.

222 3586 265 3648 I,
304 3588 389 3636 26.
429 3601 471 3635 s,
510 3586 579 3650 II,
622 3588 704 3636 11.
741 3566 812 3637 s.:
862 3586 1238 3652 epistolam
1281 3587 1479 3636 illam
1529 3587 1610 3636 ad
1645 3586 2163 3636 Alexandrinos
2212 3585 2494 3635 eandem
2540 3601 2721 3647 esse,

224 3689 416 3738 quam
453 3674 684 3724 Canon
719 3674 918 3724 habet
954 3675 1032 3724 ad
1069 3675 1430 3724 Hebraeos.
1489 3675 1777 3724 Enimvero
1806 3673 2003 3724 adsunt
2026 3674 2213 3738 gravia
2240 3689 2415 3722 rerum
2439 3678 2721 3734 momenta,

225 3776 366 3824 quae
389 3761 477 3811 hic
498 3761 565 3810 de
587 3762 816 3826 epistola
840 3762 910 3811 ad
928 3761 1208 3811 Hebraeos
1229 3761 1464 3826 co‘gitare
1490 3766 1690 3811 vetant.
1729 3777 1777 3810 a.
1796 3761 1963 3810 Nemo
1984 3762 2235 3810 Veterum
2254 3760 2417 3809 tradit
2436 3753 2716 3825 epistolam

225 3848 294 3897 ad
331 3848 616 3900 Hebraeos
655 3850 834 3899 datam
871 3850 940 3898 ad
975 3849 1484 3912 Alexandrinos,
1530 3849 1616 3898 vel
1653 3848 1723 3898 ad
1759 3848 2052 3898 Judaeos
2091 3863 2328 3913 graece
2364 3846 2722 3911 loquentes

224 3937 481 4001 scriptam
503 3937 700 4000 fuisset,
737 3937 842 3986 imo
869 3937 1213 4000 plurimorum
1239 3938 1416 4002 potius
1441 3937 1709 3986 sententia
1740 3941 1837 3998 est,
1865 3934 2013 3984 illam
2041 3935 2369 3984 Hebraeis
2405 3934 2723 3982 hebraice

225 4029 502 4073 exaratam
529 4040 664 4074 esse.
691 4024 753 4074 V.
781 4025 850 4076 H.
875 4024 938 4072 R.
965 4024 1032 4072 D.
1059 4025 1123 4073 N.
1146 4025 1211 4072 Τ.
1237 4041 1288 4088 p.
1315 4025 1434 4073 459.
1461 4038 1502 4072 e.
1529 4024 1648 4072 463.
1676 4039 1718 4072 s.
1756 4024 1809 4072 b.
1834 4023 1948 4071 Nec
1972 4037 2110 4070 unus
2138 4022 2478 4085 antiquorum
2502 4020 2719 4070 testium

223 4110 474 4173 affirmat,
530 4111 810 4176 epistolam
847 4111 918 4160 ad
953 4111 1234 4160 Hebraeos
1271 4111 1428 4160 Pauli
1463 4111 1679 4160 nomine
1716 4109 1996 4159 confictam
2036 4113 2089 4159 et
2124 4108 2491 4158 circumlatam
2536 4106 2719 4156 fuisse.

225 4214 269 4246 6.
296 4199 480 4249 Verba
511 4199 578 4248 de
603 4198 812 4248 haeresi
835 4199 1140 4260 Marcionis,
1179 4199 1338 4246 etiam
1377 4197 1446 4246 ad
1474 4197 1757 4262 epistolam
1782 4197 1851 4246 ad
1875 4196 2265 4246 Alexandrinos
2291 4211 2409 4246 esse
2441 4193 2725 4243 referenda

227 4286 400 4350 quivis
454 4285 628 4350 videt3
685 4285 786 4335 hoc
841 4301 1096 4335 concesso
1153 4285 1392 4350 sequitur
1443 4285 1590 4349 quod
1635 4284 1947 4348 Anonymus
1999 4283 2065 4333 de
2114 4285 2381 4334 erroribus
2432 4281 2722 4330 Marcionis

224 4371 430 4422 nullam
465 4373 718 4422 habuerit
753 4373 1139 4438 cognitionem,
1178 4388 1298 4422 cum
1337 4371 1614 4436 epistolam
1651 4371 1929 4420 doctrinae
1967 4370 2254 4420 Marcionis
2290 4384 2509 4434 prorsus
2548 4383 2713 4433 oppo-

226 4463 398 4522 sitam,
453 4461 523 4510 ab
580 4460 683 4510 isto
732 4461 1003 4510 haeretico
1051 4459 1137 4509 vel
1189 4461 1302 4510 eius
1353 4459 1574 4510 asseclis
1623 4475 1666 4509 s.
1712 4458 1883 4508 Paulo
1932 4459 2032 4523 Ap.
2078 4458 2408 4523 suppositam
2454 4457 2722 4521 opinatur.

223 4549 528 4598 Dur-issima
565 4547 792 4613 denique
831 4546 880 4596 d.
920 4551 974 4596 et
1006 4547 1170 4612 impia
1219 4551 1344 4596 sunt
1377 4546 1566 4596 ultima
1599 4547 1767 4596 verba
1808 4545 1912 4607 „fel
1948 4547 2088 4594 enim
2134 4560 2254 4593 cum
2303 4543 2461 4592 melle
2505 4544 2725 4594 misceri

223 4650 336 4685 uon
387 4636 665 4703 congruit“
705 4661 774 4670 -—
807 4634 1000 4684 similia
1045 4634 1166 4683 vide
1215 4633 1359 4700 apud
1409 4631 1460 4682 S.
1498 4632 1797 4697 Irenaeum,
1835 4633 1892 4680 in
1926 4630 2122 4694 Routb,
2160 4630 2333 4695 Reliq.
2373 4627 2425 4679 S.
2462 4629 2505 4691 1,
2544 4631 2631 4679 48.
2670 4634 2725 4681 et

2340 4717 2408 4771 4&-
