3309 5300
1150 472 1286 525 Leges
1314 474 1469 524 explic.
1500 476 1545 515 S.
1575 472 1839 525 scripturae.
2601 461 2729 528 275

273 666 431 708 usus
487 642 888 731 loquendi.
957 646 1117 711 Eius
1162 670 1357 732 porro
1407 647 1774 713 observatio
1821 650 2082 734 proprie
2131 658 2228 713 est
2274 649 2728 713 Grammati-

276 780 545 841 corum3
618 780 895 843 quorum
959 761 1113 823 artis
1174 762 1533 846 praecipua
1591 784 1743 846 pars
1806 762 1874 825 in
1937 784 2012 825 eo
2071 772 2388 844 versatur,
2446 771 2519 825 ut
2574 760 2730 847 quid

273 868 519 933 verbum
551 870 1015 955 quodcumque
1050 870 1227 957 apud
1258 872 1583 957 singulum
1615 875 2000 957 scriptorem
2033 876 2337 957 sonuerit,
2386 874 2732 957 diligenter

274 984 611 1066 exquirant.
677 982 842 1046 Cum
888 1006 1045 1047 vero
1094 1008 1321 1048 sensus
1367 984 1721 1048 verborum
1766 987 1832 1048 in
1863 986 1940 1049 L.
1972 986 2052 1049 L.
2087 986 2150 1049 S.
2186 986 2248 1049 S.
2285 984 2364 1050 U.
2398 986 2473 1049 F.
2507 986 2726 1050 habito

270 1103 551 1177 respectu
583 1092 668 1157 ad
700 1095 870 1159 solas
916 1096 1136 1160 literas
1183 1121 1314 1161 non
1360 1098 1567 1181 magis
1610 1100 1692 1160 sit
1723 1098 2118 1180 arbitrariUS,
2168 1121 2364 1183 quam
2396 1100 2462 1161 in
2497 1100 2728 1162 ceteris

267 1204 463 1288 libris3
508 1208 635 1270 imo
686 1207 1031 1272 adstrictus
1080 1211 1273 1273 certis
1322 1234 1361 1273 a
1406 1219 1640 1273 natura
1685 1210 2053 1295 linguarum
2085 1212 2167 1275 V.
2203 1221 2268 1274 et
2297 1211 2375 1274 N.
2409 1211 2485 1273 F.
2521 1211 2730 1274 ductis

265 1318 517 1401 legibuS,
566 1319 769 1385 ultro
816 1323 1137 1405 sequitur:
1187 1322 1296 1385 illa
1328 1344 1496 1407 quae
1532 1322 2043 1386 Grammatici
2077 1325 2252 1387 circa
2282 1323 2730 1387 idiotismos

265 1432 330 1491 in
352 1429 672 1515 Scriptura
697 1432 763 1496 S.
800 1444 1217 1497 occurrentes
1250 1436 1680 1519 praecipiunt,
1714 1435 1986 1499 solerter
2018 1435 2396 1521 expendere
2431 1445 2730 1520 oportere
2811 1447 2816 1453 ’

266 1565 423 1624 eum,
488 1546 594 1628 qui
642 1544 873 1609 Codici
928 1547 1169 1611 Divino
1221 1547 1611 1632 explicando
1664 1571 1932 1633 operam
1984 1572 2236 1630 *navare
2294 1549 2491 1633 cupit.
2569 1547 2734 1613 Sunt

266 1664 469 1718 autem
528 1656 910 1721 idiotismi
971 1669 1237 1723 certae
1298 1660 1682 1744 quaedam
1739 1662 2382 1724 constructiones
2442 1659 2731 1744 linguis

260 1770 655 1852 propriae,
706 1772 937 1856 quibus
969 1773 1058 1854 fit,
1092 1782 1163 1836 ut
1193 1796 1323 1835 una
1356 1772 1438 1837 ab
1474 1773 1599 1836 alia
1628 1772 1854 1857 lingua
1883 1764 2156 1837 multum
2189 1772 2465 1836 differat.
2513 1772 2732 1835 Enim-

260 1902 412 1943 vero
461 1904 604 1944 cum
636 1882 821 1945 Libri
854 1883 1056 1967 Sacri,
1105 1884 1282 1969 quod
1314 1884 1397 1947 ad
1431 1907 1658 1948 sensus
1704 1884 1969 1948 literalis
2014 1895 2312 1948 naturam
2355 1893 2420 1948 et
2447 1883 2732 1947 indolem

264 1994 503 2073 attinet,
536 1994 692 2057 nihil
722 1995 916 2081 plane
951 1996 1253 2060 differant
1284 1995 1366 2060 ab
1401 1997 1525 2061 alio
1558 1998 1800 2081 ingenii
1831 1998 2095 2061 humani
2127 2006 2353 2083 partu3
2393 1996 2509 2061 sed
2541 1998 2732 2081 signi-

257 2105 467 2169 ficatio
516 2107 865 2171 verborum
929 2110 1065 2172 sive
1126 2112 1391 2195 proprie
1453 2112 1587 2173 sive
1650 2117 2024 2191 μεταφορικῶς
2083 2118 2437 2191 sumantur,
2500 2108 2734 2173 eodem

258 2217 447 2281 modo
480 2242 547 2281 se
579 2220 647 2283 in
680 2219 897 2283 Sacris
932 2230 1127 2305 atque
1160 2224 1225 2284 in
1256 2222 1550 2307 profanis
1585 2220 2178 2285 elucubrationibus
2216 2220 2488 2285 habeat:
2539 2222 2731 2284 etiam

259 2352 477 2394 sensus
521 2331 788 2395 literalis
832 2336 900 2395 in
944 2336 1231 2418 utrisque
1278 2334 1479 2398 literis
1524 2336 1669 2421 pari
1713 2335 1962 2398 ratione
2013 2334 2424 2419 quaerendus
2473 2344 2589 2398 est.

407 2646 443 2727 ἓ
514 2646 657 2711 118.
708 2645 865 2711 Sub
913 2646 1194 2712 iisdem
1239 2646 1503 2712 verbis
1550 2647 1617 2712 S.
1668 2646 2129 2733 Scripturae
2175 2669 2373 2711 unus
2420 2648 2570 2711 nisi

926 2763 1322 2846 reperitur
1367 2783 1641 2825 sensus
1687 2760 2051 2825 literalis.

456 2988 533 3038 Ut
569 2993 751 3037 autem
788 3004 851 3038 eo
890 2991 1099 3051 rectius,
1141 3004 1279 3053 quae
1317 2988 1417 3037 hac
1449 2988 1514 3038 de
1538 3005 1595 3037 re
1624 2988 1881 3052 disputari
1913 2987 2101 3048 solent,
2139 2987 2519 3052 intelligantur,
2557 2987 2735 3038 obser·

260 3089 376 3124 vare
409 3076 585 3125 iuvat:
622 3075 792 3124 tribus
830 3075 1026 3125 abhinc
1063 3076 1291 3126 saeculis
1330 3075 1525 3126 multos
1561 3075 1864 3139 Theologos
1903 3074 2175 3123 docuisse:
2218 3089 2407 3123 unam
2444 3074 2732 3122 eandem-

262 3177 379 3224 que
414 3163 819 3212 sententiam
854 3164 1007 3212 Divi
1045 3163 1313 3213 Codicis
1350 3162 1782 3227 multiplicem
1814 3176 2070 3210 sensum
2106 3161 2347 3210 habere
2385 3159 2734 3210 literalem.

260 3245 481 3297 Istorum
506 3248 813 3314 catalogum
840 3249 1053 3299 exhibet
1084 3250 1198 3299 Jos.
1226 3250 1292 3299 de
1318 3251 1548 3310 Turre,
1586 3247 1619 3296 l.
1646 3264 1691 3297 c.
1721 3265 1771 3312 p.
1799 3249 1882 3296 58.
1921 3251 1975 3296 et
1997 3248 2048 3296 J.
2077 3247 2174 3295 Th.
2202 3247 2472 3308 Beelen,
2511 3246 2634 3296 diss.
2661 3247 2733 3297 th.

260 3349 361 3396 qua
395 3337 713 3385 sententiam
749 3336 910 3401 vulgo
948 3341 1221 3401 receptam
1256 3351 1375 3386 esse
1414 3336 1465 3385 S.
1500 3335 1806 3399 Scripturae
1843 3333 2188 3398 multiplicem
2222 3333 2483 3383 interdum
2521 3350 2735 3384 sensum

258 3420 508 3472 literalem
548 3423 697 3472 nullo
728 3403 1079 3473 iundame‘nto
1130 3425 1259 3472 satis
1297 3424 1446 3472 firmo
1484 3424 1581 3472 niti
1620 3422 1982 3472 demonstrare
2021 3425 2259 3470 conatur.
2315 3422 2544 3470 Lovanii
2585 3424 2732 3471 1845.

256 3524 305 3572 p.
329 3511 377 3558 5.
400 3525 447 3558 s.
495 3509 786 3576 Catalogus
813 3515 991 3560 autem
1015 3511 1115 3559 iste
1143 3511 1373 3560 faciliter
1398 3511 1550 3559 novis
1576 3510 1975 3558 accessionibus
2012 3508 2282 3557 nominum
2319 3509 2503 3572 augeri
2539 3514 2735 3573 posset.

258 3595 317 3644 E.
353 3613 407 3662 g.⁴
438 3597 491 3646 J.
530 3596 755 3658 Acosta,
811 3597 878 3646 de
924 3613 1053 3647 vera
1102 3597 1401 3662 Scripturas
1454 3595 1839 3660 interpretandi
1891 3597 2096 3644 ratione
2147 3595 2242 3656 ΙΙΙ,
2298 3597 2376 3644 19.
2433 3612 2484 3660 p.
2537 3597 2653 3644 114.
2693 3612 2735 3646 s.

256 3682 305 3730 J.
342 3683 621 3748 Opstraet,
670 3683 855 3734 Theol.
903 3685 1127 3746 Lovan.,
1179 3684 1242 3732 de
1290 3684 1425 3733 locis
1473 3683 1635 3732 theol.
1684 3683 1808 3732 diss.
1847 3682 1913 3730 de
1952 3681 2003 3730 S.
2043 3680 2095 3730 S.
2135 3698 2184 3745 q.
2222 3682 2340 3743 VII,
2379 3683 2428 3729 4.
2478 3682 2558 3730 ed.
2598 3684 2732 3732 Ven.

262 3769 406 3819 1780.
442 3788 497 3836 p.
537 3771 620 3820 45.
658 3785 699 3819 s.
751 3775 804 3819 et
850 3770 1088 3820 aliorum.
1149 3771 1224 3819 Et
1262 3772 1351 3820 isti
1395 3769 1605 3835 quidem
1650 3770 1750 3817 viri
1791 3768 1977 3818 dicunt
2020 3768 2294 3816 Veteres
2343 3769 2621 3818 sumsisse:
2672 3770 2737 3816 in

259 3856 475 3906 eadem
514 3855 712 3906 litera
759 3856 981 3920 plures
1031 3856 1241 3906 latere
1290 3872 1523 3906 sensus
1546 3871 1766 3930 ⁸veros
1817 3860 1880 3904 et
1927 3855 2255 3919 proprios3
2312 3852 2460 3902 velut
2509 3854 2575 3903 ab
2619 3856 2736 3919 ipso

260 3940 307 3989 S.
343 3941 613 4008 Scriptore
651 3944 894 4008 cognitos
932 3948 984 3992 et
1018 3944 1268 3993 intentos.
1320 3943 1453 3992 Cum
1479 3959 1605 3991 vero
1634 3959 1678 3990 α.
1704 3946 1928 3991 naturae
1964 3941 2237 4006 indolique
2264 3942 2520 4002 sermonis
2549 3946 2601 3990 et
2630 3942 2738 3990 iam

260 4027 321 4076 D.
356 4029 653 4079 Bibliorum
698 4028 856 4094 longe
894 4031 963 4078 sit
1011 4031 1437 4091 convenientius,
1488 4035 1548 4078 ut
1594 4031 1784 4078 unicus
1833 4033 2040 4078 tantum
2089 4030 2204 4077 eius
2253 4044 2441 4077 sensus
2491 4029 2736 4093 proprius

263 4113 627 4173 „literalis“
669 4131 710 4166 s.
737 4116 788 4165 d.
816 4117 1149 4180 admittatur3
1188 4116 1349 4181 idque
1386 4114 1431 4180 β.
1466 4116 1696 4182 dignitas
1726 4121 1779 4164 et
1804 4118 2035 4181 gravitas
2064 4117 2114 4165 S.
2143 4115 2445 4180 Scripturae
2471 4116 2736 4179 requirat3

262 4200 355 4250 imo
399 4202 683 4254 consilium
720 4205 833 4252 eius
870 4203 1131 4268 postulet,
1180 4219 1290 4252 non
1336 4205 1449 4252 sine
1493 4202 1776 4252 sufficienti
1815 4217 1980 4252 causa
2029 4205 2321 4264 sententia,
2374 4216 2512 4265 quae
2563 4201 2738 4249 multi-

266 4287 447 4349 plicem
489 4290 541 4340 S.
574 4291 881 4355 Scripturae
918 4305 1137 4340 sensum
1169 4291 1263 4338 uni
1301 4289 1594 4354 eodemque
1631 4289 1750 4338 loco
1789 4291 2010 4338 subesse
2048 4289 2311 4349 statuitur,
2349 4288 2599 4336 reiicitur.

456 4378 695 4429 Possunt
732 4381 911 4426 tamen
946 4377 1235 4426 eiusdem
1271 4376 1404 4426 loci
1439 4376 1492 4426 S.
1520 4377 1571 4426 S.
1610 4389 1994 4440 nonnunquam
2029 4375 2096 4424 ab
2131 4376 2261 4439 ipsis
2287 4373 2335 4422 d.
2364 4374 2737 4437 ScriptoribuS‚

265 4459 379 4512 item
402 4480 435 4514 a
460 4466 515 4514 S.
539 4466 601 4515 P.
629 4469 682 4513 et
707 4463 759 4513 S.
783 4465 850 4514 E.
876 4466 1025 4513 vario
1052 4465 1150 4514 sub
1188 4469 1450 4528 respectu,
1486 4462 1708 4528 plures
1747 4462 1884 4511 dari
1923 4463 2139 4526 interp
2155 4461 2552 4524 retationes3
2591 4461 2740 4508 iuxta

266 4545 387 4598 illud
422 4552 472 4601 d.
510 4551 897 4617 Augustini:
948 4552 1042 4612 „In
1077 4550 1227 4600 libris
1265 4556 1443 4600 autem
1482 4549 1725 4599 omnibus
1763 4549 1962 4597 sanctis
1997 4548 2191 4597 intueri
2227 4551 2448 4611 oportet,
2489 4561 2627 4611 quae
2663 4547 2740 4594 ibi

266 4641 473 4690 aeterna
526 4641 861 4700 intimentur,
920 4654 1057 4704 quae
1108 4639 1253 4689 facta
1306 4641 1611 4698 narrentur,
1662 4651 1801 4703 quae
1849 4635 2031 4684 futura
2077 4634 2551 4700 praenuncientur,
2601 4648 2740 4698 quae

2330 4719 2428 4770 18*
