3309 5300
510 403 597 466 90
1128 414 1365 456 Commeat.
1392 415 1443 455 de
1466 415 1510 456 S.
1534 415 1744 466 scriptur.
1767 425 1860 465 cap.
1881 415 2006 465 prim.
2029 416 2138 454 sect.
2160 413 2214 456 11.
2237 413 2376 454 addit.

510 595 723 654 Divini
774 595 1000 652 Codicis
1046 614 1121 651 ex
1167 595 1519 672 apocryphis
1566 596 1819 670 petitum
1864 599 2296 669 argumentum,
2345 596 2566 652 accedit
2609 596 2666 652 b.
2717 593 3034 661 alterum3

511 701 664 778 quod
724 719 759 757 a
818 703 1151 774 comparato
1212 700 1371 756 inter
1428 717 1487 755 se
1546 705 1794 757 tenore
1851 700 2236 777 utriusque
2295 698 2584 772 generis
2643 699 3036 756 librorum

512 805 787 862 sumitur.
836 803 910 859 In
944 805 1295 880 apocryphis
1336 822 1503 878 saepe
1535 805 1608 861 ad
1645 803 1882 862 literam
1911 804 2211 880 reperitur
2247 822 2556 861 consensus
2586 823 2719 862 cum
2749 801 3035 861 Canoni-

513 909 619 978 cis;
652 908 768 965 ista
790 926 931 966 vero
962 912 1159 966 textus
1190 909 1662 984 apocryphorum
1693 909 1766 966 ad
1797 929 1930 966 eum
1963 908 2388 966 Canonicorum
2418 907 2820 979 conformatio,
2856 924 3039 985 quae

513 1033 647 1071 cum
676 1013 878 1086 negari
909 1013 1133 1090 nequit,
1180 1032 1244 1070 eo
1276 1013 1513 1071 maioris
1558 1013 1830 1088 ponderis
1861 1018 1963 1083 est,
2017 1032 2130 1090 quo
2172 1012 2280 1069 illa
2310 1016 2450 1069 sunt
2479 1013 2665 1086 magis
2695 1013 2960 1090 antiqua
2987 1007 3038 1065 ¹.

514 1117 786 1175 Ceterum
815 1117 973 1175 facta
1018 1122 1105 1175 est
1134 1116 1239 1174 illa
1284 1117 1669 1175 conformatio
1699 1137 1734 1175 a
1762 1119 1950 1176 variis
1989 1116 2160 1176 varia
2204 1118 2450 1186 ratione,
2501 1117 2574 1173 ab
2620 1116 2754 1174 aliis
2807 1115 3040 1173 infeli-

514 1223 656 1293 cius,
713 1226 773 1279 et
816 1220 1026 1279 maiori
1071 1222 1321 1281 libidine
1351 1242 1574 1279 errores
1616 1222 1834 1280 fabulis
1886 1222 2198 1293 miscendi,
2252 1222 2326 1278 ab
2378 1221 2512 1278 aliis
2555 1223 2773 1278 maiore
2819 1220 3044 1296 specie

512 1330 574 1383 et
617 1326 1112 1404 frequentioribus
1156 1328 1282 1384 veri
1315 1326 1600 1400 vestigiis,
1643 1346 1720 1382 ex
1751 1326 2188 1401 Hagiographis
2218 1330 2517 1402 utcunque
2548 1325 2863 1395 desumtis3
2921 1322 3042 1380 sed

516 1435 577 1489 et
605 1432 679 1488 ab
709 1430 982 1488 omnibus
1030 1430 1285 1488 falsariis
1312 1432 1664 1512 ‚temeritate
1705 1431 1936 1508 aequali
1971 1449 2038 1488 ac
2073 1431 2414 1487 detestanda
2432 1425 2476 1488 ².
2539 1429 2702 1492 Quae
2746 1449 2890 1487 cum
2935 1427 3046 1484 ita

516 1533 653 1605 sint,
704 1554 780 1592 ne
808 1535 969 1592 inter
1010 1535 1327 1610 speciosam
1370 1535 1689 1593 falsitatem
1730 1540 1790 1592 et
1836 1539 2058 1592 certam
2087 1533 2400 1594 veritatem
2434 1535 2600 1592 dubii
2639 1535 3039 1602 haereamus,

517 1640 823 1696 criteria
862 1639 1171 1718 utriusque
1218 1641 1580 1698 observanda
1616 1644 1820 1709 erunt;
1869 1658 2118 1717 quorum
2164 1639 2478 1714 praecipua
2522 1641 2588 1695 in
2631 1639 3074 1716 sequentibus·

514 1744 709 1819 posita
749 1747 916 1801 sunt:
960 1743 1088 1806 Quo
1134 1745 1198 1800 in
1229 1745 1574 1802 universum
1604 1744 1746 1801 libri
1786 1743 2147 1819 supposititii
2179 1764 2214 1801 a
2243 1743 2436 1815 certia
2481 1743 2686 1802 literae
2715 1745 3045 1800 humanae

519 1866 554 1904 a
592 1845 865 1918 Divinis3
899 1849 1288 1924 'apocryphae
1334 1867 1369 1904 a
1414 1847 1721 1906 Canonicis
1766 1848 2089 1923 Scripturis
2141 1847 2393 1905 discerni
2446 1847 2825 1926 dignoscique
2881 1845 3043 1903 feli-

518 1952 643 2009 cius
694 1951 945 2026 possint,
1010 1957 1127 2009 tres
1186 1956 1353 2010 notas
1406 1952 1465 2011 S.
1514 1953 1720 2010 Patres
1779 1957 1839 2010 et
1896 1952 2222 2028 Scriptores
2275 1951 2432 2010 Eccl.
2487 1951 3044 2028 praescripserunt.

519 2043 962 2130 Cognbscuntur
1005 2057 1142 2113 inde
1178 2074 1230 2114 α.
1274 2058 1428 2134 quod
1461 2058 1531 2113 de
1575 2057 1864 2115 librorum
1910 2058 2379 2134 apocryphorum
2418 2057 2532 2113 fide
2563 2061 2622 2114 et
2659 2057 3044 2114 auctoritate

519 2161 951 2218 vetustissimae
998 2161 1335 2219 traditionis
1381 2161 1714 2220 testimonio
1763 2161 1918 2219 nihil
1963 2163 2200 2237 probari
2247 2161 2445 2236 possit.
2494 2157 2544 2232 β.
2577 2161 2777 2218 Sermo
2811 2179 3046 2218 eorum

518 2284 653 2324 cum
700 2285 965 2323 sermone
997 2265 1057 2324 S.
1091 2265 1429 2323 Literarum
1460 2270 1845 2342 comparatus,
1896 2268 2240 2344 neutiquam
2290 2267 2583 2324 convenit.
2638 2284 2692 2340 γ.
2723 2265 3048 2323 Doctrina

522 2371 651 2446 ipsa
696 2371 1167 2446 apocryphorum
1213 2390 1247 2427 a
1277 2370 1475 2427 Libris
1519 2389 1658 2429 vere
1703 2369 1933 2427 Sanctis
1979 2374 2038 2427 et
2075 2369 2378 2445 inspiratis
2423 2374 2545 2427 toto
2588 2369 2743 2427 coelo
2786 2369 3041 2425 differt.

521 2474 633 2531 Sed
675 2475 819 2531 haec
864 2493 1013 2552 quae
1057 2476 1216 2532 inter
1257 2474 1581 2549 Scriptores
1627 2479 1902 2552 utrosque
1943 2473 2264 2531 canonicos
2310 2477 2369 2530 et
2415 2474 2774 2550 apocryphos
2824 2473 3044 2529 inter-

522 2578 676 2636 cedit
705 2578 1033 2649 diversitas,
1068 2579 1298 2653 egregie
1330 2578 1556 2635 confert
1584 2580 1655 2636 ad
1697 2580 2152 2636 asserendam
2197 2578 2440 2636 illorum
2468 2577 2662 2634 fidem.
2725 2577 3044 2635 Nativam

522 2687 681 2741 enim
711 2683 924 2743 Divini
953 2684 1179 2757 ingenii
1212 2685 1355 2757 vim,
1389 2687 1645 2741 sectatur
1675 2685 1880 2741 simiae
1911 2683 2101 2742 instar
2131 2685 2302 2764 fraus·
2325 2682 2525 2758 impia'.
2560 2683 2636 2739 In
2659 2681 3044 2760 apocryphis

522 2807 679 2847 vana
708 2808 819 2859 ars,
854 2791 918 2845 in
956 2787 1261 2846 Canonicis
1291 2788 1596 2846 sinceritas
1627 2792 1715 2846 est
1738 2785 1779 2844 3.

732 2892 1115 2969 Apocrypha,
1166 2912 1269 2968 per
1320 2892 1508 2950 multa
1558 2892 1788 2951 saecula
1846 2891 2332 2967 paucissimorum
2386 2892 2748 2950 eruditorum
2767 2890 2795 2929 4
2858 2891 3047 2949 curis

522 2997 843 3066 illustrata,
878 3001 1079 3054 nostro
1109 2998 1455 3072 praesertim
1486 3016 1628 3055 aevo
1658 2996 2003 3070 diligentius
2043 2996 2108 3054 in
2139 3016 2309 3054 usum
2342 2997 2612 3054 traducta
2641 3001 2799 3054 sunt.
2869 2995 3046 3053 Cum

526 3234 714 3286 evang.
753 3220 1041 3286 apocryph.
1079 3220 1135 3269 in
1172 3220 1443 3269 canonicis
1480 3235 1583 3269 usu
1618 3219 1742 3269 hist.
1781 3234 1853 3268 cr.
1892 3223 2095 3284 exeget.
2135 3218 2277 3268 Gott.
2317 3220 2466 3269 1835.
2526 3219 2589 3268 R.
2629 3219 3049 3280 Hoffmann,

524 3307 692 3373 praef.
730 3307 799 3357 ad
834 3308 1021 3357 Leben
1056 3306 1193 3357 Jesu
1228 3323 1279 3355 n.
1319 3306 1368 3356 (1.
1404 3306 1598 3371 Apocr.
1634 3306 1820 3371 Leipz.
1862 3307 2014 3356 1851.
2063 3322 2114 3371 p.
2141 3305 2204 3356 V.
2232 3320 2274 3356 s.
2326 3304 2382 3355 O.
2422 3306 2903 3368 Tischendorf,
2950 3306 3048 3355 De

524 3394 944 3460 Evangeliorum
988 3408 1171 3459 apocr.
1218 3394 1421 3458 origine
1468 3399 1521 3443 et
1565 3409 1685 3443 usu.
1730 3384 1921 3458 Hagae
1969 3391 2116 3442 Com.
2167 3394 2318 3443 1851.
2369 3409 2420 3457 p.
2473 3394 2590 3442 110.
2627 3408 2670 3443 s.
2719 3394 2804 3443 Ei.
2858 3408 3045 3442 wann

526 3481 746 3531 wurden
794 3497 910 3531 uns.
960 3481 1169 3546 Evang.
1218 3480 1350 3530 verf.
1400 3480 1583 3545 Leipz.
1624 3481 1777 3531 1865.
1830 3496 1882 3545 p.
1920 3481 2003 3529 29.
2043 3496 2084 3529 s.
2145 3480 2205 3528 P.
2243 3479 2296 3529 J.
2333 3478 2642 3541 Peltzer,
2699 3478 3050 3529 historische

526 3568 637 3617 und
697 3567 1241 3634 dogmenhistorische
1304 3567 1586 3617 Elemente
1654 3568 1712 3616 in
1775 3567 1881 3616 den
1949 3565 2291 3632 apocryphen
2351 3564 3044 3632 Kindheits-Evangelien.

527 3654 747 3706 Wiirzb.
787 3656 938 3705 1864.

738 3743 776 3807 ¹)
815 3742 990 3792 Huius
1028 3743 1324 3807 argumenti
1360 3743 1439 3790 vis
1477 3742 1692 3791 minime
1727 3740 2031 3806 infringitur
2067 3741 2459 3803 observatione,
2499 3755 2617 3791 esse
2650 3739 2837 3803 multa,
2880 3754 3046 3806 quae

526 3830 584 3878 in
608 3829 845 3894 utrisque
871 3828 1131 3878 differant.
1179 3828 1263 3877 Ad
1298 3828 1455 3877 hunc.
1478 3829 1664 3893 utique
1701 3827 1860 3877 finem
1899 3828 2206 3894 apocrypha
2242 3827 2532 3893 compilata
2555 3828 2722 3877 fuisse
2746 3828 3043 3890 novimuS,

530 3921 590 3966 ut
624 3916 824 3966 fucosis
860 3916 1093 3965 inventis
1129 3916 1241 3964 veri
1277 3916 1507 3981 speciem
1548 3914 1876 3965 simularent.
1939 3914 1978 3981 2)
2021 3914 2102 3965 Cf.
2141 3914 2200 3965 C.
2238 3914 2510 3977 Ullmann,
2549 3914 2856 3965 Historisch
2899 3915 3052 3965 oder

527 4002 791 4068 mythisch
836 4002 919 4052 ed.
964 4002 1038 4051 Π.
1087 4000 1280 4052 Gotha.
1328 4002 1479 4052 1866.
1533 4019 1585 4068 p.
1634 4004 1753 4053 195.
1801 4016 1843 4051 s.
1918 4002 1957 4068 ³)
2005 4001 2137 4053 Tale
2191 4003 2456 4067 reperitur
2509 4000 2718 4051 collatis
2769 4002 3050 4067 utrisque

528 4090 826 4152 discrimen,
868 4089 1011 4154 quod
1034 4090 1226 4138 inverti
1251 4104 1362 4138 non
1393 4092 1597 4154 potest3
1636 4090 1741 4139 nisi
1775 4090 1965 4139 insano
1993 4088 2226 4154 quodam
2254 4088 2588 4151 Criticorum,
2628 4104 2760 4154 quos
2798 4096 3049 4151 vocant,

531 4178 709 4227 omnia
744 4174 1094 4226 addubitandi
1128 4176 1354 4241 pruritu,
1402 4179 1495 4225 aut
1532 4174 1748 4241 perfidis
1784 4191 1914 4226 vera
1948 4176 2099 4226 falsis
2138 4175 2518 4225 commiscendi
2566 4175 2784 4225 artibus.
2865 4175 3052 4236 Quod

529 4265 831 4329 nuperrime
867 4277 1149 4329 aggressus
1200 4266 1281 4313 est
1324 4262 1504 4312 facere
1543 4262 1605 4312 G.
1642 4261 1916 4325 Volkmar,
1957 4263 2050 4312 der
2086 4263 2369 4329 Ursprung
2411 4277 2635 4311 unserer
2678 4262 3052 4328 Evangelien

528 4367 581 4400 n.
620 4350 669 4400 d.
707 4350 838 4400 Urk.
873 4350 992 4399 laut
1027 4349 1077 4399 d.
1113 4365 1166 4398 11.
1203 4348 1364 4399 Entd.
1402 4364 1455 4399 11.
1492 4348 1652 4399 Verh.
1692 4350 1813 4399 Ziir.
1853 4350 2004 4399 1866.
2060 4350 2100 4415 ⁴)
2139 4348 2277 4399 Ante
2313 4349 2624 4399 Fabricium
2659 4350 2880 4415 saepius
2927 4351 3053 4399 iam

529 4438 804 4488 laudatum
841 4437 908 4487 de
944 4436 1265 4503 apocryphis
1302 4436 1708 4501 disquisierunt:
1746 4436 1844 4486 Th.
1876 4436 2020 4502 Ittig,
2060 4452 2180 4502 app.
2210 4437 2335 4487 diss.
2373 4437 2440 4486 de
2476 4436 2866 4487 haeresiarchis
2913 4438 3056 4486 aevi

530 4525 717 4591 Apost.
761 4525 911 4590 Lips.
951 4526 1101 4574 1696.
1164 4523 1259 4574 ch.
1298 4522 1581 4586 Chueden,
1623 4523 2072 4574 Pseudo-Novum
2111 4524 2254 4573 Test.
2298 4524 2525 4574 Helmst.
2564 4524 2714 4573 1699.
2764 4528 2821 4573 et
2870 4522 2933 4573 J.
2977 4525 3052 4575 E.

533 4610 779 4677 (habitis,
813 4614 870 4661 in
906 4610 1180 4677 spicilegio
1220 4608 1272 4660 S.
1312 4608 1365 4661 S.
1402 4611 1462 4661 P.
1500 4611 1559 4661 P.
1598 4616 1653 4661 et
1687 4610 1850 4674 haer„
1895 4611 2040 4677 quod
2075 4626 2185 4661 non
2219 4611 2383 4661 semel
2420 4612 2718 4661 citavimus.
