3309 5300
1097 438 1158 481 De
1185 440 1356 482 Canone
1385 440 1430 480 S.
1453 437 1620 481 Libror.
1651 439 1744 481 Vet.
1779 438 1897 481 Test.
2666 426 2747 492 15

255 615 840 681 Palaestinensium
867 617 1260 697 commoniti,
1293 616 1360 678 in
1386 637 1730 679 numerum
1750 613 2102 679 Sacrorum
2123 613 2529 699 Scriptorum
2554 637 2741 700 repo-

259 730 534 794 suerint:
589 729 662 793 id
724 729 901 814 quod
962 729 1305 813 sequentia
1352 728 1706 793 conficiunt
1750 750 1965 792 rerum
2013 737 2347 803 momenta
2392 750 2449 791 a.
2496 726 2749 791 Auctor

255 840 709 906 Ecclesiastici
743 842 787 907 J
791 865 940 907 esus
987 842 1214 905 Sirach
1259 841 1600 927 praeclara
1637 850 1702 904 et
1748 849 1975 905 sancta
2008 840 2345 905 doctrinae
2387 864 2543 905 suae
2574 839 2747 904 rudi-

255 963 492 1037 menta,
542 953 830 1019 hebraeo
879 977 1201 1037 sermone,
1247 953 1722 1039 Hierosolymis
1767 954 2095 1035 exaravit3
2144 964 2497 1039 postquam
2528 963 2747 1018 autem

254 1068 566 1152 scriptum
601 1090 792 1131 suum
835 1068 1016 1149 finiit,
1063 1067 1376 1132 sollicitus
1423 1068 1694 1149 curavit,
1743 1076 1814 1131 ut
1860 1068 1929 1129 in
1975 1067 2397 1153 aegyptiacas
2442 1068 2747 1152 regiones

253 1218 334 1228 —-
363 1182 437 1243 in
477 1179 718 1265 quibus
749 1182 995 1265 copiosi
1025 1179 1264 1245 «Iudaei
1311 1176 1696 1243 habitabant
1722 1182 1739 1221 ¹
1770 1218 1857 1225 —-
1889 1178 2273 1243 deferretur.
2334 1179 2747 1244 Procedente

253 1303 554 1377 tempore
601 1291 936 1358 Siracidae
982 1316 1185 1379 nepos
1234 1315 1320 1355 ex
1364 1291 1623 1357 Judaea
1666 1291 1818 1356 illuc
1861 1291 2215 1377 profectuS,
2270 1292 2489 1377 ibique
2539 1292 2745 1358 Grae-

254 1428 480 1470 corum
527 1404 816 1490 linguam
847 1429 888 1470 a
917 1405 1225 1469 fratribus
1259 1406 1389 1469 suis
1421 1406 1742 1490 aegyptiis
1776 1403 2075 1487 edoctus3
2123 1407 2319 1470 vertit
2353 1404 2627 1469 Librum
2660 1428 2749 1469 ex

255 1517 543 1582 hebraeo
583 1519 657 1593 ‘in
703 1514 1033 1603 graecum,
1081 1518 1167 1582 ad
1212 1519 1426 1603 gentis
1473 1540 1629 1581 suae
1676 1527 1749 1581 ut
1797 1519 1885 1581 ait
1915 1540 2123 1581 usum.
2184 1517 2376 1581 Unde
2422 1520 2638 1583 unitas
2687 1527 2752 1582 et

257 1631 615 1695 concordia
668 1631 1074 1695 Judaeorum
1121 1632 1572 1717 aegyptiorum
1623 1653 1773 1694 cum
1817 1632 1914 1713 iis,
1963 1632 2073 1717 qui
2129 1632 2193 1693 in
2250 1630 2507 1695 Judaea
2554 1631 2748 1716 dege-

259 1743 434 1826 bant,
490 1746 560 1808 in
618 1744 1012 1830 recipiendis
1072 1741 1559 1829 Hagiographis
1619 1752 1915 1828 apparet.
1992 1743 2054 1807 b.
2116 1743 2197 1806 In
2244 1743 2520 1829 epistola
2565 1744 2751 1808 alteri

255 1854 814 1922 Machabaeorum
875 1856 1040 1922 libro
1087 1858 1468 1944 praemissa,
1533 1856 1774 1921 Judaei
1829 1856 2345 1942 palaestinenses
2398 1856 2749 1942 populares

260 1993 408 2035 suos
440 1972 508 2033 in
541 1969 852 2056 Aegypto
897 1980 1380 2035 commorantes
1423 1970 1784 2052 hortantur,
1829 1979 1900 2033 ut
1928 1968 2166 2034 Libros
2214 1993 2253 2033 a
2282 1968 2457 2034 Juda
2485 1968 2748 2033 Macha-

258 2082 857 2147 baeo'recollectos
917 2083 1003 2147 ad
1057 2106 1126 2147 se
1185 2082 1618 2169 perferendos
1677 2091 1907 2146 curent
1924 2084 1969 2145 2.
2048 2083 2244 2164 Quod
2303 2082 2427 2145 hac
2475 2082 2751 2168 epistola

265 2195 344 2260 de
389 2195 688 2282 pluribus
732 2196 912 2260 libris
956 2205 1275 2279 narratur,
1309 2196 1392 2260 de
1438 2218 1568 2260 uno
1617 2195 1806 2278 libro,
1839 2196 1975 2259 sive
2024 2197 2161 2259 eius
2207 2204 2393 2281 parte
2440 2195 2749 2261 refertur:

263 2332 317 2373 c.
360 2311 426 2373 in
483 2308 856 2395 appendice
924 2332 1167 2393 graeca
1226 2308 1311 2373 ad
1367 2318 1565 2395 caput
1618 2308 1945 2373 decimum
2015 2307 2162 2373 libri
2220 2308 2559 2390 Estherae‚
2621 2331 2751 2394 qua

263 2445 540 2508 sequens
589 2422 670 2486 de
719 2423 994 2509 epistola
1037 2425 1248 2487 textui
1293 2445 1532 2508 graeco
1585 2422 1845 2487 adiecta
1864 2426 1907 2505 3,
1954 2423 2397 2487 testimonium
2444 2420 2747 2485 habetur:

261 2534 648 2600 Dositheum
718 2536 1078 2622 quendam,
1150 2539 1258 2621 qui
1321 2560 1390 2601 se
1460 2536 1760 2601 Levitam
1825 2545 1891 2599 et
1948 2535 2357 2599 sacerdotem
2412 2535 2748 2619 professus

262 2648 398 2730 fuit,
443 2647 780 2735 filiumque
831 2653 968 2715 eius
1013 2650 1485 2732 Ptolemaeum,
1558 2660 1789 2735 quarto
1837 2648 2197 2713 Ptolemaei
2246 2658 2311 2712 et
2357 2647 2749 2734 Cleopatrae

265 2783 454 2844 ann0,
513 2773 736 2847 partes
789 2763 980 2827 libri4
1046 2763 1520 2848 Hierosolymis
1575 2765 1640 2826 in
1686 2763 2065 2848 Aegyptum
2112 2761 2439 2843 retulisse3
2504 2785 2747 2847 eosque

262 2883 532 2939 testatos
559 2897 702 2939 esse
729 2875 1197 2960 Lysimachum
1220 2875 1581 2940 Ptolemaei
1609 2875 1833 2960 filium,
1868 2877 1978 2960 qui
2003 2874 2476 2960 Hierosolymis
2499 2873 2747 2938 habita-

269 2995 392 3068 ret,
411 3009 445 3050 e
468 3009 704 3071 graeco
732 3011 1032 3053 sermone
1056 2987 1196 3052 illas
1213 2990 1712 3074 interpretatum
1732 2987 1932 3052 fuisse
1950 2991 1991 3052 5.
2017 2987 2335 3052 Videmus
2361 2987 2523 3053 duos
2548 2991 2748 3051 testes

263 3098 352 3162 ad
392 3101 726 3164 veritatem
767 3101 863 3164 rei
907 3100 1466 3187 comprobandam
1506 3101 1692 3185 Lege
1739 3101 2033 3164 Mosaica
2077 3101 2516 3185 praescriptos
2563 3098 2747 3163 adhi-

262 3211 425 3295 beri,
458 3214 563 3297 qui
612 3211 693 3276 de
728 3213 975 3297 origine
1010 3224 1074 3278 et
1119 3216 1418 3278 versione
1462 3215 1903 3278 testimonium
1949 3213 2336 3299 perhibeant
2356 3217 2399 3275 ⁶.
2451 3213 2511 3274 d.
2560 3212 2749 3275 Licet

471 3406 506 3473 ¹)
525 3407 588 3456 V.
609 3406 678 3456 H.
697 3407 760 3455 R.
781 3407 849 3456 D.
872 3408 932 3456 V.
955 3409 1016 3458 Τ.
1038 3425 1089 3473 p.
1111 3411 1228 3458 540.
1280 3409 1322 3473 2)
1349 3410 1417 3458 Π.
1437 3409 1612 3458 Mach.
1634 3412 1684 3470 2,
1709 3410 1787 3457 15.
1825 3408 1875 3457 J.
1896 3409 1961 3456 E.
1981 3406 2279 3470 Fauonius,
2302 3423 2486 3456 comm.
2508 3424 2656 3474 perp.
2678 3407 2747 3458 ad

265 3492 317 3543 h.
343 3493 375 3542 1.
399 3510 447 3558 p.
475 3495 554 3542 74.
593 3493 723 3542 dicit
747 3495 914 3543 verba
937 3495 1071 3544 haec
1097 3511 1130 3544 a
1155 3497 1308 3546 nobis
1335 3511 1498 3561 supra
1522 3497 1629 3544 iam
1655 3497 1914 3560 exposita,
1947 3496 2004 3543 in
2029 3496 2207 3560 specie
2245 3501 2486 3560 spectare
2512 3495 2581 3544 ad
2607 3512 2745 3544 com·

268 3580 652 3630 mendationem
687 3579 810 3629 libri
846 3581 1066 3630 secundi
1101 3582 1578 3645 Machabaeorum3
1619 3597 1775 3646 quem
1812 3597 1921 3631 una
1947 3598 2066 3631 cum
2105 3581 2331 3646 epistola
2354 3582 2493 3630 ultro
2530 3583 2747 3631 missum

272 3667 546 3728 existimat,
594 3666 744 3716 velut
777 3668 834 3715 in
859 3673 1202 3733 praegustum
1243 3674 1296 3718 et
1332 3674 1670 3719 antecessum
1708 3670 1949 3730 aliorum,
1989 3671 2183 3733 quibus
2219 3669 2409 3718 fratres
2446 3671 2748 3735 aegyptiaci

269 3758 487 3802 careant.
546 3753 587 3818 3)
615 3754 768 3814 Quae
795 3753 1022 3819 epistola
1047 3755 1104 3804 in
1128 3757 1399 3820 praesenti
1435 3758 1749 3806 recensione
1786 3756 2141 3806 masorethica
2163 3756 2286 3806 libri
2309 3757 2571 3806 Estherae
2610 3757 2745 3806 desi-

269 3839 484 3889 deratur.
532 3841 600 3890 V.
624 3840 695 3889 H.
721 3841 784 3890 R.
809 3842 877 3889 D.
902 3842 967 3890 V.
993 3842 1054 3890 T.
1081 3859 1132 3906 p.
1160 3844 1278 3892 507.
1305 3857 1346 3892 s.
1409 3843 1450 3907 4)
1487 3843 1553 3892 In
1591 3843 1826 3892 editione
1863 3843 2117 3892 hebraica
2142 3858 2302 3908 quam
2328 3859 2469 3893 nunc
2505 3848 2745 3894 tenemus

269 3928 676 3998 praetermissas.
735 3928 776 3990 ⁵)
815 3925 1024 3988 ,,’Έτους
1061 3924 1289 3996 τετάρτου
1336 3926 1680 3994 βασιλεύοντας
1716 3927 2023 3998 Πτολεμαίου
2047 3958 2115 3966 -
2141 3931 2420 3994 Evergetis
2447 3930 2569 3980 coll.
2606 3930 2745 3980 Hist.

269 4013 390 4062 Rev.
413 4014 534 4062 Div.
567 4015 688 4063 Vet.
715 4015 859 4064 Test.
897 4031 948 4080 p.
975 4017 1094 4065 540.
1121 4044 1186 4051 —
1213 4013 1293 4064 καὶ
1328 4013 1638 4084 Κλεοπάτρας
1679 4013 1923 4085 εἰσήνεγκε
1958 4014 2202 4078 Δοσίθεος,
2240 4011 2291 4074 ὅς
2320 4013 2405 4082 ἔφη
2440 4008 2558 4066 εἶναι
2594 4014 2745 4083 ἱερεὺς

269 4095 346 4146 καὶ
384 4096 588 4164 λευίτης,
637 4097 722 4148 καὶ
755 4097 1058 4168 Πτολεμαῖος
1095 4097 1121 4150 ὁ
1159 4096 1258 4160 subg
1297 4099 1462 4164 αὐτοῦ,
1499 4099 1586 4166 τὴν
1626 4093 1941 4171 προκειμένην)
1980 4100 2235 4168 ἐπιστολὴν
2271 4105 2369 4153 τῶν
2408 4101 2639 4171 φρουραὶ,
2687 4101 2746 4166 ἥν

270 4181 438 4252 ’ἔφασαν
487 4178 630 4248 εἶναι,
681 4183 760 4235 καὶ
809 4185 1145 4255 ἑρμηνευκέναι
1192 4186 1480 4258 Λυσίμαχον
1527 4187 1861 4258 Πτολεμαίου,
1914 4185 1995 4240 τὸν
2046 4187 2092 4239 ἐν
2143 4188 2521 4258 Ἱερουσαλήμ.“
2581 4191 2747 4241 Liber

269 4273 514 4323 Estherae
535 4291 612 4339 gr.
642 4274 724 4324 ed.
746 4275 809 4323 Ο.
827 4275 888 4323 F.
907 4274 1184 4325 Fritzsche
1205 4277 1403 4326 Turici.
1428 4279 1578 4326 1849.
1602 4277 1674 4340 ΙΙ,
1696 4279 1779 4326 44.
1817 4278 1880 4326 In
1905 4277 2137 4342 Vulgata
2160 4277 2355 4342 legitur
2377 4278 2515 4327 idem
2541 4293 2747 4328 comma

271 4374 378 4424 cap.
405 4364 481 4410 11.
507 4378 558 4411 v.
588 4365 634 4411 1.
697 4361 738 4426 ⁶)
779 4363 934 4422 Quod
971 4378 1133 4428 quam
1169 4365 1347 4428 magni
1383 4364 1689 4413 faciendum
1719 4365 1801 4425 sit,
1842 4371 2028 4414 auctor
2054 4381 2117 4414 eo
2142 4365 2341 4428 innuit3
2381 4365 2521 4429 quod
2547 4379 2580 4414 a
2615 4366 2744 4416 viris

273 4460 302 4493 e
325 4448 486 4512 stirpe
535 4447 857 4497 sacerdotali
900 4449 1165 4512 oriundis,
1219 4451 1416 4515 quippe
1454 4450 1648 4516 'quibus
1688 4451 1932 4500 custodia
1968 4457 2020 4500 et
2054 4453 2423 4516 interpretatio
2463 4452 2743 4502 Sacrarum

271 4533 556 4584 Literarum
589 4534 910 4584 demandata
933 4536 1110 4598 fuerit,
1147 4535 1532 4601 proficiscatur.
1583 4536 1665 4586 cf.
1690 4538 1743 4587 J.
1768 4537 2009 4604 Langen,
2050 4538 2134 4587 die
2162 4538 2745 4589 deuterocanonischen

274 4618 456 4670 Stiicke
491 4622 583 4671 des
620 4621 834 4672 Buches
871 4622 1081 4685 Esther,
1121 4624 1240 4672 eine
1286 4623 1414 4673 bibl.
1453 4625 1573 4674 krit.
1609 4622 1873 4673 Abhandl.
1911 4625 2089 4675 Freib.
2130 4627 2279 4680 1862.
2314 4643 2366 4696 p.
2406 4628 2487 4678 22.
