3309 5300
453 382 540 445 30
1147 396 1381 437 Comment.
1413 394 1466 436 de
1494 398 1537 437 S.
1559 397 1773 447 Scriptur.
1804 408 1897 447 cap.
1928 396 2053 447 prim.
2084 397 2193 437 sect.
2224 394 2259 436 1.

454 586 569 619 rum
606 569 926 619 Pontificum
960 570 1426 620 Romanorumex
1461 588 1567 621 rec.
1604 573 1667 621 P.
1694 572 2007 622 Constantii.
2048 572 2191 621 Gott.
2232 575 2381 622 1796.
2419 589 2528 622 cur.
2570 571 2949 622 Schiinemann

453 673 504 721 p.
532 657 649 705 545.
693 684 756 691 —
795 658 872 705 sic
921 656 1207 721 respondet
1253 657 1630 707 Innocentius:
1685 664 1747 707 ut
1794 658 2023 707 indicem
2070 673 2337 707 annexum
2384 660 2615 708 mitteret
2659 659 2951 709 Librorum

454 741 764 804 Sacrorum,
803 744 856 791 in
897 758 1000 807 quo
1039 742 1199 791 iidem
1235 744 1385 793 Libri
1423 743 1596 807 Sacri,
1637 746 1738 794 etsi
1774 760 1884 793 non
1921 744 2109 794 eodem
2147 745 2357 806 ordine,
2398 750 2769 810 recensentur3
2810 761 2949 810 quos

453 830 510 876 in
548 827 803 877 Conciliis
840 827 1104 879 Africanis
1143 830 1486 894 consignatos
1523 831 1841 894 invenimus,
1880 846 2081 895 quosve
2124 832 2353 881 subinde
2392 832 2687 882 Concilium
2722 832 2948 881 Triden-

451 916 622 964 tinum
666 918 1009 965 enumeravit.
1059 917 1122 965 V.
1162 932 1207 965 e.
1247 918 1399 981 epist.
1436 918 1700 987 Nicolai
1736 918 1777 967 Ι.
1828 918 1895 966 ad
1933 920 2208 968 universos
2257 919 2539 984 episcopos
2579 918 2787 968 Galliae
2824 920 2947 969 865.

453 1002 595 1067 apud
625 1002 792 1051 Hard.
828 1003 890 1051 V.
919 1004 1053 1065 592„
1093 1004 1148 1051 in
1187 1018 1296 1067 qua
1333 1004 1402 1053 ad
1438 1004 1578 1053 hanc
1615 1006 1935 1054 sententiam
1973 1022 2013 1054 s.
2040 1006 2101 1054 P.
2127 1005 2427 1054 Innocentii
2464 1010 2735 1070 provocat.
2784 1005 2943 1054 Anno

451 1090 662 1137 circiter
697 1090 814 1137 496.
873 1090 1074 1138 Romae
1113 1105 1147 1138 a
1185 1089 1455 1140 Gelasio
1493 1092 1646 1155 Papa
1684 1107 1805 1140 cum
1847 1092 2072 1141 LXXII.
2122 1092 2385 1157 episcopis
2423 1096 2667 1141 coactum
2704 1097 2785 1140 est
2818 1107 2947 1141 con-

450 1174 630 1225 cilium
681 1176 780 1236 „de
829 1176 977 1226 libris
1033 1176 1403 1241 recipiendis“,
1461 1182 1621 1242 atque
1674 1194 1740 1227 ex
1795 1180 1911 1228 eius
1960 1179 2165 1227 sancito
2216 1178 2489 1227 decretum
2540 1178 2605 1226 de
2656 1178 2946 1243 Scripturis

453 1261 740 1312 Canonicis
789 1290 853 1298 —
905 1263 1049 1328 apud
1096 1264 1272 1313 Mansi
1323 1264 1468 1313 VIII.
1511 1266 1652 1326 156„
1698 1266 1793 1315 ubi
1837 1265 1960 1313 vide
2014 1265 2273 1315 vindicias
2329 1282 2381 1329 p.
2432 1266 2546 1313 171.
2602 1263 2721 1314 coll.
2766 1264 2945 1326 KheU,

447 1348 754 1398 Auctoritas
793 1354 892 1399 etc.
933 1366 984 1413 p.
1024 1351 1279 1399 94—106.
1319 1378 1384 1385 —
1435 1352 1727 1411 emanavit3
1778 1351 1921 1416 quod
1968 1350 2183 1400 eosdem
2230 1366 2349 1399 cum
2384 1351 2649 1400 Africanis
2694 1356 2749 1399 et
2781 1350 2946 1400 Inno-

449 1437 624 1486 centio
662 1436 704 1485 Ι.
742 1436 804 1485 R.
844 1437 904 1485 P.
943 1436 1104 1485 refert
1139 1437 1331 1486 Libros
1368 1438 1576 1486 Veteris
1614 1438 1959 1487 Testamenti.

654 1523 729 1573 Ut
777 1522 990 1571 tandem
1043 1523 1399 1573 Ecclesiae
1448 1538 1729 1589 graecae
1778 1540 1993 1590 quoque
2042 1525 2349 1573 memoriam
2384 1524 2697 1584 iniiciamus‚
2744 1524 2947 1587 primas

448 1609 724 1658 Ecclesias
778 1609 1012 1659 Graecas
1062 1609 1258 1659 Libros
1307 1626 1508 1672 omnes,
1558 1626 1693 1675 quos
1739 1612 1941 1676 recepit
1984 1610 2234 1661 Ecclesia
2276 1610 2487 1672 Latina,
2529 1592 2682 1659 ‘velut
2715 1610 2947 1659 Divinos

447 1698 703 1747 reveritas
730 1698 910 1757 fuisse,
939 1712 968 1745 e
1006 1698 1142 1746 serie
1168 1698 1590 1746 testimoniorum
1615 1698 1834 1747 Patrum
1861 1703 1913 1747 et
1940 1696 2268 1763 Scriptorum
2296 1696 2618 1747 Graecorum
2658 1711 2795 1761 quae
2819 1712 2945 1761 pro-
2968 1730 2975 1735 -

448 1783 691 1833 duximus
716 1800 768 1848 p.
797 1785 878 1832 24.
907 1798 948 1831 s.
985 1782 1108 1832 luce
1133 1784 1430 1832 meridiana
1456 1783 1650 1834 clarius
1688 1789 1849 1849 patet.
1890 1783 1995 1834 Sed
2022 1789 2074 1833 et
2100 1784 2323 1833 eandem
2348 1783 2505 1833 fidem
2531 1784 2783 1848 deinceps
2810 1799 2943 1848 quo-

447 1885 550 1935 que
577 1870 720 1935 apud
747 1869 980 1919 Graecos
1007 1884 1342 1935 perennasse
1369 1870 1528 1920 docet
1551 1870 1965 1920 conciliabulum
1985 1870 2628 1935 Constantinopolitanum
2657 1869 2945 1931 „Trulla-

446 1960 619 2005 num⁴⁴
659 1971 708 2005 a.
735 1958 850 2007 692.
873 1984 938 1992 -
956 1957 1099 2022 apud
1134 1958 1308 2006 Mansi
1336 1958 1428 2017 XI,
1457 1960 1574 2007 939.
1601 1973 1642 2005 s.
1666 1985 1730 1993 —-
1752 1957 1896 2022 quod
1919 1957 2169 2006 Afrorum
2196 1956 2470 2007 Canonem
2496 1955 2549 2006 S.
2578 1955 2629 2005 S.
2657 1957 2943 2021 repetiisse

449 2047 501 2092 et
550 2044 816 2108 recepisse
867 2044 1235 2109 comperimus,
1287 2043 1366 2093 Cf.
1415 2043 1625 2105 Hefele,
1666 2044 1761 2093 das
1796 2048 2015 2109 protest.
2054 2042 2295 2093 Bisthum
2346 2043 2662 2104 Jerusalem,
2718 2044 2773 2091 in
2810 2058 2941 2091 ann.

451 2130 584 2179 Tiib.
612 2130 976 2191 Quartalschr.
1005 2131 1154 2179 1843.
1179 2147 1232 2194 p.
1260 2132 1378 2179 570.
1406 2147 1447 2179 s.
1486 2132 1733 2195 Denique
1756 2131 1896 2179 idem
1921 2131 2161 2179 fecerunt
2185 2130 2486 2191 Photius,
2523 2132 2580 2178 in
2606 2135 2946 2194 syntagmate

447 2232 712 2265 canonum
748 2217 827 2265 tit.
864 2216 963 2277 ΠΙ,
1004 2232 1049 2265 c.
1088 2220 1136 2265 2.
1175 2233 1217 2266 s.
1257 2216 1339 2265 ed.
1375 2218 1573 2281 Migne.
1611 2216 1711 2281 Op.
1748 2217 1839 2279 IV,
1878 2219 1997 2267 589.
2036 2232 2076 2265 s,
2140 2217 2431 2266 Zonaras
2471 2221 2523 2266 et
2559 2216 2943 2279 Balsamon,

444 2304 741 2367 Beveregii,
789 2303 956 2353 Pand.
1003 2304 1044 2365 Ι,
1085 2306 1202 2353 549.
1263 2304 1392 2352 Post
1437 2304 1634 2353 factam
1683 2305 1739 2353 in
1778 2304 2016 2353 Concilio
2054 2304 2364 2354 Florentino
2406 2306 2556 2353 1439.
2615 2303 2947 2352 Graecorum

448 2392 774 2453 reunionem,
801 2391 1079 2455 Eugenius
1104 2390 1197 2439 IV.
1223 2391 1283 2439 P.
1311 2390 1474 2439 edidit
1510 2391 1780 2440 decretum
1818 2407 1915 2456 pro
1951 2391 2249 2453 Jacobinis,
2276 2406 2395 2440 cum
2431 2391 2719 2439 insertione
2756 2390 2943 2439 decre-

443 2482 616 2527 torum
653 2493 749 2543 pro
786 2477 1028 2527 Armenis
1067 2483 1120 2527 et
1157 2476 1402 2540 Graecis3
1455 2494 1560 2543 quo
1597 2479 1738 2527 inter
1775 2478 1883 2526 alia
1918 2477 1953 2526 l.
1993 2493 2036 2526 c.
2076 2492 2117 2527 s.
2154 2478 2437 2527 Librorum
2474 2477 2747 2526 Canonem
2785 2477 2943 2537 texit,

445 2566 537 2629 qui
594 2565 809 2615 eosdem
860 2566 1097 2614 continet
1141 2565 1348 2625 Libros,
1398 2580 1531 2629 quos
1581 2580 1758 2614 canon
1795 2563 2021 2613 Concilii
2064 2564 2444 2629 Hipponensis,
2486 2562 2943 2627 CarthaginensiS,

443 2653 744 2702 Innocentii
779 2652 839 2714 Ι.,
878 2657 1038 2717 atque
1078 2652 1279 2702 Gelasii
1317 2652 1730 2717 comprehendit.
1768 2652 1924 2718 Apud
1961 2652 2298 2702 Harduinum
2338 2652 2432 2713 IX,
2476 2654 2623 2702 1024.

651 2739 948 2790 Concilium
994 2755 1120 2788 vero
1158 2739 1543 2801 Tridentinum,
1581 2740 1674 2788 ubi
1721 2739 1928 2788 videret
1962 2739 2263 2789 Ecclesiam
2298 2740 2365 2788 ab
2403 2741 2711 2803 insurgente
2758 2754 2941 2787 errore

443 2830 604 2877 etiam
649 2829 708 2876 in
753 2843 814 2876 eo
867 2831 1197 2889 accusatam,
1249 2827 1402 2890 quasi
1449 2827 1506 2874 in
1544 2826 1818 2876 Canonem
1861 2827 2103 2876 admittat
2138 2827 2328 2875 Libros
2365 2843 2472 2874 non
2507 2826 2751 2884 Divinos,
2788 2825 2939 2874 haud

441 2930 549 2965 uno
586 2915 884 2980 primitivae
915 2913 1196 2962 Ecclesiae
1237 2913 1475 2978 exemplo
1516 2913 1723 2975 edocta,
1764 2913 2014 2963 Sessione
2038 2913 2129 2961 IV.
2156 2914 2234 2962 sic
2272 2913 2507 2961 decrevit
2543 2912 2608 2961 de
2648 2910 2939 2960 Canonicis

444 3001 744 3066 Scripturis.
783 2999 1068 3049 Profitetur
1107 3001 1334 3065 primum
1371 3017 1412 3049 s.
1441 3000 1704 3064 SynoduS‚
1742 3017 1801 3050 se
1838 3001 1969 3065 pari,
2010 3014 2119 3065 qua
2154 3000 2490 3048 Traditiones
2529 3014 2563 3046 a
2600 2997 2807 3048 Christo
2849 2998 2938 3047 vel

441 3104 475 3137 a
512 3087 713 3153 Spiritu
752 3087 803 3137 S.
842 3087 1084 3149 dictataS,
1133 3089 1328 3152 pietate
1386 3103 1449 3136 ac
1488 3088 1789 3137 reverentia
1834 3088 2105 3151 suscipere
2153 3103 2335 3136 omnes
2380 3086 2574 3135 Libros
2625 3087 2831 3135 Veteris
2880 3091 2941 3134 et

442 3175 579 3223 Novi
605 3175 962 3236 Testamenti3
1003 3190 1121 3223 cum
1147 3175 1423 3240 utriusque
1450 3190 1586 3223 unus
1612 3175 1763 3222 Deus
1790 3175 1859 3222 sit
1882 3173 2096 3222 Auctor.
2141 3173 2349 3222 Deinde
2376 3172 2537 3234 addit,
2577 3189 2643 3221 ne
2670 3173 2755 3220 cui
2780 3173 2939 3221 dubi-

440 3263 572 3310 tatio
613 3261 842 3310 suboriri
872 3262 1056 3326 possit,
1084 3262 1300 3325 quinam
1325 3262 1445 3322 sint,
1475 3261 1564 3325 qui
1590 3261 1658 3308 ab
1698 3261 1817 3325 ipsa
1842 3259 2045 3324 synodo
2072 3260 2449 3324 suscipiuntur,
2477 3275 2595 3308 esse
2620 3263 2901 3324 sequentes
2920 3277 2936 3308 ε

445 3347 782 3409 „Testamenti
828 3347 1018 3396 Veteris
1050 3349 1266 3410 quinque
1303 3345 1515 3412 Moysis,
1551 3345 1606 3394 id
1633 3351 1705 3396 cst
1739 3346 1965 3411 Genesis,
1993 3345 2219 3406 Emodus,
2250 3345 2512 3408 Leviticae,
2536 3345 2767 3408 Numeri,
2793 3345 2937 3394 Deu-

440 3437 784 3495 teronomium,
830 3433 1002 3495 Josue,
1053 3433 1308 3496 Judicum,
1362 3433 1517 3495 Ruth,
1565 3441 1779 3498 quatuor
1833 3433 2055 3498 Requm5
2098 3432 2200 3482 duo
2249 3432 2709 3497 Paralipomenon3
2758 3432 2941 3482 Eedra

432 3525 635 3586 primus
684 3527 729 3571 et
765 3520 1010 3572 secundus
1039 3523 1125 3584 qni
1160 3519 1348 3570 dicitur
1381 3520 1685 3581 Nehemia33
1726 3521 1924 3582 Tobias,
1973 3519 2173 3581 Juditk,
2210 3520 2411 3581 Esther,
2460 3519 2573 3580 Job,
2624 3519 2941 3570 Psallerv'um

445 3609 746 3659 Dauidica-m
782 3615 975 3659 centum
1011 3608 1378 3674 quinquaqinta
1405 3609 1734 3672 psalmorum,
1775 3607 2083 3668 Parabolae,
2118 3607 2459 3664 Ecclesiaste-3,
2502 3606 2761 3656 Canticum
2801 3605 2937 3656 Oan-

444 3697 672 3756 ticorum,
713 3694 994 3759 Sapientia,
1031 3694 1410 3744 Ecclesiasticus
1420 3713 1439 3755 ‚·
1476 3695 1661 3756 Isaiae,
1706 3694 1960 3744 Jeremias
1996 3710 2104 3742 cum
2142 3693 2365 3755 Baruch,
2415 3692 2664 3755 Ezechiel,
2724 3693 2938 3755 Daniel,

439 3783 704 3834 duodecim
742 3783 1030 3847 Prophetae
1077 3784 1312 3842 minores,
1367 3781 1426 3830 id
1469 3788 1541 3830 est
1588 3780 1732 3841 Osca,
1780 3781 1913 3842 Joel,
1964 3779 2133 3843 Amos,
2184 3779 2395 3839 Ahalam,
2442 3779 2617 3839 Jonas,
2655 3779 2939 3842 Michaeas,

439 3871 660 3931 Nahum,
713 3870 968 3932 Habacuc,
1027 3868 1324 3933 Sophonias‚
1375 3869 1625 3934 Aqyaeus,
1680 3867 1977 3928 Zacharias,
2016 3867 2327 3929 Malachia33
2366 3867 2467 3917 duo
2506 3866 2936 3917 Machabaeomm

430 3959 631 4022 primae
667 3963 714 4008 et
747 3957 1043 4007 secundus.“
1103 3957 1223 4005 Hac
1271 3957 1322 4004 in
1369 3957 1506 4004 serie
1543 3971 1652 4007 non
1700 3955 1871 4005 solum
1908 3961 2152 4005 recenset
2188 3971 2370 4005 omnes
2407 3957 2469 4004 V.
2510 3955 2570 4004 T.
2611 3954 2934 4016 CanonicoS,

439 4046 532 4094 sed
559 4050 612 4094 et
636 4047 713 4095 sic
740 4044 909 4094 dictos
937 4044 1584 4093 deuterocanonicos
1622 4059 1835 4107 quoque
1857 4043 2041 4104 libros,
2069 4043 2214 4092 nullo
2242 4057 2458 4108 prorsus
2485 4041 2715 4092 admisso
2744 4042 2934 4092 discri-

439 4134 578 4181 mine
615 4132 880 4181 interserit
916 4130 1370 4194 protocanonicis;
1407 4129 1556 4178 velut
1591 4130 1830 4179 eiusdem
1868 4131 2081 4179 omnino
2118 4145 2240 4195 *curn
2276 4129 2359 4178 his
2392 4129 2603 4178 divinae
2640 4129 2933 4178 auctorita-

437 4219 521 4268 tis.
560 4218 780 4268 Insertis
819 4217 1046 4281 denique
1072 4218 1133 4265 L.
1161 4217 1223 4264 L.
1263 4216 1531 4266 decretum
1565 4216 1859 4265 concludit:
1903 4215 2000 4277 „Si
2025 4217 2137 4280 qai-3
2172 4221 2340 4265 autem
2376 4215 2531 4265 libros
2566 4214 2782 4281 inteyros
2816 4232 2937 4264 cum

438 4304 662 4354 omnibus
709 4287 816 4352 suis
853 4303 1104 4367 partibus,
1147 4307 1296 4366 prout
1341 4303 1398 4350 in
1443 4301 1672 4352 Ecclesia
1722 4301 1980 4352 Catholica
2026 4302 2127 4366 leyi
2169 4309 2540 4364 consueverunt,
2590 4308 2637 4351 et
2678 4302 2733 4352 in.
2766 4308 2939 4352 vetere

447 4391 662 4458 Vulqata
697 4389 914 4441 editione
950 4390 1212 4452 habentur,
1247 4406 1342 4455 pro
1375 4387 1538 4439 sacris
1570 4395 1618 4439 et
1646 4388 1901 4438 canonicis
1935 4405 2035 4439 non
2069 4389 2329 4454 receperit,
2367 4396 2413 4440 et
2449 4388 2747 4440 traditiones
2769 4405 2936 4454 prae-

437 4477 600 4528 dictae
642 4477 802 4528 sciens
850 4483 896 4528 et
937 4476 1168 4542 prudens
1214 4476 1538 4537 contemserit,
1589 4473 1861 4526 anathema
1896 4477 2009 4525 ΜΞΝ
2073 4476 2231 4526 Unde
2268 4492 2452 4528 rursus
2488 4478 2743 4542 sequitur,
2784 4476 2937 4542 quod

435 4565 586 4614 Libri
624 4566 684 4612 V.
727 4566 788 4613 F'.
829 4580 859 4613 a
899 4564 1217 4630 quibusdam
1255 4566 1308 4612 in
1349 4563 1565 4612 dubium
1601 4565 1779 4614 vocati
1817 4580 1921 4614 non
1964 4565 2097 4626 „hoc
2134 4567 2250 4630 ipso
2291 4564 2503 4617 decreto
2530 4593 2599 4601 —
2624 4570 2682 4614 ut
2717 4565 2935 4630 scripsit
