3309 5300
572 416 697 479 238
1284 428 1523 469 comment.
1553 427 1607 469 de
1624 428 1670 469 S.
1693 427 1851 479 Script.
1883 438 1976 479 cap.
2005 438 2094 469 sec.
2122 428 2250 469 tract.
2281 428 2336 468 11.

572 609 752 677 decet,
809 607 941 663 Arii
992 626 1187 663 errore
1218 608 1397 664 fuisse
1428 608 1890 665 contaminatum
1919 605 1952 663 ¹.
2009 606 2163 669 Quid
2204 609 2357 685 quod
2389 628 2434 665 s.
2469 608 2740 685 Chryso
2757 605 3064 665 stomus2

573 712 765 783 gentis
794 710 1061 783 gothicae
1091 712 1165 768 ab
1196 712 1533 768 Arianismo
1564 712 1902 786 purgandae
1938 712 2394 769 studiosissimus
2415 710 2455 784 3,
2503 714 2568 770 in
2607 732 2770 771 sacra
2809 714 2863 769 d.
2891 712 3065 770 Pauli

573 816 711 871 aede
762 814 961 871 Biblia
1014 814 1338 889 Ulphilana
1388 816 1505 889 legi
1559 814 1822 873 curarit?
1887 816 2018 873 Hoc
2067 816 2256 890 igitur
2306 817 2438 875 ideo
2491 818 2718 887 accidit,
2775 816 2873 876 vel
2925 822 3066 894 quia

572 918 845 992 Ulphilas
876 923 1012 975 ante
1042 918 1273 994 lapsum
1301 940 1472 977 suum
1501 920 1567 976 in
1596 920 1884 977 haeresim
1915 920 2300 997 interpretem
2331 922 2476 996 egit3
2511 922 2607 981 vel
2638 923 2780 999 quia
2803 922 3064 979 Verbum

572 1022 683 1079 Dei
730 1022 893 1079 nullo
938 1024 1107 1081 modo
1154 1028 1487 1099 pervertere
1536 1044 1710 1081 ausus
1749 1029 1851 1082 est.
1901 1024 2182 1083 Gothicae
2216 1027 2514 1083 Versionis
2544 1028 2970 1101 praestantiam
3001 1026 3065 1082 in

573 1148 635 1184 re
666 1128 873 1185 critica
900 1130 1317 1200 commendare,
1368 1148 1865 1204 supervacaneum
1895 1130 2064 1200 foret,
2115 1148 2248 1187 cum
2291 1130 2355 1185 id
2397 1131 2470 1187 ab
2503 1130 2774 1187 omnibus
2815 1129 3066 1186 eruditis

572 1251 690 1289 uno
738 1251 835 1289 ore
883 1233 1269 1306 praedicetur.
1340 1232 1499 1290 Illud
1552 1234 1742 1290 solum
1788 1238 2154 1304 annotamuS,
2211 1253 2338 1291 eam
2383 1234 2542 1291 haud
2590 1253 2774 1308 parvo
2822 1252 3066 1290 numero

571 1335 849 1392 lectiones
879 1336 1111 1406 habere,
1160 1355 1310 1413 quae
1342 1356 1376 1393 a
1406 1338 1625 1410 graecis
1657 1338 1950 1394 codicibus
1997 1338 2352 1395 discedentes
2391 1357 2525 1395 cum
2565 1337 2768 1394 latinis
2807 1337 3061 1406 faciant;

573 1441 729 1496 unde
760 1438 975 1514 passim
1006 1440 1288 1498 sumitur:
1323 1443 1646 1499 versionem
1678 1443 1972 1515 gothicam
2001 1442 2066 1498 in
2089 1442 2308 1499 Moesia
2331 1442 2475 1499 olim
2505 1442 2738 1512 factam,
2773 1446 2973 1517 postea
3004 1442 3066 1496 in

574 1544 755 1600 Italia
784 1546 855 1601 ad
887 1543 1063 1600 fidem
1093 1544 1381 1602 librorum
1410 1546 1732 1603 latinorum
1761 1551 2052 1604 mutatam
2081 1551 2140 1604 et
2169 1547 2549 1605 reformatam
2580 1546 2778 1604 fuisse.

770 1858 827 1935 ξ.
882 1856 1025 1921 101.
1098 1853 1519 1939 Cyrillica
1566 1852 1631 1917 S.
1679 1852 2164 1917 Bibliorum
2211 1854 2864 1939 interpretatio,

783 2070 873 2125 De
904 2069 1096 2125 Sacris
1127 2067 1338 2125 Bibliis
1370 2087 1404 2124 a
1434 2068 1573 2126 divo
1594 2067 1820 2144 Cyrillo
1844 2068 1908 2123 in
1930 2068 2240 2125 Slavorum
2270 2067 2534 2141 linguam
2567 2069 2880 2138 conversis,
2917 2086 3064 2143 quae

575 2194 611 2232 a
642 2174 824 2230 doctis
864 2174 1011 2230 viris
1051 2174 1271 2247 scripta
1310 2175 1465 2242 sunt,
1516 2171 1840 2247 plurimum
1882 2171 2096 2228 mutila
2137 2177 2197 2228 et
2238 2174 2480 2229 obscura
2517 2192 2636 2229 esse
2665 2174 3063 2247 reperiuntur.

536 2263 540 2267 ”
576 2276 743 2339 Quod
776 2277 1069 2354 plerisque
1110 2276 1371 2353 antiquis
1409 2275 1579 2332 libris
1624 2276 1854 2346 accidit,
1903 2294 2152 2353 quorum
2185 2280 2446 2333 auctores
2476 2276 2844 2349 ignorantur,
2895 2281 2966 2334 ut
2994 2278 3066 2333 ab

576 2381 711 2439 aliis
735 2381 850 2437 alio
878 2381 1309 2449 adscribantur3
1335 2365 1491 2436 idem
1515 2383 1573 2437 et
1596 2380 1792 2437 Codici
1819 2380 1990 2437 Sacro
2015 2383 2080 2437 in
2099 2380 2408 2438 Slavorum
2431 2400 2756 2438 sermonem
2775 2380 3066 2438 translato

578 2485 847 2559 contigit.
895 2486 1013 2541 Diu
1046 2485 1203 2541 enim
1235 2486 1303 2541 de
1328 2504 1467 2542 vero
1492 2486 1770 2560 antiquae
1795 2484 2134 2543 Slavonicae
2159 2484 2460 2541 Versionis
2491 2486 2812 2561 interprete
2845 2486 3067 2559 discep-

579 2594 759 2647 tatur.
822 2590 1375 2647 Probatissimorum
1412 2589 1655 2646 interim
1703 2591 1960 2660 testium,
2002 2590 2312 2666 praecipue
2351 2590 2818 2662 domesticorum,
2863 2589 3068 2647 fidedi-

579 2695 711 2767 gnis
764 2694 1178 2765 relationibus,
1236 2695 1512 2753 subnixi:
1568 2695 1738 2753 Slav
1755 2715 1951 2752 orum
2006 2697 2376 2770 Apostolis
2430 2715 2476 2752 s.
2525 2695 2804 2772 Cyrillo
2851 2698 3070 2771 atque

578 2817 623 2854 s.
657 2799 1020 2855 Methodio
1058 2799 1363 2874 primam
1398 2799 1749 2857 slavicam
1781 2799 2219 2857 Divinarum
2257 2800 2668 2857 Literarum
2708 2800 3068 2873 interpre-

580 2903 931 2959 tationem
978 2901 1441 2961 tribuimus4.
1516 2904 1808 2962 Saeculo
1863 2909 1993 2980 post
2043 2904 2345 2961 Christum
2391 2909 2598 2961 natum
2647 2924 2860 2974 non0,
2916 2903 3072 2980 quod

578 3007 931 3064 Hrabanum
952 3008 1246 3080 Maurum,
1280 3009 1653 3086 Haymonem
1677 3009 2246 3067 Halberstattensem
2272 3029 2382 3084 ep„
2409 3009 2804 3067 Walafridum
2829 3009 3070 3065 Strabo-

579 3131 731 3183 nem,
766 3112 1023 3190 aliosque
1049 3113 1107 3170 S.
1130 3113 1188 3171 S.
1216 3114 1465 3172 cultores
1497 3120 1557 3171 et
1585 3115 1937 3189 interpretes
1967 3114 2128 3185 tulit,
2163 3114 2223 3172 S.
2243 3114 2302 3174 S.
2327 3113 2587 3190 Cyrillus
2609 3118 2670 3170 et
2690 3112 3030 3193 Methodius
3051 3109 3074 3147 5

580 3418 735 3462 notas
775 3413 995 3476 adiecit,
1044 3414 1195 3479 queis
1232 3417 1443 3478 praeter
1489 3409 1597 3461 alia
1635 3410 1980 3476 epistolarum
2017 3410 2316 3476 fragmenta
2359 3411 2664 3458 inseruntur
2698 3408 2954 3458 Auxentii
2991 3425 3072 3474 ep.

580 3500 985 3552 Dorostorensis
1036 3503 1070 3549 i.
1121 3517 1167 3550 e.
1218 3499 1587 3560 Silistriensis‚
1644 3513 1784 3563 quae
1837 3498 2090 3562 Ulphilae
2146 3512 2420 3547 erroneam
2476 3496 2542 3546 de
2599 3495 2650 3546 S.
2705 3496 2756 3546 S.
2809 3497 3073 3546 Trinitate

584 3587 877 3636 doctrinam
927 3587 1209 3636 illustrant.
1282 3587 1526 3636 Eandem
1573 3585 1828 3650 Ulphilae
1879 3585 2270 3635 aberrationem
2321 3600 2350 3633 e
2397 3583 2706 3649 fragmentis
2753 3583 3072 3648 dogmaticis

584 3674 701 3723 cod.
728 3675 970 3739 palimps.
995 3673 1363 3724 Bibliothecae
1388 3674 1777 3722 Ambrosianae
1815 3672 2198 3721 demonstravit
2221 3671 2282 3721 G.
2309 3671 2374 3720 L.
2399 3671 2586 3733 Krafft,
2627 3670 2690 3720 de
2717 3670 2846 3720 font.
2873 3668 3072 3720 Ulfilae

582 3761 882 3822 Arianismi,
921 3777 971 3825 p.
1011 3763 1060 3810 4.
1098 3778 1139 3811 s.

794 3848 832 3912 ¹)
872 3848 1077 3908 Quibus
1126 3849 1327 3899 artibus
1365 3848 1433 3897 ad
1470 3847 1882 3897 subvertendam
1919 3845 2062 3910 apud
2113 3845 2316 3895 Gothos
2353 3844 2688 3895 Catholicam
2727 3843 2888 3893 fidem
2927 3859 3072 3908 gras-

584 3939 759 3983 satum
796 3934 971 3996 fuerit,
994 3939 1066 3984 ·et
1104 3950 1264 4000 quam
1290 3950 1449 3999 aegre
1474 3933 1720 3999 Ulphilas
1749 3949 1806 3982 se
1833 3933 2128 3998 expugnari
2159 3947 2350 3998 passus
2377 3933 2462 3993 sit,
2499 3931 2836 3980 tradiderunt
2873 3945 3072 3992 omnes,

585 4022 677 4086 qui
714 4019 779 4069 de
816 4022 975 4070 rebus
1005 4019 1244 4070 Gothicis
1282 4021 1535 4070 scribunt.
1598 4020 1638 4084 ²)
1679 4021 1837 4070 Hom.
1860 4020 2008 4069 VIII.
2034 4019 2084 4069 h.
2110 4036 2162 4069 n.
2191 4036 2236 4069 e.
2261 4035 2313 4068 n.
2343 4021 2389 4068 1.
2415 4017 2536 4080 XII,
2567 4020 2682 4068 731.
2717 4020 2765 4066 2.
2831 4017 2872 4082 3)
2895 4018 2964 4067 V.
2989 4018 3074 4066 Ei.

586 4123 668 4172 ep.
705 4107 847 4158 XIV.
888 4107 957 4156 ad
994 4107 1187 4172 Olimp.
1224 4123 1276 4156 n.
1315 4110 1363 4157 5.
1401 4097 1661 4170 111.,600.
1701 4111 1747 4157 1.
1785 4124 1868 4172 ep.
1897 4106 2109 4156 CCVII.
2146 4122 2288 4156 mon.
2322 4105 2479 4155 Goth.
2517 4123 2568 4171 p.
2609 4106 2724 4155 715.
2763 4119 2805 4154 s.
2867 4105 2910 4167 ⁴)
2951 4103 3074 4154 Sive

582 4193 681 4244 illa
718 4199 987 4260 superstes
1026 4193 1226 4256 adhuc,
1275 4195 1386 4243 sive
1424 4195 1621 4244 amissa
1656 4195 1740 4243 sit.
1803 4193 1863 4243 B.
1901 4195 2154 4258 Kopitar,
2191 4192 2489 4257 Prolegom.
2527 4192 2647 4241 hist.
2682 4193 2740 4242 in
2772 4191 3074 4257 Evangelia

585 4283 785 4332 slavice
811 4309 877 4317 —
904 4296 1041 4330 saec.
1078 4281 1223 4330 XIV.
1250 4309 1316 4316 —
1344 4281 1536 4346 quibus
1564 4280 1687 4330 olim
1713 4282 1768 4329 in
1794 4281 1999 4345 Regum
2023 4281 2351 4330 Francorum
2392 4279 2508 4329 oleo
2548 4293 2702 4328 sacro
2739 4277 3072 4343 inungendo-

584 4385 701 4418 rum
738 4371 857 4431 ritu,
896 4369 971 4417 uti
996 4368 1204 4418 solebat
1227 4368 1477 4418 Ecclesia
1504 4369 1811 4432 Remensis3
1859 4384 1904 4417 c.
1932 4370 1979 4417 6.
2005 4385 2056 4432 p.
2088 4369 2166 4416 77.
2207 4367 2362 4416 dicit:
2405 4365 2747 4427 „Liceat·hic
2784 4369 3072 4415 annotasse

584 4458 876 4506 vanitatem
904 4456 1249 4520 quaestionis,
1290 4469 1356 4505 an
1383 4455 1440 4504 hi
1466 4455 1745 4505 Slavorum
1771 4454 2016 4520 Apostoli
2040 4455 2298 4504 verterint
2333 4458 2502 4503 totum
2527 4453 2825 4503 Bibliorum
2863 4467 3072 4516 corpus.

587 4543 727 4594 Satis
764 4543 870 4593 illis
910 4547 1023 4593 erat
1056 4543 1281 4592 vertisse
1319 4557 1436 4591 eam
1470 4547 1692 4607 partem,
1727 4544 1945 4607 quaein
1972 4541 2164 4592 divinis
2199 4539 2390 4592 officiis
2429 4542 2779 4590 continet-ur.“
2840 4539 2882 4605 ⁵)
2917 4538 3070 4589 Anno

589 4630 800 4694 quidem
836 4645 888 4680 u.
928 4646 969 4680 s.
1008 4631 1126 4679 863.
1165 4645 1217 4694 p.
1258 4628 1316 4678 C.
2219 4617 2227 4621 ¹
