3309 5300
1155 448 1294 499 Leges
1322 446 1480 497 explic.
1510 448 1555 487 S.
1586 445 1847 497 scripturae.
2622 426 2745 493 281

511 750 571 829 ἓ.
624 750 765 815 122.
821 744 939 809 De
982 743 1254 829 lingua
1296 743 1375 807 N.
1423 742 1498 807 F.
1551 741 1861 807 Graeca
1907 738 2493 825 cognoscenda.

465 974 715 1039 Linguae
753 986 980 1038 graecae
1006 972 1313 1033 communis,
1342 984 1479 1036 quae
1505 970 1745 1019 idiomati
1768 969 1909 1019 Novi
1926 969 2254 1017 Testamenti
2281 967 2625 1017 fundamento
2653 972 2748 1029 est,

252 1060 490 1125 vestigia
540 1060 908 1124 reperiuntur:
956 1060 1014 1106 in
1048 1058 1273 1107 vocibus
1310 1061 1363 1106 et
1397 1072 1589 1106 vocum
1637 1056 1820 1104 formis
1870 1056 2101 1104 omnium
2139 1054 2486 1104 dialectorum
2532 1069 2749 1119 graeca·
2829 1066 2836 1070 ·

254 1163 401 1210 rum3
443 1146 727 1195 vocabulis
766 1145 996 1211 antiquis
1037 1158 1179 1194 nova
1214 1142 1601 1209 significatione
1640 1143 1879 1205 donatis3
1917 1143 2139 1191 vocibus
2176 1143 2346 1203 novis,
2386 1156 2524 1207 quae
2561 1157 2749 1191 recens

255 1233 325 1282 ad
363 1233 674 1297 analogiam
712 1236 837 1281 ante
875 1234 981 1281 iam
1020 1230 1233 1280 obviam
1271 1228 1481 1279 effictae
1518 1234 1670 1293 sunt3
1707 1230 1762 1277 in
1799 1229 2070 1278 nominum
2096 1229 2484 1294 verborumque
2521 1228 2750 1278 flexione

252 1319 344 1369 vel
379 1320 673 1384 peculiari3
724 1318 813 1367 vel
849 1333 987 1383 quae
1037 1318 1137 1366 etsi
1188 1316 1318 1366 nihil
1367 1316 1600 1365 anomali
1644 1316 1702 1364 in
1751 1315 2066 1364 formatione
2115 1314 2328 1377 habeat,
2378 1320 2557 1365 tamen
2605 1315 2749 1381 apud

258 1406 525 1471 probatae
564 1406 818 1455 orationis
856 1406 1140 1469 scriptores
1177 1386 1285 1451 non
1320 1407 1639 1466 usurpatus-3
1677 1403 1732 1451 in
1770 1400 2148 1465 orthographia
2183 1417 2482 1467 vocumque
2518 1417 2750 1467 pronun-

258 1494 524 1556 ciatione3
574 1494 633 1541 in
668 1491 947 1542 vocabulis
994 1491 1252 1551 barbaris,
1302 1504 1440 1555 quae
1478 1506 1543 1539 ex
1581 1488 1702 1537 aliis
1748 1488 1942 1553 linguis
1981 1490 2034 1537 in
2072 1502 2320 1553 graecam
2368 1490 2748 1555 immigrarunt.

255 1579 317 1628 Id
358 1580 507 1644 quod
546 1594 580 1628 a
616 1579 827 1627 nemine
870 1578 1141 1627 literarum
1178 1575 1566 1625 Hebraicarum
1616 1580 1670 1624 et
1709 1574 2155 1624 Graecanicarum
2201 1577 2390 1640 perito,
2439 1577 2495 1625 in
2532 1576 2748 1625 dubium

254 1667 438 1715 vocari
474 1671 739 1731 putamus.

470 1753 804 1801 Judaeorum
842 1765 1001 1816 quam
1036 1749 1299 1814 plurimae
1337 1754 1489 1798 erant
1525 1750 1786 1812 notiones,
1839 1764 1978 1814 quae
2016 1765 2138 1799 cum
2175 1764 2208 1798 a
2246 1748 2570 1799 Graecorum
2609 1752 2749 1816 cogi-

259 1839 412 1889 tandi
450 1841 661 1889 ratione
709 1838 869 1903 plane
907 1837 1189 1899 differrent,
1234 1837 1412 1901 iisque
1462 1840 1589 1901 apta
1636 1840 1797 1901 atque
1836 1836 2032 1886 idonea
2066 1836 2233 1885 verba
2267 1838 2496 1886 inveniri
2532 1840 2746 1888 omnino

257 1927 563 1992 nequirent,
602 1927 649 1974 si
684 1925 880 1974 Judaei
917 1938 1109 1989 graeco
1147 1938 1389 1972 sermone
1426 1927 1636 1971 utentes
1675 1922 1898 1971 reddere
1934 1922 2164 1986 vellent3
2204 1938 2270 1971 ea
2306 1928 2576 1988 utcunque
2615 1940 2744 1974 voce

256 2016 567 2075 utebantur,
608 2027 745 2078 quae
782 2012 889 2059 iam
923 2010 1059 2060 alius
1104 2008 1506 2075 significationis
1544 2011 1914 2058 communione
1953 2025 2070 2057 cum
2107 2009 2339 2059 hebraeo
2375 2011 2555 2073 verbo,
2595 2011 2739 2076 quod

254 2102 313 2149 in
365 2105 547 2149 mente
602 2099 900 2160 habebant,
957 2098 1393 2147 coniunctissima
1440 2100 1577 2146 erat.
1646 2097 1760 2145 Eas
1814 2112 1940 2146 vero
1999 2098 2273 2159 notiones,
2323 2112 2463 2163 quae
2517 2100 2744 2163 primum

254 2187 467 2252 Religio
526 2186 725 2235 Christi
780 2184 979 2247 attulit,
1036 2198 1071 2233 a
1118 2184 1324 2249 graecis
1378 2183 1537 2233 rebus
1592 2182 1852 2233 similibus
1909 2183 2223 2251 plerumque
2276 2200 2471 2233 nomen
2521 2187 2745 2235 traxisse

255 2274 523 2323 videmuS.
583 2271 893 2322 Cavendum
928 2273 1089 2337 igitur
1126 2272 1227 2320 erit
1260 2272 1341 2332 iis,
1383 2271 1474 2334 qui
1512 2270 1830 2334 explicando
1869 2270 2054 2319 Codici
2091 2271 2155 2320 N.
2190 2271 2254 2321 F.
2294 2286 2510 2336 operam
2544 2287 2747 2321 navare

256 2363 503 2426 cupiunt,
543 2376 611 2409 ne
648 2360 893 2409 notiones
930 2336 1615 2408 subiiciant‘locutionibus
1642 2355 1696 2405 S.
1722 2357 2006 2406 Librorum
2031 2358 2095 2407 N.
2121 2358 2202 2419 F.,
2242 2372 2453 2423 quae.a
2489 2358 2748 2424 singulari

258 2446 442 2496 indole
492 2445 998 2511 Hagiographorum
1047 2444 1349 2494 abhorrent.
1422 2445 1710 2493 Enimvero
1766 2443 1910 2494 sola
1965 2446 2194 2509 cognitio
2249 2444 2466 2510 linguae
2522 2461 2748 2511 graecae

254 2550 367 2583 non
402 2533 621 2593 sufficit,
660 2532 729 2581 ad
762 2548 976 2582 sensum
1002 2531 1055 2581 S.
1084 2531 1135 2581 S.
1162 2532 1227 2581 N.
1252 2530 1315 2579 F.
1342 2531 1647 2580 eruendum.
1691 2531 1836 2581 Usus
1868 2530 2123 2597 loquendi
2147 2534 2439 2581 communis
2478 2532 2746 2597 explicare

254 2622 443 2686 nequit
474 2635 654 2684 voces,
694 2634 827 2685 quas
865 2618 1103 2684 Scriptor
1126 2618 1178 2670 S.
1217 2633 1358 2668 nova
1392 2617 1555 2684 plane
1598 2617 1986 2684 significatione
2021 2620 2314 2685 usurpavit.
2350 2619 2435 2670 Ita
2458 2636 2508 2669 v.
2537 2636 2580 2670 c.
2620 2620 2747 2686 quid

256 2709 327 2757 sit
375 2704 608 2768 ,,πίστις“
656 2707 808 2756 Rom.
860 2708 915 2768 1,
967 2708 1047 2755 17.
1103 2722 1212 2756 non
1264 2705 1462 2770 pendet
1516 2721 1580 2754 ex
1634 2721 1739 2755 usu
1790 2705 2045 2770 loquendi
2099 2719 2319 2770 graec0,
2381 2707 2477 2756 sed
2531 2699 2745 2756 aliun'de

257 2794 573 2844 discendum
611 2799 707 2844 est.
756 2793 994 2855 Accedit,
1034 2793 1177 2858 quod
1213 2792 1629 2857 Hagiographus
1666 2793 1930 2865 interdum
1965 2794 2020 2841 in
2057 2792 2278 2842 vocibus
2317 2794 2488 2842 obviis
2516 2798 2569 2843 et
2591 2810 2748 2844 usum

254 2881 519 2947 loquendi
565 2880 881 2945 neglexerit3
940 2883 1082 2929 certe
1130 2879 1273 2928 haud
1322 2893 1528 2944 paucae
1577 2880 1912 2948 reperiuntur
1948 2895 2126 2942 voces,
2177 2895 2316 2944 quae
2362 2881 2419 2928 in
2467 2881 2532 2930 N.
2567 2881 2632 2930 F.
2678 2881 2744 2930 de

256 2969 419 3018 rebus
470 2967 815 3029 adhibentur,
866 2966 931 3016 de
970 2967 1162 3031 quibus
1202 2965 1395 3016 Graeci
1442 2966 1547 3016 alio
1586 2965 1850 3015 vocabulo
1896 2968 1976 3015 uti
2021 2966 2290 3029 solebant,
2337 2982 2497 3032 quam
2531 2968 2744 3018 Judaei.

255 3055 543 3104 Enimvero
591 3054 717 3104 licet
762 3054 905 3103 haud
951 3069 1171 3103 necesse
1220 3054 1289 3102 sit
1332 3067 1603 3102 assumere
1640 3052 2051 3118 Hagiographos
2088 3054 2228 3102 Novi
2261 3053 2517 3105 Foederis
2557 3057 2736 3105 omnia

258 3141 493 3190 hebraee
531 3142 1139 3214 cogitassekantequam
1174 3155 1365 3204 graece
1392 3141 1713 3204 scriberent,
1749 3145 1928 3189 tamen
1952 3139 2066 3189 fieri
2091 3141 2344 3204 nequivit,
2381 3146 2444 3190 ut
2466 3145 2744 3207 tantopere

259 3229 325 3278 ab
360 3243 465 3278 usu
499 3227 755 3293 loquendi
790 3227 1021 3277 hebraeo
1061 3227 1445 3289 abstraherent,
1484 3233 1545 3276 ut
1586 3243 1653 3276 ne
1690 3227 1904 3292 quidem
1939 3228 1996 3276 in
2032 3227 2389 3279 locutionibus
2428 3234 2482 3278 et
2517 3230 2740 3279 vocibus

258 3314 593 3376 adhibendis,
633 3314 925 3365 vernacula
962 3331 1143 3364 eorum
1191 3314 1377 3380 lingua
1414 3314 1633 3364 dictioni
1681 3328 1906 3380 graecae
1952 3330 2107 3364 suum
2145 3315 2334 3364 darent
2369 3316 2615 3365 colorem.
2670 3317 2746 3366 Ut

260 3403 397 3450 enim
434 3417 547 3451 non
582 3401 671 3451 ille
710 3418 751 3451 s.
780 3401 828 3452 d.
864 3401 1223 3451 Classicorum
1246 3402 1391 3450 Latii
1427 3417 1596 3466 genus
1634 3401 1870 3490 dicendi⁸
1884 3403 2210 3466 expressisse
2235 3402 2491 3453 dicendus
2518 3408 2613 3465 est,
2653 3405 2745 3468 qui

259 3503 557 3538 sermonem
596 3502 751 3537 suum
789 3488 965 3538 verbis
1004 3488 1321 3553 quibusdam
1359 3487 1597 3538 classicis
1635 3503 1824 3538 ornare
1861 3488 2088 3552 studuit3
2125 3491 2203 3538 ita
2237 3504 2338 3539 nec
2375 3489 2543 3539 oratio
2580 3490 2644 3540 N.
2681 3490 2743 3542 Τ.

257 3590 456 3640 graeca
495 3575 769 3636 „attica⁴‘
810 3575 916 3624 dici
945 3579 1138 3640 potest,
1180 3575 1324 3639 quod
1356 3576 1413 3622 in
1451 3589 1517 3624 ea
1553 3575 1845 3625 nonnullae
1881 3590 2080 3624 voces
2118 3580 2171 3625 et
2205 3576 2455 3626 formae
2493 3577 2744 3626 atticae

256 3664 607 3727 reperiantur.
665 3660 799 3710 Cum
835 3662 901 3710 de
937 3663 1169 3726 puritate
1205 3661 1421 3726 linguae
1458 3662 1522 3710 N.
1560 3662 1621 3711 Τ.
1662 3665 1926 3712 certarent
1962 3663 2168 3725 eruditi,
2207 3663 2276 3712 ab
2314 3667 2542 3729 utraque
2588 3669 2742 3728 parte

256 3753 542 3814 peccatum
580 3753 686 3797 este
731 3763 853 3798 nam
889 3747 1173 3798 multarum
1208 3763 1400 3797 vocum
1436 3746 1871 3814 significationes,
1923 3765 2061 3815 quae
2097 3752 2152 3798 in
2188 3750 2253 3799 N.
2291 3750 2353 3800 Τ.
2390 3753 2740 3816 reperiuntur,

259 3834 479 3884 Graecis
530 3850 810 3900 perperam
844 3835 1150 3885 vindicatae
1198 3839 1350 3899 sunt;
1401 3839 1455 3884 et
1488 3851 1672 3886 rursus
1715 3835 2002 3886 multorum
2037 3836 2422 3886 vocabulorum
2458 3853 2602 3900 usus,
2651 3839 2744 3904 qui

257 3922 401 3986 apud
439 3923 673 3987 optimae
718 3927 877 3972 notae
924 3924 1210 3987 scriptores
1248 3937 1467 3988 graecos
1504 3923 1788 3985 invenitur,
1841 3923 1911 3972 ad
1945 3923 2212 3973 hebraeae
2248 3924 2464 3990 linguae
2506 3924 2742 3975 indolem

255 4009 451 4058 frustra
486 4015 771 4060 revocatus
808 4015 903 4059 est.
950 4008 1324 4072 Apostolorum
1362 4013 1536 4058 aetate
1572 4009 1772 4074 lingua,
1809 4025 1917 4075 qua
1952 4012 2036 4058 usi
2072 4016 2209 4072 sunt,
2249 4025 2444 4076 graeca
2479 4011 2740 4062 nonnulla

258 4097 419 4146 etiam
466 4112 533 4146 ex
586 4095 770 4158 latine,
824 4098 1049 4162 persicO,
1105 4096 1385 4146 rabbinico
1438 4098 1655 4162 recepit.
1730 4097 1850 4156 Qua
1899 4096 1964 4146 de
2011 4112 2070 4146 re
2124 4103 2303 4147 tamen
2357 4098 2445 4148 hic
2497 4099 2738 4164 pluribus

258 4182 529 4248 disputare
564 4198 672 4232 non
710 4183 915 4232 attinet.

464 4269 550 4318 Ad
587 4270 809 4320 fontes
848 4270 988 4334 quod
1026 4271 1232 4332 attinet,
1270 4285 1335 4319 ex
1372 4271 1563 4335 quibus
1600 4286 1729 4320 usus
1764 4270 2018 4336 loquendi
2045 4272 2390 4336 scriptoribus
2416 4273 2480 4321 N.
2501 4273 2562 4321 T.
2589 4272 2739 4321 fami-

256 4356 401 4406 liaris
438 4356 844 4422 cognoscendus
888 4361 969 4406 est
1003 4361 1216 4422 praeter
1240 4353 1432 4406 Libro's
1458 4355 1511 4406 S.
1536 4357 1600 4406 V.
1626 4357 1689 4406 F.
1718 4358 1808 4422 qui
1845 4373 2036 4423 graece
2075 4360 2277 4408 exarati
2311 4359 2593 4421 habentur,
2618 4363 2744 4409 sunt

258 4445 518 4508 priscae
544 4443 608 4492 V.
632 4443 695 4492 F.
726 4444 1355 4508 interpretationes
1394 4459 1695 4510 graecae.
1752 4445 1797 4493 E
1821 4445 1980 4495 nullis
2006 4445 2124 4495 aliis
2149 4446 2298 4495 libris
2323 4446 2561 4511 linguam
2586 4447 2650 4495 N.
2675 4446 2737 4495 F.

156 4519 161 4522 ¹
259 4531 425 4595 magis
463 4528 822 4594 intelligimus,
862 4545 1020 4597 quam
1046 4547 1075 4580 e
1099 4531 1445 4581 versionibus
1470 4531 1569 4580 τῶν
1594 4531 1779 4594 Lxx„
1817 4531 2213 4595 Theodotionis,
2251 4532 2552 4598 Symmachi
2576 4533 2738 4598 Aqui-

258 4615 465 4682 laeque.
504 4617 567 4666 V.
602 4633 655 4684 p.
696 4617 812 4667 157.
864 4616 1091 4668 Multum
1128 4618 1287 4669 etiam
1324 4617 1607 4669 adiuvantz
1648 4618 1918 4691 Josephus
1954 4620 2035 4685 F„
2072 4619 2241 4685 Philo,
2282 4620 2334 4670 S.
2372 4617 2426 4672 S.
2462 4620 2650 4672 Patres
2688 4625 2742 4672 et
