3309 5300
1220 404 1362 457 Leges
1390 405 1547 456 explic.
1579 407 1621 448 S.
1652 407 1919 458 scripturae.
2689 397 2818 462 295

318 577 638 643 Theologie,
676 579 797 629 hist.
834 580 955 629 krit.
994 579 1320 645 dargestellt.
1356 581 1541 644 Leipz.
1581 582 1733 631 1845.
1783 583 1868 631 Ei.
1905 584 2035 633 bibl.
2075 584 2273 633 Comm.
2312 589 2364 634 ii.
2404 584 2454 633 d.
2488 585 2576 633 Pr.
2613 585 2818 635 Jesaia.

316 664 511 729 Leipz.
552 666 704 715 1866.
741 666 875 730 prol.
910 683 965 731 p.
992 668 1040 715 5.
1067 681 1109 715 8.
1157 667 1213 715 H
1224 670 1299 715 {iv
1312 667 1563 729 ernick,
1602 667 1744 717 Einl.
1781 670 1816 718 i.
1843 669 1892 718 d.
1918 669 1979 719 A.
2007 671 2068 719 Τ.
2093 671 2163 731 Π,
2190 673 2238 719 2.
2289 670 2398 720 Erl.
2430 674 2580 721 1844.
2619 687 2669 736 p.
2703 674 2749 721 1.
2776 687 2817 723 s,

316 750 374 799 J.
413 751 617 813 Bade,
656 750 1011 817 Christologie
1049 752 1142 803 des
1179 752 1337 803 Alten
1374 754 1725 804 Testamenta.
1761 754 2004 805 Miinster
2040 758 2189 806 1850.
2228 758 2269 819 1,
2297 759 2483 807 3—48.
2533 758 2623 808 Fr.
2656 759 2816 808 Due-

318 838 693 900 sterdieck,
750 839 815 887 ‹le
869 840 947 887 rei
1000 839 1345 905 propheticae
1395 841 1452 888 in
1506 841 1700 889 Vetere
1755 842 2098 893 Testamento
2155 860 2318 908 quum
2371 846 2652 894 universae
2706 849 2818 894 tum

320 926 632 975 messianae
668 930 861 975 natura
898 926 1087 977 ethica.
1127 926 1447 992 Goettingae
1474 928 1625 977 1852.
1676 927 1740 977 L.
1778 928 1938 978 Rein
1953 929 2052 990 ke,
2090 930 2419 995 Allgemeine
2456 931 2598 981 Einl.
2637 932 2692 981 in
2730 933 2817 982 die

318 1011 782 1077 Weissagungem
830 1013 1210 1063 insbesonders
1256 1014 1315 1063 in
1356 1014 1440 1063 die
1476 1028 1632 1063 mess.
1683 1015 1848 1064 Beitr.
1897 1015 1968 1077 H,
2023 1018 2067 1065 1.
2123 1016 2366 1067 Miinster
2415 1020 2565 1067 1853.
2627 1019 2691 1067 Ε.
2728 1020 2816 1068 W.

316 1098 715 1163 Hengstenb
730 1114 868 1163 erg,
916 1098 1271 1165 Christologie
1308 1100 1401 1149 des
1440 1100 1581 1149 alten
1618 1101 1988 1151 Testamentes
2024 1102 2122 1151 III.
2159 1104 2221 1152 Β.
2259 1106 2308 1152 2.
2345 1104 2408 1153 A.
2445 1104 2626 1153 Berlin
2667 1107 2815 1155 1857.

318 1201 377 1249 p.
413 1188 457 1235 1.
492 1202 534 1235 s.
594 1185 657 1234 A.
693 1184 913 1246 Keith‚
954 1186 1245 1251 Zeugnisse
1280 1187 1368 1236 fiir
1402 1186 1489 1235 die
1523 1186 1814 1251 Erfiillung
1850 1188 1943 1236 des
1979 1189 2388 1254 prophetischen
2427 1190 2816 1241 Schriftwortes

317 1271 408 1321 als
432 1272 679 1321 Beweise
700 1272 789 1320 fiir
812 1272 897 1321 die
922 1272 1376 1338 Zuverliissigkeit
1401 1273 1698 1322 desselben.
1723 1274 2018 1323 Frankfurt
2044 1278 2194 1325 1858.
2247 1275 2305 1325 G.
2331 1276 2392 1325 F.
2416 1276 2590 1337 Keil,
2619 1277 2814 1327 Lehrb.

318 1357 376 1407 d.
412 1358 465 1407 h.
502 1358 558 1407 k.
596 1357 739 1407 Einl.
777 1358 826 1407 d.
863 1356 927 1407 A.
964 1359 1026 1407 T.
1064 1359 1147 1408 ed.
1184 1373 1232 1409 a.
1270 1358 1494 1409 Frankf.
1535 1361 1687 1409 1859.
1726 1377 1776 1425 p.
1818 1362 1934 1409 192.
1972 1377 2014 1410 s.
2076 1361 2344 1424 Oehler,
2389 1367 2442 1411 ii.
2481 1363 2530 1412 d.
2566 1363 2725 1412 Verh.
2765 1362 2814 1412 d.

318 1444 519 1493 alttest.
558 1443 811 1508 Prophet.
849 1461 895 1494 z.
932 1444 1112 1493 heidn.
1148 1444 1375 1494 Mantik.
1413 1446 1549 1494 Tiib.
1592 1447 1740 1495 1862.
1781 1446 1859 1495 Id.
1896 1448 1954 1495 in
1989 1447 2232 1512 Herzogs
2268 1448 2331 1498 R.
2369 1449 2433 1497 E.
2469 1449 2592 1511 XII,
2627 1452 2746 1499 211.
2771 1466 2812 1498 s.

316 1531 412 1579 Fr.
447 1531 520 1579 H.
559 1531 847 1593 Reusch,
890 1531 1085 1581 Lehrb.
1124 1532 1175 1581 d.
1212 1531 1354 1581 Einl.
1391 1533 1425 1581 i.
1465 1532 1515 1581 d.
1549 1532 1612 1581 A.
1652 1534 1713 1581 T.
1753 1533 1836 1583 ed.
1873 1548 1920 1583 a.
1957 1550 2008 1597 p.
2051 1536 2132 1583 76.
2169 1549 2211 1582 s.
2266 1533 2328 1584 A.
2365 1533 2690 1597 Tholuck,
2727 1535 2814 1584 die

314 1617 629 1682 Propheten
674 1634 727 1666 u.
763 1617 877 1667 ihre
912 1619 1356 1683 Weissagungen.
1404 1618 1595 1668 G'otha.
1638 1620 1788 1669 1860.
1851 1618 2140 1669 collectio:
2188 1620 2372 1683 Gess,
2417 1622 2811 1683 Preiswerk,

316 1704 778 1769 Riggenbach,
813 1704 1176 1767 Sartorius,
1205 1703 1662 1769 Stockmeyer,
1689 1722 1731 1756 s.
1757 1710 1795 1755 t.
1814 1707 2075 1771 Vortrage
2101 1708 2191 1756 iib.
2212 1707 2261 1756 d.
2287 1707 2483 1773 Proph.
2509 1708 2632 1757 Bas.
2662 1710 2812 1758 1862.

315 1791 371 1840 J.
396 1791 465 1839 H.
492 1792 729 1853 Kurtz,
754 1808 800 1839 z.
826 1790 1011 1841 Theol.
1040 1791 1086 1840 d.
1114 1791 1379 1841 Psalmen.
1404 1791 1573 1856 Dorp.
1603 1793 1754 1841 1865.
1781 1809 1832 1856 p.
1859 1794 1906 1840 2.
1931 1807 1975 1841 s.
2023 1793 2424 1857 Prophetias
2463 1794 2814 1844 destruunt

318 1882 383 1927 et
416 1883 669 1942 negant
703 1893 779 1927 ex
814 1877 1217 1940 acatholicis
1252 1878 1769 1942 interpretibust
1803 1878 2167 1941 Eichhorn,
2205 1879 2291 1928 die
2319 1879 2467 1930 hebr.
2492 1881 2812 1946 Propheten.

318 1963 465 2013 (ἔδει.
521 1966 813 2014 1816-19.
870 1964 965 2013 De
1003 1966 1243 2026 VVette,
1285 1964 1352 2013 de
1396 1964 1785 2029 Prophetarum
1832 1966 1889 2013 in
1936 1966 2000 2014 V.
2049 1966 2392 2016 Testamento
2443 1972 2496 2016 et
2536 1968 2813 2017 doctorum

318 2049 649 2114 Theologiae
685 2051 744 2099 in
780 2066 825 2099 c.
864 2066 909 2099 e.
948 2051 1171 2113 ratione,
1210 2065 1391 2115 opusc.
1430 2050 1591 2099 theol.
1630 2051 1713 2099 ed.
1752 2049 1930 2099 Berol.
1970 2052 2120 2101 1830.
2158 2068 2210 2115 p.
2250 2053 2540 2102 172-194.
2577 2052 2720 2101 Einl.
2760 2071 2810 2119 p.

319 2138 615 2185 271—276.
674 2137 733 2185 C.
768 2136 831 2185 A.
872 2136 1188 2199 Credner,
1228 2137 1322 2186 der
1357 2137 1593 2201 Prophet
1627 2136 1768 2186 Joel.
1805 2136 1928 2186 Hal.
1970 2139 2119 2187 1831.
2159 2154 2208 2202 p.
2247 2139 2470 2188 52—88.
2519 2140 2607 2188 Fr.
2648 2138 2710 2189 G.
2751 2139 2810 2189 O.

318 2223 650 2284 Umbreit,
680 2223 745 2271 de
770 2222 833 2271 V.
861 2223 922 2271 Τ.
947 2222 1228 2287 Prophetis
1254 2222 1382 2272 clar.
1410 2225 1573 2288 antiq.
1600 2228 1762 2287 temp.
1788 2228 1980 2273 orator.
2013 2223 2264 2274 Heidelb.
2293 2226 2442 2274 1832.
2467 2225 2530 2275 F.
2556 2225 2808 2291 Hitzig,

314 2310 411 2359 der
445 2310 682 2374 Prophet
716 2309 919 2359 Jesaia.
955 2309 1201 2359 Heidelb.
1232 2311 1384 2359 1833.
1418 2326 1471 2374 p.
1498 2309 1974 2358 XXII—XXXIII.
2013 2310 2076 2359 A.
2113 2311 2399 2373 Knobel,
2444 2311 2539 2361 der
2574 2312 2809 2376 Prophe-

306 2397 505 2446 tismus
551 2396 646 2446 der
680 2384 927 2446 Hebraer
962 2412 1011 2444 v.
1050 2395 1374 2461 dargestellt.
1410 2396 1637 2445 Breslau
1677 2398 1828 2445 1838.
1876 2396 1940 2444 F.
1976 2397 2038 2445 B.
2077 2397 2344 2459 Κὸειθτ,
2383 2398 2468 2447 die
2504 2398 2809 2462 Propheten

310 2482 413 2533 des
439 2482 503 2531 A.
523 2498 576 2531 u.
598 2483 663 2531 N.
684 2482 747 2532 Β.
781 2482 921 2531 nach
945 2482 1111 2531 ihrem
1135 2483 1336 2531 Wesen
1360 2482 1471 2531 und
1494 2482 1735 2531 Wirken.
1762 2482 1912 2546 Lips.
1940 2483 2090 2531 1838.
2128 2483 2198 2531 H.
2221 2483 2474 2545 Ewald,
2499 2484 2586 2532 die
2611 2484 2807 2549 Proph.

310 2569 367 2619 d.
408 2569 472 2618 A.
508 2570 569 2619 B.
612 2568 805 2633 Stuttg.
846 2570 996 2619 1840.
1034 2568 1077 2617 Ι.
1116 2568 1250 2633 prol.
1310 2570 1373 2618 E.
1419 2568 1648 2631 Meier,
1700 2567 2018 2618 Geschichte
2056 2569 2151 2617 der
2186 2569 2498 2633 poetischen
2533 2570 2807 2619 National-

306 2657 605 2706 Literatur.
642 2656 826 2721 Leipz.
855 2657 1008 2706 1856.
1043 2673 1096 2720 p.
1122 2657 1416 2704 243-444.
1466 2654 1529 2705 G.
1566 2656 1768 2717 Baur,
1809 2655 2002 2706 Gesch.
2035 2656 2084 2705 d.
2113 2654 2307 2705 alttest.
2344 2657 2607 2722 Weissag.
2635 2656 2806 2708 Giess.

312 2745 473 2792 1861.
507 2743 550 2804 Ι,
578 2745 627 2792 9.
656 2759 697 2792 s.
748 2742 847 2791 His
886 2741 1130 2792 omnibus
1166 2743 1293 2791 viris
1331 2743 1575 2806 pertinax
1611 2742 1809 2792 insidet
1845 2743 2043 2807 opinio,
2084 2742 2149 2791 de
2185 2743 2430 2807 negando
2469 2744 2807 2809 quocumque

310 2830 421 2878 Dei
467 2830 773 2878 interventu
822 2829 1258 2878 extraordinario.
1320 2829 1424 2890 Qui
1472 2829 1637 2878 semel
1680 2831 1756 2878 ita
1798 2829 2164 2891 decreverunt,
2215 2845 2306 2878 eos
2355 2835 2661 2894 praesumta
2709 2846 2809 2880 sua

310 2916 498 2979 opinio
524 2916 773 2965 iubebat:
810 2915 1153 2964 Vaticinia
1188 2915 1267 2964 ad
1290 2915 1628 2964 humanam
1662 2917 1985 2980 originem
2011 2920 2391 2980 contorquere3
2431 2910 2484 2965 et
2507 2917 2806 2981 Prophetas

312 3004 435 3067 pios
472 3003 769 3052 futurorum
805 3017 1088 3068 augures
1129 3002 1319 3051 dicere.
1381 3003 1553 3062 Quam
1592 3003 1897 3066 opinionem
1933 3002 2276 3052 vehementer
2309 3003 2716 3068 improbandam
2753 3009 2808 3054 et

312 3088 663 3138 reiiciendam
689 3104 806 3138 esse
833 3089 989 3138 docet
1010 3089 1270 3154 Apologia
1292 3088 1360 3137 D.
1380 3089 1762 3138 RevelationiS.
1804 3087 1883 3137 Cf.
1909 3089 1998 3138 Fr.
2025 3088 2398 3154 Hettinger,
2425 3088 2684 3154 Apologie
2712 3091 2805 3140 des
2835 3147 2846 3156 ,

316 3174 760 3224 Christenthums.
796 3177 973 3225 Freib.
1004 3177 1153 3224 1863.
1191 3177 1232 3236 I,
1262 3177 1379 3225 582.
1407 3191 1449 3224 s.
1489 3177 1607 3224 682.
1634 3192 1676 3224 s.
1725 3175 2013 3224 Literalem
2044 3191 2273 3237 sensum,
2315 3177 2406 3240 qui
2432 3191 2472 3224 s.
2501 3163 2805 3240 Scri'pturae

314 3262 722 3322 fundamentum
759 3267 854 3324 est,
891 3262 1189 3312 illustribus
1227 3263 1489 3312 vaticiniis
1528 3263 1684 3326 eripit
1721 3263 1878 3310 etiam
1917 3262 1969 3310 J.
2009 3261 2070 3310 O.
2107 3263 2170 3310 K.
2208 3263 2594 3324 Hoffmann,
2632 3263 2804 3313 Weis-

316 3363 529 3414 sagung
571 3349 682 3397 und
717 3347 1019 3414 Erfiillung.
1073 3348 1403 3414 Nordlingen
1443 3350 1593 3398 1841.
1634 3350 1806 3409 1842„
1858 3349 1950 3412 qui
1995 3348 2120 3397 licet
2155 3350 2233 3397 rei
2270 3349 2592 3398 christianae
2629 3350 2804 3397 minus

316 3450 383 3484 ac
418 3437 623 3500 priores
660 3435 989 3496 adversetur,
1042 3435 1257 3484 affectui
1294 3439 1473 3492 tamen
1511 3451 1609 3484 suo
1644 3439 1858 3499 praeter
1893 3435 2154 3484 rationem
2198 3435 2454 3500 indulget,
2505 3435 2734 3500 ideoque
2771 3450 2805 3484 a

316 3537 444 3571 vero
480 3537 589 3572 non
628 3521 793 3571 semel
829 3523 1057 3571 aberrat.

555 3783 617 3860 ξ.
666 3783 809 3846 131.
855 3779 1005 3842 Res
1054 3780 1625 3842 circumiectae
1673 3779 1840 3842 sive
1890 3779 2559 3842 circumstantiae.

524 3971 581 4021 S.
612 3970 958 4035 Augustinus,
998 3971 1063 4020 de
1100 3971 1267 4021 doctr.
1308 3969 1431 4020 Chr.
1468 3971 1565 4032 111,
1606 3973 1655 4020 4.
1694 3988 1746 4035 p.
1785 3973 1868 4020 82.
1905 3970 2182 4035 praeclare
2219 3972 2444 4019 monuit:
2490 3970 2800 4031 „Circum-

318 4058 569 4108 stantia
614 4059 762 4122 ipsa
796 4059 1143 4119 sermonis,
1193 4059 1624 4122 cognoscitur
1671 4049 2069 4120 scriptorum
2116 4057 2451 4105 intentio.“
2516 4056 2668 4117 Quae
2716 4073 2801 4106 res

316 4145 718 4206 circumiectae,
761 4146 876 4195 sive
920 4145 1351 4194 circumstantiae
1391 4148 1680 4194 vocantur:
1731 4143 1986 4192 adiuncta
2033 4147 2181 4204 sunt,
2233 4157 2371 4207 quae
2420 4143 2803 4207 interpretandi

317 4231 517 4280 Textus
557 4231 623 4280 U.
658 4231 722 4280 F.
760 4233 1102 4296 scriptionem
1152 4229 1421 4293 afficiunt3
1475 4245 1638 4294 quare
1687 4245 1796 4278 non
1841 4244 2028 4294 parum
2067 4243 2229 4294 saepe
2265 4229 2335 4277 ad
2371 4228 2801 4294 investigandum

316 4317 599 4367 consilinm
634 4318 929 4367 conferunt.
980 4317 1099 4378 Quo
1125 4317 1281 4382 plura
1305 4317 1443 4366 enim
1479 4318 1557 4366 rei
1591 4317 1866 4367 cuiusdam
1900 4317 2154 4366 adiuncta
2189 4317 2545 4380 undequaque
2584 4317 2802 4380 cognita

317 4410 469 4468 snnt3
496 4420 561 4454 eo
586 4404 783 4454 clarius
810 4404 1127 4469 pleniusque
1152 4421 1237 4454 res
1257 4405 1377 4468 ipsa
1402 4403 1679 4467 explorata
1697 4405 1810 4471 erit.
1836 4403 2151 4452 Praedictae
2175 4407 2352 4452 autem
2379 4403 2799 4451 circumstan-

313 4492 477 4553 tiae,
516 4493 569 4539 si
607 4491 681 4540 de
718 4491 1041 4541 Historiis
1078 4496 1281 4555 agatur,
1321 4491 1702 4555 expendendae
1741 4497 1891 4539 sunt:
1932 4490 2118 4539 locus
2152 4489 2246 4538 ubi
2281 4503 2543 4554 personae
2580 4494 2800 4553 agentes

313 4577 707 4644 loquentesque
744 4579 1001 4628 sistuntur
1026 4582 1079 4626 et
1102 4578 1155 4626 in
1184 4593 1289 4643 quo
1314 4583 1546 4628 moratus
1572 4582 1654 4626 est
1679 4578 1931 4643 scriptor3
1968 4591 2144 4641 neque
2181 4577 2352 4626 minor
2376 4577 2512 4626 ratio
2550 4575 2801 4626 habenda
