3309 5300
550 411 678 480 228
1265 428 1499 470 Comment.
1532 426 1586 469 de
1612 430 1657 469 S.
1679 428 1836 479 Script.
1868 438 1964 479 cap.
1994 440 2082 470 sec.
2111 430 2239 471 tract.
2261 427 2318 470 11.

692 709 753 786 ξ.
796 710 905 773 96.
968 706 1438 771 Instituitur
1481 730 1860 771 recensus
1906 700 2408 792 quarumdam
2455 707 2894 773 editionum

1585 820 2002 904 Vulgatae.

756 1012 893 1061 Utut
910 1017 1088 1061 autem
1108 1010 1513 1077 prudentissime
1540 1016 1758 1061 caveret
1777 1010 2024 1061 Summus
2047 1012 2296 1061 Pontifex
2318 1011 2564 1062 Clemens
2583 1014 2746 1075 VIII„
2774 1030 2842 1063 ne
2865 1013 3054 1079 quivis

546 1099 913 1164 typographus
948 1098 1129 1148 Biblia
1166 1098 1219 1148 S.
1246 1115 1341 1164 pro
1369 1100 1520 1148 libitu
1545 1103 1729 1163 posset
1752 1098 2035 1162 recudere3
2074 1104 2252 1147 tamen
2282 1101 2496 1148 inscitia
2532 1105 2586 1149 et
2618 1102 2827 1149 incuria
2863 1100 3054 1165 plero-

547 1203 788 1252 rumque,
817 1188 909 1251 qui
930 1184 1211 1250 Vulgatam
1233 1186 1375 1250 typis
1400 1200 1583 1234 rursus
1610 1184 2023 1250 descripserunt,
2051 1185 2273 1233 accidit:
2302 1200 2368 1234 ea
2391 1184 2528 1245 loca,
2554 1202 2691 1250 quae
2715 1188 2770 1236 in
2793 1188 3056 1236 Romana

550 1274 783 1323 editione
809 1276 911 1322 iam
940 1273 1254 1322 dexterrime
1282 1277 1523 1321 correcta
1560 1278 1728 1335 erant,
1765 1272 1966 1321 inolitis
2003 1272 2144 1323 vitiis
2183 1273 2464 1336 corrumpi.
2513 1272 2655 1322 Huic
2691 1274 2832 1323 malo
2871 1288 3053 1323 reme-

548 1361 691 1409 dium
719 1358 1145 1408 efficacissimum
1170 1358 1347 1407 attulit
1382 1358 1469 1407 Fr.
1503 1357 1722 1407 Lucas
1758 1357 2145 1423 Brugensis,
2185 1358 2464 1407 Ecclesiae
2493 1357 2824 1409 Cathedralis
2859 1360 3053 1410 Audo-

546 1445 967 1511 maropolitanae
1004 1445 1308 1510 Theologus
1343 1450 1396 1493 et
1418 1446 1690 1507 Decanus,
1729 1446 1820 1510 qui
1845 1444 1993 1494 dedit
2017 1444 2243 1493 collecta
2269 1460 2334 1493 ex
2359 1445 2690 1510 autographo
2731 1447 3052 1507 „Romanae

548 1532 905 1582 correctionis
941 1533 996 1580 in
1033 1532 1243 1581 Latinis
1289 1530 1478 1580 Bibliis
1528 1531 1775 1581 editionis
1815 1530 2079 1595 vulgatae
2125 1532 2275 1580 iussu
2325 1529 2458 1579 Sixti
2492 1532 2556 1582 V.
2593 1535 2879 1597 recognitis
2917 1534 3055 1582 loca

545 1621 885 1684 insigniora.“
936 1620 1095 1667 Antv.
1131 1620 1281 1668 1303.
1321 1634 1386 1667 ex
1422 1617 1511 1667 off.
1548 1617 1725 1667 Plant.
1763 1617 1908 1683 apud
1941 1617 2140 1667 Joann.
2177 1617 2458 1667 Moretum.
2519 1620 2735 1681 „Visum
2772 1626 2855 1669 est
2887 1619 3051 1682 mihi,

546 1707 835 1771 praefatur,
876 1705 1166 1771 expediens
1204 1703 1334 1766 fore,
1372 1709 1431 1753 ut
1456 1703 1696 1754 adhibito
1734 1704 2066 1769 autographo
2104 1704 2364 1766 RomanO,
2404 1705 2708 1771 colligerem
2744 1709 3053 1773 praecipua

548 1799 707 1857 atque
743 1793 1053 1857 insigniora,
1100 1806 1237 1856 quae
1274 1793 1331 1840 in
1368 1791 1471 1840 hac
1506 1791 1799 1841 Bibliorum
1839 1790 2087 1853 editione,
2139 1806 2172 1841 a
2205 1792 2462 1842 Romanis
2503 1794 2754 1843 Patribus
2789 1796 3054 1843 restituta

544 1884 669 1929 sunt
703 1880 853 1928 loca:
892 1885 946 1929 et
980 1880 1219 1928 indicata
1256 1894 1321 1928 ea
1359 1894 1497 1944 quae
1534 1880 1736 1928 reiecta
1767 1884 1848 1928 est
1883 1878 2129 1941 lectione,
2167 1880 2243 1927 ita
2281 1880 2422 1929 clare
2460 1879 2839 1945 distinguerem
2873 1897 3051 1931 unam

544 1967 611 2016 ab
641 1966 825 2029 altera,
864 1970 931 2015 ut
969 1966 1308 2031 deinceps,
1348 1965 1535 2031 inquit,
1569 1982 1753 2016 nemo
1786 1982 1914 2014 non
1945 1965 2122 2015 clare
2158 1965 2546 2031 intelligere
2582 1974 2834 2031 posset,
2869 1984 3051 2033 quae

543 2054 754 2118 proba
790 2054 879 2102 sit
912 2053 1146 2115 lectio,
1185 2068 1351 2119 quae
1388 2054 1702 2118 reproba;
1741 2068 1906 2118 quae
1943 2057 2128 2102 textu
2167 2052 2466 2119 expulsa,
2506 2054 2761 2118 quaein
2788 2059 3051 2103 textum

544 2139 784 2189 Summi
830 2140 1195 2189 Pontificis
1243 2139 1596 2189 Ecclesiae
1644 2142 1914 2205 capitis,
1967 2142 2374 2189 auctoritate
2424 2146 2743 2206 recepta.“
2806 2142 2890 2191 De
2939 2142 3051 2191 hoc

542 2226 967 2292 praeclarissimo
995 2227 1254 2292 opusculo
1283 2227 1457 2277 acath.
1483 2228 1544 2276 P.
1576 2228 1643 2277 de
1679 2227 1947 2293 Lagarde,
1985 2228 2068 2277 vir
2098 2242 2300 2277 summe
2337 2220 2562 2294 κριτικὸς,
2602 2245 2725 2278 vere
2751 2229 3047 2278 iudicavit:

545 2315 645 2373 „ist
682 2315 795 2363 eins
832 2313 925 2363 der
961 2312 1252 2364 seltensten
1286 2313 1397 2364 und
1434 2314 1789 2364 nfltzlichsten
1822 2314 2052 2377 Biicher,
2092 2315 2176 2363 fflr
2212 2314 2296 2363 die
2332 2315 2508 2364 Kritik
2547 2314 2640 2364 der
2673 2315 3046 2367 lateinischen

540 2400 1127 2466 Bibeliibersetzungen
1164 2400 1428 2465 geradezu
1464 2400 1919 2450 unentbehrliclt“
1960 2401 2028 2450 D.
2054 2418 2104 2449 v.
2130 2401 2233 2449 Ev.
2260 2416 2335 2450 ar.
2371 2401 2555 2466 Leipz.
2585 2403 2735 2452 1864.
2773 2420 2826 2467 p.
2851 2402 2953 2451 XI.

750 2488 907 2549 Quod
945 2487 1014 2536 ad
1050 2492 1257 2538 ceteras
1296 2490 1515 2537 attinet:
1554 2488 1637 2537 Ex
1665 2489 1972 2550 innumeris,
2011 2501 2147 2553 quae
2172 2492 2297 2553 post
2323 2488 2744 2538 emendationem
2767 2489 3048 2554 Vulgatae

459 2563 467 2571 ’
544 2573 865 2624 celebriores
925 2576 1201 2639 magisque
1262 2579 1545 2624 accuratae
1607 2574 1868 2623 editiones
1929 2580 2246 2639 procuratae
2303 2580 2428 2623 sunt
2489 2590 2522 2623 a
2576 2576 2700 2625 viris
2755 2575 3049 2626 catholicis

541 2668 754 2727 praeter
802 2663 1329 2724 Plautinianam,
1386 2662 1559 2711 notari
1604 2666 1838 2711 meretur
1885 2662 2004 2723 illa,
2057 2677 2215 2727 quam
2263 2661 2564 2711 excudebat
2610 2663 2829 2712 Parisiis
2882 2666 3047 2713 1662.

541 2749 804 2800 Antonius
840 2747 1025 2799 Vitre
1062 2765 1159 2814 per
1196 2748 1255 2798 C.
1280 2748 1633 2810 Lancelot,
1672 2754 1732 2798 ut
1767 2749 1929 2814 vulgo
1969 2747 2217 2809 creditur,
2257 2747 2544 2811 adornata3
2582 2751 2722 2798 notis
2754 2749 3048 2800 chronolo-

542 2837 675 2901 gicis
713 2836 979 2914 histpricis
1018 2841 1071 2885 et
1106 2834 1478 2901 geographicis
1516 2835 1799 2885 illustrata.
1850 2834 2096 2910 §leterum
2143 2833 2404 2884 editiones
2442 2849 2476 2883 a
2514 2833 2806 2884 Catholicis
2844 2853 3048 2901 procu-

541 2928 702 2986 ratas,
740 2924 808 2973 ab
846 2924 975 2988 ipsis
1012 2923 1134 2972 inde
1170 2922 1553 2988 typographiae
1592 2921 1948 2984 incunabuliS,
1991 2925 2232 2970 recenset
2270 2920 2321 2969 J.
2347 2920 2428 2970 Le
2459 2920 2655 2986 Loug.
2694 2923 2956 2972 Biblioth.
2986 2924 3048 2973 S.

542 3008 623 3058 ed.
673 3015 709 3058 t.
760 3009 821 3059 G.
872 3008 1058 3058 Masch
1107 3008 1231 3057 Hal.
1273 3011 1421 3058 1783.
1473 3009 1551 3071 II,
1600 3011 1684 3059 52.
1729 3027 1771 3060 s.
1833 3009 2254 3074 Diligentissime
2302 3023 2428 3056 vero
2480 3009 2695 3058 easdem
2744 3025 2921 3074 usque
2972 3011 3049 3058 ad

542 3094 903 3145 clementinas
942 3101 1221 3146 enumerat
1258 3095 1316 3146 C.
1341 3096 1768 3159 Vercellone,
1805 3097 1932 3146 Var.
1968 3097 2119 3146 Lect.
2147 3094 2304 3160 Vulg.
2330 3094 2372 3156 1,
2399 3096 2481 3144 96.
2508 3110 2549 3144 s,
2586 3096 2657 3159 ΙΙ,
2685 3099 2768 3145 22.
2797 3114 2840 3146 s.
2889 3099 3050 3146 Inter

538 3184 931 3233 recentissimas
974 3183 1329 3248 vituperanda
1368 3185 1580 3233 omnino
1620 3189 1701 3234 est
1738 3184 1832 3232 illa
1867 3183 1930 3233 L.
1979 3197 2086 3232 van
2133 3182 2312 3231 Essii
2353 3180 2633 3246 Tubingae
2673 3184 2856 3248 1824.;
2899 3200 3047 3248 quae

538 3275 752 3334 praeter
789 3270 1155 3321 distinctiones
1182 3276 1417 3322 monstro
1444 3271 1661 3332 similes,
1703 3276 1755 3320 et
1778 3269 2174 3335 typothetarum
2201 3283 2422 3329 errores,
2459 3268 2717 3319 lectiones
2748 3271 2937 3319 varias
2973 3271 3048 3320 ad

540 3359 829 3422 marginem
852 3358 1019 3422 ipsius
1047 3362 1219 3407 textus
1246 3358 1426 3406 nectit.
1477 3357 1631 3418 Quod
1671 3358 1856 3405 vitium
1893 3358 2029 3406 iuste
2054 3353 2460 3420 reprehenditur
2483 3369 2517 3402 a
2542 3354 2915 3419 Lachmanno,
2957 3358 3045 3406 ed.

537 3443 601 3492 N.
629 3443 690 3492 T.
728 3444 869 3493 Berl.
912 3446 1060 3494 1842.
1098 3443 1231 3510 prol.
1268 3444 1311 3506 I,
1340 3447 1421 3493 26.
1475 3445 1681 3508 Neque,
1720 3448 1780 3492 ut
1818 3435 2103 3506 debuisset,
2142 3447 2440 3511 approbata
2476 3443 2707 3510 quidem,
2744 3445 2804 3492 in
2842 3460 3046 3493 manus

537 3530 923 3593 negotiatorum
974 3545 1002 3578 e
1055 3532 1312 3580 societate
1358 3531 1744 3596 protestantica
1787 3531 2252 3596 propagandorum
2299 3533 2591 3582 Bibliorum
2641 3533 2808 3581 venit.
2881 3532 3045 3592 Quae

536 3631 663 3665 vero
702 3633 769 3664 ex
806 3615 1022 3666 officina
1056 3616 1407 3666 Andreana
1442 3617 1780 3666 Francofurti
1821 3620 1989 3680 1826„
2032 3634 2229 3669 excusa
2262 3620 2472 3684 prodiit,
2511 3618 2710 3668 menda
2744 3623 2800 3667 et
2824 3617 3045 3683 aliquas

537 3703 929 3752 immutationes
968 3703 1145 3753 habet.
1198 3703 1570 3752 commendari
1603 3708 1833 3753 meretur
1861 3704 2020 3755 editio
2059 3706 2622 3756 Ratisbonnensis
2664 3707 2815 3755 1849.
2843 3721 3041 3769 procu-

538 3795 655 3838 rata
691 3805 723 3838 a
759 3789 877 3839 Val.
914 3789 1119 3853 Loch3
1160 3791 1457 3855 approbata
1493 3805 1526 3840 a
1563 3790 1615 3840 S.
1652 3790 1807 3840 Sede.
1845 3792 2030 3841 Nitore
2069 3794 2266 3842 eminet
2301 3793 2462 3843 editio
2500 3793 2945 3841 Taurinensis
2980 3793 3042 3840 in

538 3875 768 3925 Officina
815 3876 1108 3941 Hyacinthi
1156 3875 1472 3939 Marietti,
1524 3891 1666 3927 anno
1717 3879 1866 3928 1851.
1915 3880 2201 3944 impressa3
2252 3896 2413 3945 quam
2461 3881 2650 3930 ceteris
2706 3879 3042 3928 editionibus

535 3967 658 4028 post
696 3961 1021 4013 Clementem
1058 3964 1204 4014 VIII.
1241 3963 1473 4029 vulgatis
1519 3970 1819 4030 praestare,
1865 3981 2019 4015 sacra
2054 3967 2252 4018 Indicis
2290 3967 2674 4032 Congregatio,
2719 3968 2777 4015 in
2815 3966 3040 4016 decreto

538 4048 709 4098 eidem
746 4048 999 4115 praefixe,
1039 4050 1347 4101 declaravit.
1408 4051 1766 4100 Exactissima
1801 4067 1948 4115 cura,
1989 4053 2432 4118 quemadmodum
2471 4054 2725 4103 editorem
2765 4053 3038 4102 eruditum

536 4135 816 4185 Variarum
851 4137 1169 4207 Lectionum
1220 4138 1396 4202 decet3
1448 4143 1723 4202 praestant
1763 4138 1820 4187 C.
1859 4138 2258 4189 Ver-cellone
2311 4139 2522 4200 „Biblia
2559 4139 2726 4189 Sacra
2761 4139 3038 4204 Vulgatae

536 4221 781 4270 editionis
812 4222 945 4271 Sixti
970 4224 1032 4272 V.
1061 4229 1115 4273 et
1140 4224 1430 4274 Clementis
1454 4224 1601 4273 VIII.
1627 4226 1688 4274 P.
1719 4225 1778 4274 P.
1805 4225 1875 4275 M.
1913 4227 2062 4274 iussu
2101 4228 2378 4292 recognita
2413 4233 2574 4292 atque
2609 4227 2770 4276 edita.
2809 4227 3037 4276 Romae.

539 4310 686 4358 1861.
745 4309 909 4373 Typis
946 4326 988 4359 s.
1030 4310 1473 4378 Congregationis
1511 4311 1577 4360 de
1615 4313 1967 4377 propaganda
2003 4312 2155 4362 fide.“
