3309 5300
1231 388 1382 431 Versio
1418 383 1515 432 τῶν
1544 389 1666 429 Lxx.
2585 367 2704 429 177

230 560 306 611 De
333 558 571 630 singulis
618 560 871 627 Veterum,
910 560 1005 629 qui
1041 560 1303 629 Hexapla
1334 562 1714 630 adhibuerunt,
1761 562 2001 631 loquitur
2031 561 2106 614 Μ
2107 568 2214 615 ont
2211 560 2260 629 f
2261 580 2296 615 a
2309 580 2502 629 ucon,
2543 578 2709 630 prae-

232 664 331 716 lim.
374 662 479 730 XI,
510 665 574 719 3.
606 682 663 732 p.
696 664 796 718 74.
846 663 1093 733 Denique
1130 664 1528 719 celeberrimum
1559 665 1703 719 illud
1734 683 1868 735 opus
1900 666 2210 719 Bibliorum
2259 664 2713 737 Oriyenianorum

230 769 467 819 immenso
516 768 707 821 labore
753 768 1064 836 confectum,
1112 787 1223 822 una
1270 788 1386 822 cum
1436 770 1792 838 Bibliotheca,
1835 768 2103 825 Caesarea
2134 800 2217 809 —-
2247 776 2370 839 post
2411 776 2712 839 septennem

232 872 549 925 obsidionem
598 890 649 927 a.
702 874 841 928 653.
892 903 979 913 —
1023 874 1092 925 ab
1138 872 1415 927 Arabibus
1474 880 1789 947 eaepuynata
1835 875 1914 927 ita
1952 873 2162 943 periit,·
2219 880 2278 925 ut
2322 891 2386 926 ne
2431 874 2711 945 vestiqium

233 974 428 1043 quidem
473 976 612 1043 eius,
660 983 719 1029 ut
765 978 835 1029 ab
883 976 1113 1048 Oriqene
1158 978 1541 1031 concinnatum
1587 984 1724 1046 erat,
1770 984 2036 1048 superstes
2081 978 2358 1035 manserit.

420 1099 481 1151 E
505 1099 747 1153 residuis
780 1098 1112 1170 fraqmentis
1144 1116 1180 1153 a
1210 1099 1301 1153 Fl.
1334 1100 1615 1154 Nobilio
1650 1107 1698 1153 et
1731 1100 1943 1153 Drusi
1955 1118 1984 1153 ο
2027 1100 2277 1173 colliyere
2309 1102 2490 1170 ceptis,
2536 1102 2713 1171 operis

235 1202 564 1271 Heoeaplaris
610 1202 875 1272 reliquiae
919 1220 955 1256 a
1000 1174 1379 1272 Montfducon,
1425 1222 1565 1259 mon.
1624 1206 1824 1258 Bened.
1883 1203 1942 1260 G.
1997 1204 2057 1260 S.
2101 1206 2184 1261 M.
2232 1206 2416 1259 multis
2450 1206 2712 1274 partibus

234 1307 425 1378 eyreqie
470 1313 669 1361 auctae
714 1325 833 1360 cum
867 1308 1051 1375 prael.
1098 1316 1147 1363 et
1188 1310 1322 1362 Lem.
1355 1310 1531 1363 editae
1561 1316 1688 1363 sunt
1716 1309 1856 1363 Par.
1892 1310 2076 1363 1713.
2109 1312 2165 1363 2.
2207 1310 2310 1367 vol.
2350 1308 2710 1377 Montefalco-

236 1412 447 1465 nianam
492 1412 785 1466 editionem
828 1412 1067 1481 repetiit,
1137 1412 1516 1483 aliquibusque
1574 1414 1718 1467 notis
1781 1414 2081 1467 illustravit
2151 1412 2209 1469 Ο.
2261 1414 2360 1469 Fr.
2380 1406 2714 1482 ‘Bahrdt,

239 1516 376 1585 Lips.
420 1518 605 1571 1769.
654 1518 839 1570 1770.
886 1516 965 1571 II.
1004 1525 1157 1586 part.
1264 1516 1371 1571 Sed
1431 1536 1626 1590 mayno
1687 1535 1804 1570 cum
1851 1518 2137 1587 dispendio
2183 1520 2364 1573 omisit
2396 1520 2718 1592 fraqmenta

241 1620 498 1675 Hebraica
532 1622 711 1675 literis
740 1622 953 1694 qraecis
984 1622 1274 1691 descripta,
1304 1622 1597 1675 versionem
1622 1623 1907 1691 Latinam,
1941 1630 2098 1693 atque
2127 1624 2328 1677 multas
2359 1626 2606 1679 eruditas
2636 1625 2717 1681 M

240 1728 623 1783 annotationes.
674 1727 1065 1781 Recentissima
1100 1728 1185 1781 ed.
1236 1730 1358 1781 tom.
1404 1727 1461 1781 V.
1496 1735 1545 1782 et
1594 1727 1682 1782 VI.
1717 1727 1875 1797 Oper.
1911 1728 2066 1781 Patr.
2103 1727 2201 1783 Gr.
2234 1729 2362 1783 XV.
2392 1728 2551 1784 XVI.
2583 1730 2720 1785 Par.

250 1830 415 1885 1857.
448 1831 517 1885 Ρ.
554 1832 629 1885 L.
666 1831 735 1886 B.
768 1832 870 1883 Dr
886 1832 1019 1899 ach,
1066 1833 1125 1883 in
1172 1832 1329 1884 titulo
1374 1831 1545 1885 dicit:
1590 1849 1644 1885 se
1676 1850 1812 1901 opus
1845 1832 2235 1903 Oriyenianum
2272 1833 2352 1886 ad
2372 1834 2718 1902 primitivum

244 1934 469 1989 ordinem
512 1953 639 1989 vere
684 1935 1060 2005 Hexaplarem
1103 1936 1399 2005 reduxisse,
1454 1935 1729 1990 erroribus
1775 1953 2121 2007 expuryasse,
2166 1936 2410 2007 notisque
2455 1938 2571 1990 suis
2613 1956 2720 1989 non

236 2039 415 2106 paucis
445 2040 774 2095 illustrasse.
816 2038 925 2093 Sed
948 2040 1106 2093 venia
1137 2041 1263 2093 bene
1295 2040 1473 2093 meriti
1502 2040 1613 2093 viri
1642 2040 1944 2109 dicendum,
1975 2042 2118 2111 quod
2141 2042 2521 2111 Heoeaplorum
2551 2060 2722 2095 nova

246 2148 295 2194 et
333 2144 758 2199 emendatior
803 2144 1019 2198 editio
1066 2146 1447 2197 adhucdum
1494 2146 1960 2215 eoespectanda
2006 2152 2130 2213 est,
2201 2163 2348 2215 spem
2392 2146 2506 2199 eius
2548 2164 2720 2216 prope

253 2248 371 2301 diem
415 2220 759 2322 evulqandae
811 2250 1012 2303 nostris
1070 2249 1257 2303 diebus
1290 2247 1434 2317 feeit
1496 2249 1591 2304 Fr.
1634 2249 1789 2302 Fiel
1800 2250 1837 2301 d
1883 2249 2118 2320 Anqlus‚
2179 2251 2366 2308 monit.
2417 2252 2493 2303 ad
2541 2250 2720 2303 Otium

254 2353 577 2422 Norvicense,
609 2356 721 2407 sive
753 2360 876 2411 tent.
904 2354 969 2406 de
998 2354 1152 2423 reliq.
1179 2354 1316 2424 Aqu.
1342 2352 1545 2424 Symm.
1577 2353 1772 2408 Theod.
1807 2372 1834 2407 e
1865 2354 1900 2407 l.
1931 2372 2040 2424 syr.
2071 2356 2130 2407 in
2160 2374 2241 2426 qr.
2278 2364 2509 2410 convert.
2547 2354 2719 2412 Oxou.

254 2459 407 2513 1864.
469 2459 563 2512 Ad
610 2460 823 2512 labores
856 2458 1279 2525 Montefalconii
1324 2458 1633 2511 additiones
1678 2459 1898 2511 dedere:
1946 2458 2014 2515 G'.
2053 2460 2121 2515 L.
2158 2458 2409 2529 Spokn,
2455 2460 2726 2513 Jeremias

253 2568 383 2616 vates
425 2582 450 2617 e
494 2564 741 2617 versione
784 2564 1123 2617 Judaeorum
1168 2562 1322 2617 Alex.
1356 2581 1423 2616 ac
1451 2564 1549 2617 rel.
1581 2564 1812 2631 interpr.
1845 2564 2287 2634 ,qr-..emendatus
2345 2564 2504 2633 Lips.
2543 2566 2726 2616 1794.

255 2667 343 2743 vol.
366 2669 441 2725 ΙΙ.
464 2688 508 2725 c.
537 2669 636 2723 Fr.
660 2669 726 2726 A.
754 2668 824 2724 G.
850 2667 1051 2738 Spohn.
1076 2670 1253 2725 1824.
1286 2669 1362 2725 Η.
1394 2667 1597 2735 Owen,
1630 2670 1857 2739 enquiry
1881 2670 1940 2721 in
1964 2676 2016 2722 to
2042 2671 2124 2722 the
2147 2676 2363 2738 present
2393 2677 2529 2723 state
2553 2671 2620 2738 cf
2643 2672 2728 2724 the

259 2771 417 2829 LXX.
460 2774 680 2828 version
724 2773 792 2841 of
828 2775 910 2826 the
957 2773 1018 2829 O.
1058 2773 1117 2827 T.
1152 2774 1333 2827 Lond.
1366 2774 1544 2827 1769.
1594 2773 1684 2828 Ei.
1724 2771 1957 2827 Critical
1985 2773 2364 2843 disquisiticns
2403 2775 2726 2845 containin9

256 2891 379 2929 some
418 2879 683 2945 remarks,
752 2878 797 2934 Ι.
862 2895 930 2930 on
991 2877 1255 2930 Masius's
1300 2876 1503 2930 edition
1550 2876 1618 2945 of
1653 2878 1736 2930 the
1797 2879 1931 2931 book
1974 2877 2044 2945 of
2077 2878 2281 2945 Josua,
2351 2880 2467 2931 and
2527 2879 2608 2933 II.
2656 2897 2725 2931 on

260 2978 464 3053 Oriqens
510 2983 830 3038 celebrated.
878 2983 1160 3052 Hexapla.
1210 2983 1282 3036 ib.
1322 2983 1499 3037 1784.
1554 2981 1611 3038 J.
1663 2981 1732 3037 G.
1772 2981 2298 3054 Scharfenbery,
2344 2983 2626 3037 animadv.
2674 3001 2724 3052 q.

250 3082 439 3156 fraqm.
496 3087 647 3142 Vers.
677 3105 762 3160 qr.
804 3087 863 3142 V.
892 3105 934 3142 s.
978 3105 1016 3140 a
1060 3087 1129 3144 B.
1162 3085 1593 3154 Montefalconio
1640 3087 1864 3140 collecta
1907 3087 2106 3142 illustr.
2138 3089 2336 3140 emend.
2371 3087 2530 3156 Lips.
2565 3087 2612 3142 Ι.
2643 3087 2724 3141 ΙΙ.

263 3190 425 3243 1776.
477 3193 647 3246 1781.
724 3192 875 3245 Huic
916 3191 1144 3244 consilio
1178 3196 1404 3260 praeter
1448 3190 1736 3245 editionem
1783 3189 2066 3257 Danielis,
2135 3207 2274 3260 quae
2320 3189 2487 3258 facta
2549 3196 2624 3242 est
2689 3209 2726 3242 a

260 3291 481 3350 Simeone
517 3297 585 3350 de
614 3295 909 3368 Maqistris
939 3314 987 3354 v,
1016 3313 1079 3365 p.
1111 3297 1233 3350 115.
1265 3296 1417 3363 159.,
1464 3295 1773 3348 Romanam
1805 3302 1856 3348 et
1877 3293 2285 3363 .Tisclzendorfii
2317 3293 2730 3358 Octateuchum‚·

260 3397 511 3468 imprimis
542 3401 769 3455 inservit
798 3399 1016 3454 versio
1047 3399 1349 3471 Syriaca
1378 3400 1443 3452 H
1447 3400 1698 3469 eoeapla
1713 3400 1838 3468 ris,
1874 3401 2027 3453 cuius
2055 3417 2081 3453 e
2106 3401 2286 3454 codice
2315 3399 2726 3470 syriaco-hema-

262 3504 395 3570 plari
433 3504 1221 3560 Ambrosiam-mediolanensi
1255 3511 1471 3575 partem
1519 3505 1720 3576 Proph.
1765 3503 1958 3558 Jerem.
2007 3511 2057 3557 et
2101 3505 2284 3559 Ezech.
2333 3505 2729 3574 amplectentem

264 3609 415 3664 edidit
442 3611 528 3666 M.
560 3613 620 3666 N
628 3611 821 3665 orber
829 3629 879 3681 9.
913 3610 1091 3664 Lond.
1120 3609 1279 3664 G'otlz.
1308 3611 1491 3664 1787.
1516 3609 1742 3663 Daniel.
1767 3627 1868 3663 sec.
1895 3609 1976 3664 ed.
2003 3609 2184 3662 LXX.
2217 3626 2283 3662 ex
2319 3609 2592 3677 Tetraplis
2619 3610 2728 3661 des.

266 3731 320 3766 em
342 3718 449 3771 cod.
492 3717 637 3787 Syro
668 3715 1029 3786 Estranylzelo
1061 3715 1143 3767 ed.
1184 3712 1241 3770 0.
1272 3714 1372 3766 Bu
1383 3721 1581 3785 qatus
1625 3713 1853 3768 Mediol.
1889 3714 2074 3768 1788.
2129 3713 2260 3766 Item
2308 3713 2486 3766 eodem
2531 3711 2732 3765 editore

270 3819 475 3878 Psalmi.
532 3823 607 3876 ib.
642 3821 826 3874 1820.
895 3813 1108 3888 Δανιὴλ
1136 3834 1188 3872 κ.
1218 3835 1265 3872 τ.
1298 3812 1452 3886 Ἑβδ.
1500 3836 1527 3870 e
1572 3818 1752 3871 codice
1803 3815 2060 3871 Chisiano
2102 3823 2224 3886 post
2273 3815 2600 3890 Sequarium
2647 3818 2730 3871 ed.

268 3941 351 3979 sec.
378 3944 518 3980 vers·
556 3924 715 3996 Syro.
750 3924 985 3992 Hexapl.
1021 3923 1095 3978 H.
1127 3923 1191 3978 A.
1227 3923 1389 3976 Halm
1422 3923 1577 3991 Lips.
1613 3924 1798 3980 1845.
1831 3922 1890 3976 J.
1926 3922 1991 3976 F.
2027 3920 2484 3988 Schleussner,
2531 3939 2617 3990 op.
2653 3937 2728 3972 cr.

270 4029 333 4080 ad
374 4049 501 4087 vers.
546 4050 635 4102 qr.
697 4030 754 4084 V.
807 4030 863 4082 T.
901 4036 1044 4098 pert.
1090 4029 1248 4098 Isips.
1290 4029 1465 4082 1812.
1513 4028 1581 4083 L.
1622 4026 1724 4080 IV.
1759 4027 1892 4098 Req.
1941 4025 2416 4096 syro-hexaplam‘s
2461 4043 2600 4095 spec.
2647 4025 2731 4078 ed.

271 4131 475 4190 Hasse.
523 4136 649 4191 Jen.
686 4136 871 4188 1782.
926 4131 1168 4186 Continet
1204 4133 1544 4200 particulam
1590 4149 1635 4185 c.
1676 4133 1730 4186 9.
1771 4148 1892 4183 mss.
1930 4129 2114 4184 Paris.
2158 4148 2211 4185 n.
2245 4133 2301 4184 5.
2337 4129 2480 4199 quod
2517 4129 2736 4198 primus

271 4241 445 4306 reperit,
489 4239 880 4309 descripsitque
924 4238 991 4291 P.
1025 4236 1081 4292 J.
1114 4238 1354 4305 Bruns,
1399 4236 1460 4288 in
1504 4235 1829 4289 Eichhornii
1876 4233 2193 4304 Repertorio
2235 4233 2386 4301 VIII,
2418 4235 2521 4287 85.
2557 4250 2598 4288 s.
2631 4232 2734 4300 IX,

276 4342 386 4396 157.
416 4363 455 4399 s.
503 4345 577 4414 X,
620 4347 719 4400 58.
750 4363 793 4398 s.
846 4342 1175 4411 Perfectius:
1224 4340 1403 4394 Codex
1446 4338 2052 4411 Syriaco-Hexaplaris
2097 4339 2164 4391 L.
2211 4337 2315 4391 IV.
2363 4337 2494 4407 Rey.
2543 4323 2597 4388 e⁴
2618 4337 2734 4389 cod.

279 4444 393 4500 Par.
420 4448 555 4504 Isai.
589 4449 727 4518 XII,
751 4449 950 4518 proph.
986 4447 1114 4500 min.
1148 4447 1309 4501 Prov.
1333 4446 1458 4500 Job.
1486 4443 1640 4498 Cant.
1690 4443 1906 4509 Threni,
1937 4443 2291 4495 Ecclesiastes
2317 4459 2343 4492 e
2367 4439 2481 4495 cod.
2508 4440 2736 4494 Mediol.

278 4549 345 4604 ed.
384 4553 452 4610 H.
495 4550 993 4620 Middeldorpf.
1042 4551 1225 4604 Berol.
1260 4552 1445 4604 1835.
1496 4552 1556 4604 2.
1587 4548 1691 4603 vol.
1735 4549 1805 4602 L.
1841 4548 1909 4602 L.
1944 4545 2204 4599 Judicum
2249 4551 2299 4598 et
2347 4545 2495 4598 Ruth
2523 4563 2566 4600 s.
2599 4562 2734 4598 vers.

364 4655 552 4707 Danko.
582 4659 700 4700 nist.
734 4655 1029 4696 Revelationis
1057 4655 1244 4694 divinae.
1274 4654 1351 4694 ΙΙΙ.
2364 4645 2426 4696 12
