3309 5300
1184 396 1247 436 De
1272 395 1493 438 codicibus
1517 407 1619 438 mss.
1648 397 1701 438 N.
1733 399 1783 439 Τ.
2129 439 2132 442 .
2601 387 2726 451 115

448 567 613 617 Facta
652 573 734 618 est
772 583 819 618 a.
861 571 1010 620 1669.
1050 570 1263 621 collatio
1316 585 1349 621 a
1384 573 1810 622 Bartoloccio
1849 573 1917 622 ad
1955 574 2036 623 ed.
2074 573 2193 623 Ald.
2235 576 2414 639 1518.;
2471 581 2523 626 et
2559 576 2730 627 altera

269 658 397 704 iussu
443 659 493 702 et
538 657 801 705 sumtibus
849 657 913 705 R.
952 659 1250 722 Bentley
1295 673 1341 707 a.
1383 661 1532 708 1726.
1571 675 1604 708 a
1638 659 1910 709 Micone
1960 661 2028 709 ad
2077 661 2158 710 ed.
2201 661 2418 727 Argent.
2460 664 2609 712 1524.
2661 664 2727 713 ab

268 744 451 791 Abbate
497 740 812 807 Rulotta3
859 746 1087 808 repetita
1135 761 1231 809 per
1279 745 1416 799 And.
1460 747 1636 808 Birch,
1685 749 1741 795 in
1791 747 1913 796 edit.
1950 748 2160 813 Evang.
2209 765 2327 798 cum
2363 765 2472 800 var.
2513 765 2546 801 a
2579 756 2730 801 textu

267 830 368 878 lect.
404 828 511 876 cod.
549 844 677 877 mss,
724 829 853 879 bibl.
892 831 1012 880 Vat.
1050 831 1269 881 Barber.
1306 834 1559 882 Laurent.
1599 833 1826 882 Vindob.
1863 834 2052 884 Escur.
2091 835 2268 885 Havn.
2306 852 2444 886 vers.
2482 853 2584 901 syr.
2622 844 2727 887 vet.

264 915 430 965 Philox
471 919 522 962 et
558 915 772 965 Hieros.
812 919 1072 967 sumtibus
1120 920 1281 983 reg-iis
1330 921 1590 969 adornata
1636 921 1814 970 Havn.
1855 923 2032 984 1788.;
2086 928 2246 988 atque
2291 925 2347 972 in
2382 925 2558 975 Variis
2607 925 2727 975 lect.

265 1004 321 1051 ad
354 1007 470 1051 text.
507 1000 626 1051 Act.
668 1004 770 1068 Ep.
810 1003 962 1053 Cath.
1004 1011 1055 1054 et
1090 1005 1246 1054 Pauli
1283 1008 1353 1056 ib.
1396 1009 1543 1057 1798.
1584 1008 1651 1056 ad
1690 1011 1815 1057 text.
1852 1007 2072 1073 Apocal.
2111 1011 2181 1059 ib.
2223 1011 2373 1060 1800.
2413 1011 2481 1060 ad
2519 1013 2613 1060 Ev.
2653 1010 2725 1061 ib.

266 1092 396 1139 1801.
440 1089 633 1138 Birch
674 1090 869 1140 codicis
898 1092 1019 1140 Vat.
1046 1093 1108 1140 B.
1136 1121 1201 1128 —
1230 1109 1385 1157 quem
1424 1094 1599 1143 demto
1637 1095 1820 1143 Lucae
1855 1095 2186 1160 Joannisquc
2221 1097 2522 1162 Evangelio
2560 1103 2727 1147 totum

264 1175 473 1226 contulit.
500 1205 566 1212 —
594 1177 1006 1242 descriptionem
1034 1182 1309 1243 proposuit
1346 1185 1399 1229 et
1443 1183 1617 1230 varias
1654 1181 1914 1230 lectiones
1953 1182 2205 1232 exhibuit.
2256 1184 2600 1233 Lectionibus
2637 1184 2725 1234 vel

264 1279 345 1313 sua
390 1278 546 1328 opera
596 1263 687 1313 vel
738 1264 979 1314 officiosa
1028 1267 1275 1316 comitate
1312 1266 1374 1315 A.
1413 1269 1575 1316 Maii
1619 1269 1908 1333 acquisitis,
1955 1271 2130 1318 varias
2166 1269 2424 1320 lectiones
2461 1273 2727 1320 recensuit

264 1352 314 1400 C.
346 1350 705 1413 Tischendorf,
745 1367 869 1401 ann.
908 1351 1054 1402 Stud.
1087 1369 1137 1400 u.
1177 1354 1310 1403 Krit.
1351 1355 1501 1404 1847.
1539 1371 1590 1418 p.
1622 1357 1735 1403 133.
1763 1371 1833 1418 s.;
1873 1357 1964 1419 qui
2001 1357 2162 1405 etiam
2197 1356 2332 1406 Nov.
2371 1357 2515 1406 Test.
2552 1359 2724 1407 Vatic.

262 1428 543 1502 propediem
580 1438 847 1487 edendum
885 1439 1125 1503 spondet.
1166 1439 1323 1489 Car-d.
1362 1440 1423 1489 A.
1463 1440 1704 1502 Maius,
1747 1443 1976 1501 „cuius
2013 1442 2398 1492 indefessis
2435 1444 2723 1506 studiis,

260 1526 437 1574 fatente
472 1525 589 1588 ipso
628 1525 997 1588 Tischendorf,
1037 1526 1117 1575 ed.
1158 1543 1228 1576 cr.
1266 1528 1383 1576 VH.
1422 1545 1490 1576 m.
1528 1526 1660 1592 prol.
1699 1543 1748 1591 p.
1789 1529 1924 1589 267„
1972 1528 2177 1578 multa
2214 1529 2537 1579 debentur
2571 1530 2724 1579 lite-

262 1627 457 1660 rarum
506 1614 995 1675 patristicarum
1049 1615 1483 1676 incrementa,
1538 1629 1710 1678 quae
1758 1616 1825 1663 in
1873 1631 2008 1664 rem
2057 1618 2374 1666 criticam
2428 1618 2723 1666 nondum

263 1714 554 1748 conversa
602 1703 822 1764 sunt“;
872 1716 905 1749 a
954 1702 1169 1750 summis
1206 1701 1264 1753 P.
1303 1701 1361 1749 P.
1399 1702 1620 1750 Leone
1657 1701 1795 1762 XH„
1839 1701 1954 1750 Pio
1991 1701 2155 1764 Vm„
2207 1701 2525 1768 Gregorio
2563 1704 2722 1765 XVI.,

262 1785 380 1834 PIO
414 1787 506 1835 IX.
534 1816 599 1823 —
627 1803 814 1852 quem
847 1787 1024 1837 Deus
1071 1789 1384 1852 sospitem
1436 1787 1551 1836 diu
1588 1788 1849 1836 servet!
1892 1816 1955 1824 -
1993 1790 2154 1837 totius
2193 1789 2389 1838 codicis
2425 1791 2721 1850 Veteris,

264 1875 393 1923 cuius
410 1875 515 1923 iam
535 1874 858 1939 exemplaria
884 1875 1105 1923 deerant
1124 1880 1175 1923 et
1192 1875 1331 1924 Novi
1355 1865 1700 1936 Testamenti,
1727 1876 1813 1924 cui
1833 1874 2051 1924 editioni
2073 1875 2218 1925 Sixto
2238 1878 2350 1925 vita
2375 1892 2550 1926 comes
2578 1877 2721 1925 defe-

263 1967 400 2022 cerat,
435 1960 851 2026 publicationem
876 1961 1053 2010 facere
1079 1963 1254 2011 iussus
1280 1966 1377 2012 est.
1414 1963 1479 2010 V.
1506 1961 1672 2026 praef.
1704 1962 1746 2024 Ι,
1773 1963 1856 2010 23.
1908 1962 2058 2022 Quae
2084 1961 2427 2026 plurimorum
2452 1965 2590 2012 votis
2615 1965 2722 2012 iam

262 2048 337 2096 diu
370 2047 703 2113 cupidissime
742 2050 1103 2112 expetebatur.
1146 2047 1390 2098 Absolvit
1427 2063 1544 2097 eam
1576 2048 1787 2112 quidem
1825 2050 1931 2096 iam
1965 2063 2106 2097 anno
2138 2050 2302 2111 1838.,
2341 2054 2574 2099 attamen
2612 2051 2720 2099 fato

261 2140 545 2199 praereptus
572 2151 756 2184 mense
777 2135 1074 2199 Septembri
1097 2136 1262 2196 1854„
1288 2134 1613 2200 vulgandam
1637 2133 1853 2200 reliquit
1877 2136 1990 2183 viro
2016 2134 2214 2206 inclyto
2238 2135 2296 2184 C.
2321 2136 2720 2185 Vercellone

262 2221 367 2270 sod.
402 2222 554 2270 Barn.
611 2221 816 2271 Prodiit
851 2223 907 2270 in
943 2221 1216 2286 publicum
1254 2237 1294 2270 s.
1332 2227 1367 2270 t.
1409 2222 1646 2282 „Vetus
1699 2226 1759 2270 et
1805 2220 2050 2270 Novum
2087 2221 2607 2271 Testamentum
2645 2239 2720 2272 ex

262 2310 713 2373 antiquissimo
756 2307 998 2357 Codice
1036 2309 1361 2358 Vaticano
1412 2308 1630 2357 edidit
1665 2306 1728 2356 A.
1765 2307 1982 2356 Maius
2021 2307 2071 2357 S.
2107 2307 2170 2358 R.
2206 2309 2272 2358 E.
2313 2308 2506 2358 Oard.
2543 2307 2720 2358 Rom.

263 2398 393 2445 1857.
426 2397 587 2445 Vetus
614 2396 1015 2444 Testamentum
1052 2399 1086 2443 t.
1114 2395 1301 2444 I—IV.
1338 2396 1548 2445 Novum
1586 2400 1765 2444 autem
1788 2395 1853 2444 V.
1892 2400 2032 2444 tomo
2072 2397 2386 2445 continetur.
2440 2395 2526 2444 Ad
2563 2394 2721 2444 fidem

262 2483 481 2532 editionis
527 2483 803 2532 Romanae
852 2483 916 2532 N.
954 2482 1014 2530 T.
1054 2484 1352 2531 accuratius
1406 2484 1719 2546 impressum
1768 2487 1848 2531 est
1895 2482 2066 2531 Lond.
2107 2482 2258 2532 1859.
2311 2487 2363 2531 et
2396 2483 2544 2546 Lips.
2584 2497 2629 2530 e.
2669 2497 2717 2531 a.

260 2570 413 2633 Atque
457 2570 547 2618 ubi
595 2568 693 2618 Ph.
732 2570 1103 2618 Buttmann
1156 2568 1446 2618 intellexit:
1506 2574 1796 2628 „textum
1844 2569 2256 2617 Vaticanum
2303 2569 2718 2633 integritate

260 2662 578 2721 tantopere
617 2673 840 2707 omnes
880 2656 1175 2717 codiceS,
1227 2659 1337 2721 qui
1385 2661 1590 2705 totum
1634 2656 1773 2705 fere
1809 2657 1875 2707 N.
1911 2656 1972 2705 T.
2012 2655 2502 2721 amplectuntur
2537 2672 2721 2720 supe-

260 2759 418 2806 rare,
474 2748 540 2793 ut
599 2759 773 2793 unus
834 2743 959 2793 ille
1023 2743 1236 2793 codex
1297 2743 1744 2804 tantumdem,
1812 2760 1891 2792 ne
1953 2743 2174 2792 dicam
2234 2743 2419 2808 pluS,
2479 2742 2720 2792 valere

260 2830 560 2891 videatur,
600 2835 914 2895 quantum
952 2846 1169 2879 omnes
1206 2830 1347 2891 alii,
1399 2846 1559 2895 quos
1595 2831 1907 2880 habemus
1946 2832 2420 2893 coniunctim“;
2473 2831 2528 2878 in
2566 2830 2719 2879 ador-

260 2917 417 2965 nanda
448 2916 614 2966 altera
652 2917 885 2967 editione
921 2918 984 2967 N.
1011 2917 1072 2966 T.
1110 2934 1185 2982 gr.
1212 2918 1357 2981 Lips.
1388 2918 1536 2966 1860.
1576 2917 1980 2967 fundamentum
2016 2917 2217 2966 Textus
2255 2916 2426 2966 solum
2465 2916 2718 2965 Codicem

260 3004 549 3053 Vaticanum
595 3005 789 3068 posuit.
849 3002 929 3052 Cf.
968 3004 1032 3053 ei.
1071 3003 1213 3052 vind.
1252 3005 1308 3052 in
1344 3018 1467 3053 ann.
1506 3003 1654 3053 Stud.
1693 3020 1744 3053 u.
1775 3004 1914 3053 Krit.
1954 3004 2104 3053 1860.
2152 3019 2203 3068 p.
2243 3004 2362 3052 341.
2400 3018 2442 3051 s.
2507 3002 2720 3051 Consti-

260 3095 411 3140 tuerat
442 3090 651 3140 Maius
690 3091 948 3140 adornare
987 3090 1272 3139 editionem
1302 3105 1453 3139 suam
1489 3092 1956 3155 praestantissimis
1983 3090 2363 3139 Vaticanorum
2403 3089 2516 3138 cod.
2555 3089 2717 3137 variis

260 3176 573 3240 lectionibus3
630 3178 725 3227 sed
774 3183 1045 3227 crescente
1097 3178 1383 3227 immodica
1434 3178 1682 3248 editionis
1736 3176 1900 3239 mole,
1961 3181 2160 3226 mutato
2217 3174 2463 3237 consili0,
2518 3175 2719 3224 nudum

260 3262 521 3311 Bibliorum
546 3264 774 3313 Textum
797 3265 937 3329 typis
965 3264 1371 3313 exscribendum
1394 3264 1642 3327 suscepit.
1673 3262 2014 3326 Prophetiam
2037 3261 2343 3310 Danielis
2371 3276 2399 3310 e
2425 3261 2517 3309 Th
2533 3261 2718 3310 eodo-

260 3350 439 3399 tionis
472 3352 907 3415 interpretatione
931 3351 1227 3415 profectam
1252 3350 1465 3399 exhibet
1487 3351 1579 3411 IV,
1605 3352 1723 3399 330.
1751 3365 1818 3412 s.;
1859 3349 2040 3398 addita
2063 3349 2284 3414 insuper
2318 3349 2561 3397 versione
2597 3341 2720 3397 κατὰ

259 3432 354 3493 τοὺς
388 3432 427 3484 0
476 3452 503 3485 e
549 3436 734 3485 codice
773 3435 1025 3485 Chisiano
1074 3436 1275 3485 Romae
1329 3437 1479 3484 1772.
1518 3435 1784 3501 evulgata.
1835 3435 1925 3496 IV,
1965 3436 2082 3483 373.
2121 3450 2162 3483 s.
2222 3434 2442 3483 Praeter
2477 3432 2716 3494 lacunas,

261 3537 456 3585 quarum
478 3524 533 3571 in
559 3537 725 3571 causa
761 3522 1067 3587 deperditae
1104 3523 1444 3571 membranae
1481 3522 1646 3583 fuere,
1685 3521 1948 3585 quaedam
1978 3521 2378 3585 reperiebantur
2403 3534 2436 3568 a
2459 3521 2716 3583 scriptore

260 3609 405 3671 primo
440 3608 521 3657 vel
558 3608 685 3657 data
721 3622 899 3671 opera,
935 3606 1025 3656 vel
1058 3607 1419 3671 imprudenter
1456 3609 1677 3671 omissa3
1717 3622 1856 3671 quae
1892 3622 1922 3656 e
1958 3606 2254 3671 vulgatis
2304 3606 2716 3654 editionibus

260 3694 315 3741 in
347 3709 509 3743 suam
546 3695 801 3758 recepit
835 3693 1060 3743 Maius.
1110 3694 1173 3741 E.
1202 3709 1250 3757 g.
1290 3693 1457 3742 Exod.
1486 3696 1568 3755 26,
1596 3695 1679 3741 12.
1706 3692 1788 3742 21.
1825 3694 1986 3742 Deut.
2017 3694 2097 3753 12,
2125 3694 2207 3741 27.
2246 3692 2336 3740 IV.
2363 3692 2494 3756 Reg.
2521 3692 2604 3752 25,
2633 3693 2714 3740 10.

259 3779 423 3829 Matth.
449 3783 527 3841 12,
554 3782 637 3830 47.
674 3781 837 3829 Marc.
868 3782 949 3841 15,
977 3782 1057 3829 28.
1096 3781 1229 3828 Luc.
1255 3781 1337 3840 22,
1368 3781 1450 3828 43.
1478 3781 1559 3829 44.
1597 3780 1794 3829 Joann.
1823 3780 1869 3841 5,
1896 3782 1943 3828 3.
1983 3780 2030 3827 4.
2069 3782 2115 3840 7,
2155 3778 2343 3839 55-8,
2383 3779 2464 3826 12.
2498 3778 2540 3826 1.
2574 3778 2715 3825 Petr.

261 3868 301 3925 5,
326 3868 367 3913 3.
401 3866 590 3915 Joann.
615 3868 657 3915 Ι.
686 3868 745 3927 5,.
764 3868 808 3915 7.
857 3867 941 3914 De
978 3866 1059 3914 his
1098 3866 1255 3914 sicuti
1293 3871 1345 3914 et
1382 3865 1447 3914 de
1486 3868 1691 3927 ceteriS,
1740 3880 1878 3929 quae
1915 3865 1984 3914 ad
2021 3864 2392 3929 expoliendam
2431 3863 2717 3912 editionem

260 3952 496 4015 fecissent,
524 3958 820 4002 commonet
842 3952 1102 4017 praefatio
1130 3951 1489 4014 Vercellonei3
1521 3953 1611 4015 qui
1638 3953 1798 4000 etiam
1821 3968 1873 4015 p.
1903 3953 1983 4000 17.
2015 3949 2310 3999 indiculum
2337 3948 2484 3997 dedit
2507 3964 2714 4010 vocum,

260 4052 372 4100 quas
412 4038 659 4088 adhibitis
708 4036 1011 4107 χειροτὺποις
1061 4038 1365 4089 emendavit
1405 4037 1467 4087 A.
1512 4038 1704 4087 Maius.
1770 4036 1983 4098 „Quod
2034 4037 2328 4100 quamvis
2376 4033 2717 4084 laudabili

260 4138 393 4173 cura
438 4125 855 4189 praestitum,
905 4129 1121 4172 tamen
1168 4140 1293 4172 non
1332 4123 1738 4184 diffitemur,
1788 4124 1962 4186 inquit
1998 4121 2310 4171 Vercellone
2356 4138 2409 4185 p.
2450 4121 2531 4169 11.
2567 4134 2716 4168 non-

257 4209 406 4257 nihil
440 4211 650 4260 adhuc
686 4210 1041 4260 limandum
1078 4212 1474 4275 superesse.“
1531 4210 1612 4258 Cf.
1640 4210 1705 4258 ei.
1733 4207 2048 4258 Vercellone
2078 4207 2114 4257 l.
2147 4207 2399 4257 Ulteriori
2436 4205 2596 4255 studii
2633 4203 2717 4253 sul

256 4311 409 4346 nuovo
446 4298 785 4346 Testamento
826 4312 983 4361 greco
1011 4293 1132 4345 dell'
1170 4296 1531 4345 antichissimo
1562 4294 1759 4343 Codice
1786 4295 2063 4342 Vaticano.
2099 4294 2250 4343 Rom.
2281 4295 2428 4343 1866.
2479 4291 2717 4340 Plurima

257 4388 361 4431 sunt
383 4399 515 4447 quae
553 4398 586 4432 a
617 4382 824 4431 Criticis
864 4381 1052 4431 editori
1078 4410 1144 4417 —
1172 4382 1229 4430 C.
1256 4381 1416 4442 Maio,
1457 4383 1549 4446 qui
1573 4386 1633 4429 ut
1657 4378 2025 4440 Tischendorf,
2061 4379 2270 4443 Proleg.
2297 4379 2366 4427 ad
2388 4383 2425 4427 t.
2454 4378 2534 4426 ed.
2561 4378 2624 4426 V.
2653 4377 2714 4426 T.

257 4485 319 4532 gr.
352 4470 507 4518 LXX.
544 4470 692 4534 Lips.
726 4470 876 4517 1860.
915 4469 958 4529 Ι,
997 4469 1080 4516 89.
1118 4468 1317 4517 fatetur
1356 4468 1454 4527 „de
1490 4466 1656 4514 literis
1696 4469 1750 4513 et
1785 4466 1950 4513 sacris
1989 4470 2041 4513 et
2076 4466 2311 4529 profanis
2347 4464 2714 4513 meritissimus

257 4569 318 4603 eo
367 4555 599 4605 labore
656 4555 793 4603 sibi
841 4555 979 4617 ipsi
1028 4569 1159 4602 non
1212 4550 1972 4602 satisfecerat.“—vitio
2010 4555 2303 4611 vertuntur,
2349 4564 2510 4614 saepe
2558 4550 2714 4597 nimis

2335 4634 2402 4683 8*
