3309 5300
1171 392 1235 435 Do
1260 392 1491 443 Interpret.
1521 392 1566 433 8.
1596 392 1639 433 8.
1672 390 1910 433 omnum.
2661 374 2789 439 329

296 577 463 651 tium,
512 576 826 653 Deumque
856 574 1275 633 laudantium.‘
1322 572 1611 645 ,Proinde,
1644 571 1949 629 continuat
1979 571 2036 629 S.
2070 569 2354 645 Synodus,
2395 571 2788 627 exerceantur

296 682 357 737 in
402 680 623 737 scholis
668 680 837 754 pueri
885 681 955 737 ad
1004 678 1379 737 dilectionem
1425 676 1480 734 S.
1529 676 1886 750 Scripturas,
1948 680 2017 733 ut
2068 695 2176 750 per
2219 675 2331 733 hoc
2375 676 2526 733 bene
2571 674 2789 731 eruditi

296 783 557 842 inveniri
604 784 827 858 possint
870 784 941 840 ad
990 783 1376 841 omnimodam
1425 781 1724 841 Ecclesiae
1770 781 1882 841 Dei
1928 772 2290 841 utilitatem.‘

424 1034 486 1111 ξ.
541 1034 685 1099 148.
732 1030 1113 1096 Nonnulli
1157 1031 1784 1115 praestantiores
1829 1031 2308 1115 interpretes
2357 1030 2663 1094 saeculi

1032 1143 1151 1207 IX.
1185 1143 1270 1207 X.
1303 1143 1424 1208 XI.
1474 1152 1549 1207 et
1592 1143 1750 1207 XII.
1796 1166 1859 1228 p.
1896 1142 1968 1208 O.
2003 1167 2065 1207 n.

507 1342 680 1399 Inter
722 1340 1289 1399 scholae‘Palatinae
1328 1344 1579 1397 rectores
1621 1359 1738 1397 non
1788 1340 1914 1397 sine
1959 1340 2134 1398 laude
2163 1339 2502 1397 nominatur
2549 1339 2791 1396 Alcui-

298 1466 457 1517 nus,
494 1446 923 1503 moderatorum
954 1446 1217 1503 omnium
1248 1444 1409 1502 illius
1440 1444 1672 1503 scholae
1702 1444 1968 1502 doctrina
1995 1444 2240 1520 perinde
2270 1464 2338 1502 ac
2365 1444 2588 1519 pietate
2619 1444 2794 1502 facile

299 1550 610 1626 princeps3
659 1550 761 1627 qui
802 1554 1071 1608 veterum
1112 1570 1155 1607 s.
1191 1551 1433 1607 Patrum
1464 1548 1725 1623 vestigiis
1756 1550 2070 1607 inhaerens
2102 1549 2310 1606 literae
2341 1549 2562 1606 Textus
2591 1548 2795 1607 Divini

300 1655 529 1712 Codicis
576 1653 961 1729 explicandae
1005 1655 1240 1723 insistit,
1294 1655 1639 1732 frequenter
1683 1658 1880 1711 tamen
1927 1653 2238 1729 mysticum
2287 1672 2517 1730 quoque
2561 1672 2795 1711 sensum

300 1762 693 1817 consectatur.
744 1759 1061 1816 Alcuinum
1108 1764 1368 1834 tempore
1402 1763 1461 1816 et
1492 1758 1756 1815 doctrina
1801 1758 2094 1815 subsecuti
2141 1761 2310 1815 sunt:
2357 1757 2796 1832 Angelomus

299 1864 543 1934 Gallae,
611 1862 746 1921 chr.
814 1864 1323 1931 Druthmarus,
1400 1863 1790 1921 Hrabanus
1863 1862 2240 1937 Magnentius
2315 1864 2636 1932 Maurus,
2706 1862 2799 1921 vir

300 1968 565 2026 omnium
612 1968 1055 2042 disciplinarum
1089 1987 1305 2041 genere
1337 1966 1814 2026 absolutissimus.
1871 1968 2188 2025 Hrabanus
2231 1986 2364 2024 cum
2409 1966 2794 2043 Haymone,

302 2072 913 2131 Halberstattensium
946 2070 1203 2129 eiusdem
1246 2073 1523 2146 temporis
1556 2072 1860 2142 Antistite,
1905 2071 2081 2129 flores
2126 2071 2274 2145 legit
2303 2092 2336 2129 e
2368 2072 2799 2129 commentariis

304 2176 361 2233 S.
396 2178 466 2235 P.
514 2180 575 2234 et
620 2178 673 2235 S.
706 2178 772 2233 E.
805 2176 1066 2233 literales
1114 2180 1175 2233 et
1217 2176 1580 2250 allegoricos
1642 2173 1758 2236 Qui
1806 2174 2134 2233 duumviri:
2183 2178 2352 2253 ,quod
2400 2178 2470 2233 ad
2518 2176 2799 2233 historiae

302 2282 619 2341 veritatem
665 2279 922 2356 pertinet
964 2282 1254 2353 sagaciter
1298 2280 1763 2354 investigarunt,
1796 2282 1946 2357 quod
1981 2282 2051 2337 ad
2085 2280 2425 2354 allegoriam
2457 2280 2800 2339 firmissimis

305 2387 749 2462 Scripturarum
780 2386 1128 2443 testimoniis
1161 2386 1630 2457 comuniverunt,
1666 2386 1818 2462 quod
1841 2386 1911 2442 ad
1939 2404 2136 2443 rerum
2167 2389 2461 2459 gestarum
2494 2386 2802 2443 involucra

304 2492 453 2549 miro
485 2492 735 2568 quodam
768 2490 1017 2548 artificio
1048 2490 1437 2548 evolverunt.‘
1485 2490 1704 2547 Eadem
1736 2490 1963 2547 ratione
1993 2489 2056 2545 in
2089 2489 2455 2564 explicandis
2480 2490 2536 2548 S.
2565 2490 2800 2563 Paginis

302 2597 395 2654 usi
454 2599 624 2653 sunt:
686 2596 1053 2670 Remigius
1101 2594 1419 2652 Autissiod.
1476 2614 1584 2670 ep.,
1642 2594 2072 2665 Bertharius
2118 2593 2272 2652 Cass.
2324 2595 2475 2653 Abb.
2533 2596 2795 2674 aliique;

306 2701 524 2779 quibus
568 2700 875 2759 brevitatis
920 2701 1111 2756 studio
1158 2699 1219 2755 in
1264 2718 1539 2774 praesens
1586 2700 1832 2771 omissis,
1879 2700 1950 2756 ad
2001 2679 2485 2757 Walafridum
2519 2699 2794 2759 Strabo·

304 2826 461 2864 nem
524 2809 952 2863 convertamur.
1030 2804 1145 2861 Hic
1189 2804 1411 2879 primus
1474 2803 1792 2861 Glossam
1847 2803 2304 2861 Ordinariam
2352 2805 2414 2861 in
2461 2805 2798 2863 universam

306 2912 359 2970 S.
397 2910 826 2984 Scripturame
857 2909 1137 2966 Veterum
1170 2909 1226 2966 S.
1258 2910 1323 2965 P.
1373 2911 1433 2966 et
1478 2908 1533 2964 S.
1572 2907 1637 2964 E.
1688 2907 2060 2964 monimentis
2106 2908 2432 2966 adornavit.
2498 2910 2800 2967 Institu-

306 3020 457 3071 tum
506 3013 890 3073 walafridi
938 3032 1081 3070 aevo
1129 3033 1182 3090 q.
1229 3033 1284 3070 v.
1336 3013 1559 3070 medio
1606 3032 1794 3090 usque
1839 3013 1981 3069 adeo
2027 3012 2264 3087 placuit,
2312 3019 2380 3070 ut
2424 3011 2545 3068 κατ’
2597 3007 2799 3088 ἐξοχὴν

305 3119 783 3189 ,Auctoritas‘,
814 3119 929 3174 imo
960 3117 1209 3191 lingua
1248 3115 1306 3173 S.
1340 3117 1677 3193 Scripturae
1709 3117 2018 3176 diceretur.
2068 3121 2122 3174 A
2153 3139 2196 3175 s.
2233 3119 2288 3174 d.
2321 3117 2576 3175 Glossa
2606 3118 2799 3175 Ordi-

306 3223 517 3280 naria
564 3223 707 3280 scite
751 3222 1134 3280 discernenda
1173 3223 1341 3281 venit
1368 3222 1438 3280 6.
1471 3223 1990 3280 Interlinearis
2036 3227 2095 3281 et
2142 3222 2588 3295 marginalis,
2635 3223 2801 3280 cuius

304 3333 516 3386 auctor
546 3327 927 3384 Anselmus
956 3327 1445 3384 Laudunensis
1476 3329 1583 3384 sub
1616 3327 1849 3384 initium
1882 3327 2099 3386 saeculi
2133 3328 2276 3385 XII.
2310 3327 2483 3386 vixit.
2521 3328 2800 3405 Reliquo-

305 3453 458 3503 rum,
506 3433 607 3510 qui
653 3431 861 3489 iisdem
907 3430 1152 3489 saeculis
1198 3431 1546 3506 explicando
1578 3432 1631 3488 d.
1667 3431 1862 3489 Codici
1893 3451 2128 3509 operam
2159 3436 2460 3489 navarunt
2497 3465 2578 3472 --
2611 3431 2801 3491 veluti

304 3538 544 3594 Bruno
592 3537 843 3606 AstenS.,
905 3537 1060 3593 Abb.
1122 3535 1295 3605 6888,
1358 3535 1414 3592 S.
1464 3537 1698 3593 Bruno
1743 3536 2012 3593 Carthus.
2060 3537 2268 3608 instit„
2315 3537 2371 3594 S.
2425 3536 2659 3593 Bruno
2705 3557 2796 3611 ep.

305 3641 580 3716 Herbip.‚
646 3638 1022 3698 Gerhohus
1081 3639 1207 3698 sive
1272 3639 1571 3697 Gerochus
1614 3639 2087 3715 Reichersperg.,
2135 3640 2589 3700 Willeramus
2649 3641 2800 3698 Abb.

306 3747 663 3820 Merspurg.,
710 3745 1073 3819 Rupertus
1117 3743 1536 3814 Tuitiensis‚
1584 3745 1788 3819 Hugo
1835 3747 1905 3802 de
1937 3746 1992 3803 S.
2026 3745 2261 3803 Victore
2292 3745 2358 3802 O.
2395 3745 2451 3802 S.
2487 3746 2639 3818 Aug.
2669 3746 2801 3802 abb.

308 3884 397 3891 ——
417 3870 532 3907 non
558 3849 793 3927 aequali
819 3849 1053 3927 quidem
1077 3867 1270 3925 neque
1296 3847 1642 3921 eruditione,
1670 3868 1862 3925 neque
1882 3850 2120 3920 iudicio;
2146 3851 2245 3908 sed
2271 3851 2472 3908 eadem
2497 3848 2804 3923 diligentia
2899 3836 2902 3839 ¹

307 3957 375 4012 in
406 3954 787 4012 discutiendis
817 3975 859 4010 s.
889 3954 1103 4012 Literis
1147 3953 1364 4011 versati
1397 3957 1555 4010 sunt.
1620 3954 1684 4012 B.
1716 3955 2192 4024 Lanfrancus‚
2241 3959 2557 4032 antequam
2603 3974 2802 4012 mona-

310 4059 493 4117 sticae
530 4059 692 4118 vitae
722 4079 784 4116 se
815 4057 1041 4116 addixit
1087 4057 1504 4116 celeberrimus
1535 4058 1697 4116 Juris
1727 4059 2043 4130 Professor,
2098 4061 2416 4116 monachus
2462 4059 2654 4117 factus
2698 4077 2805 4133 per

312 4139 433 4222 tres
478 4183 660 4221 annos
708 4163 761 4222 S.
808 4163 1025 4222 Literis
1070 4161 1327 4232 studuit,
1390 4166 1515 4219 tum
1561 4163 1724 4220 iussu
1768 4162 1834 4219 B.
1884 4163 2220 4220 Herluini
2267 4164 2532 4238 publicas
2578 4162 2804 4220 scholas

312 4269 699 4328 Beccenses
731 4269 978 4343 aperuit,
1012 4267 1321 4344 Sacrisque
1342 4267 1561 4326 Literis
1585 4268 1939 4326 immensum
1970 4267 2230 4325 laborem
2262 4268 2566 4344 impendit.
2614 4267 2802 4324 Disci-

311 4372 518 4448 pulum
572 4374 728 4430 inter
782 4377 1005 4430 ceteros
1052 4377 1261 4430 nactus
1308 4376 1396 4430 est
1440 4371 1497 4429 S.
1548 4371 1982 4444 Anselmum,
2029 4372 2131 4450 qui
2177 4372 2230 4429 ei
2278 4371 2338 4429 in
2385 4373 2592 4447 AEpp.
2637 4371 2801 4430 Cant.

262 4497 265 4500 ’
312 4477 603 4536 successit.
678 4480 737 4535 Is
781 4497 921 4536 vero
970 4496 1103 4534 cum
1150 4477 1411 4534 officium
1456 4476 1705 4536 Abbatis
1751 4477 1943 4534 adhuc
1988 4480 2234 4552 gereret,
2298 4480 2366 4534 ut
2409 4477 2622 4535 fratres
2669 4495 2802 4534 suos

312 4583 384 4640 ad
430 4580 739 4642 lectionem
786 4582 841 4641 S.
887 4581 1223 4660 Scripturae
1266 4584 1629 4655 provoca-ret,
1678 4579 1945 4638 omnibus
1989 4580 2054 4640 in
2099 4581 2441 4641 universum
2487 4581 2802 4642 concessit:
