3309 5300
542 382 667 447 190
1246 399 1481 439 Commeat.
1512 399 1565 438 de
1592 399 1635 439 S.
1660 399 1823 449 Seript.
1853 410 1948 449 cap.
1979 410 2066 441 sec.
2095 402 2224 441 tract.
2255 401 2308 441 11.

539 576 806 645 Francos.
836 577 1012 631 1730.
1044 577 1212 645 XIII,
1247 580 1392 632 223.
1427 596 1472 633 8.
1534 578 1832 649 Walton,
1873 581 2085 652 proleq.
2119 581 2284 634 XIII.
2320 598 2530 637 excurs.
2565 583 2642 637 II.
2666 600 2729 653 p.
2767 585 2959 639 1512.
2991 601 3034 640 s.

536 682 972 749 Lambacher,
1022 681 1171 737 Bibl.
1216 681 1343 737 Ant.
1404 682 1704 737 Vindobon.
1761 682 1875 741 Oiv.
1937 683 2122 741 Vienn.
2173 685 2358 741 1750.
2405 686 2452 754 Ι,
2489 687 2542 741 7.
2595 686 2652 743 J.
2697 687 2793 741 Fr.
2847 688 3034 754 Hirt,

539 784 741 840 Orient.
789 805 841 841 u.
890 786 1113 858 Eaeeyet.
1162 786 1423 841 Bibliotb.
1456 786 1579 843 Jen.
1613 788 1799 843 1772.
1835 789 1914 857 ΙΙ,
1948 790 2092 843 263.
2121 809 2166 845 s.
2213 790 2272 856 V,
2321 792 2422 845 25.
2464 808 2509 845 s.
2561 790 2620 845 J.
2655 790 2710 846 J.
2743 792 3035 859 Locber,

536 907 677 960 spec.
727 888 905 945 Acad.
966 889 1153 946 Vienn.
1198 891 1379 945 1773.
1420 909 1481 961 Ρ.
1528 894 1674 947 315.
1747 893 1829 946 Μ.
1879 894 2116 961 Denis,
2165 895 2218 947 d.
2267 894 2488 947 Merkw.
2539 896 2592 950 d.
2637 895 2833 967 garell.
2883 895 3035 949 Bibi.

547 993 718 1051 Wien.
766 995 942 1047 1780.
983 1012 1044 1064 Ρ.
1092 996 1232 1049 285.
1263 1013 1305 1048 s.
1398 995 1455 1049 V.
1488 993 1762 1064 Seback,
1808 997 1866 1049 in
1911 997 2080 1066 Pletz,
2113 998 2186 1053 N.
2229 997 2321 1052 Th.
2358 998 2622 1053 Zeitscbr.
2664 999 2818 1053 Wien
2848 1000 3032 1053 1829.

536 1098 617 1166 ΙΙ,
667 1100 807 1153 184.
851 1116 897 1154 s.
962 1097 1013 1152 J
1018 1098 1221 1168 dszay
1270 1098 1347 1167 Ρ.,
1404 1098 1744 1153 eserevetelek
1789 1118 1826 1153 a
1878 1101 2161 1155 muncheni
2213 1103 2380 1155 codex
2423 1101 2756 1170 εκόίανηάνα,
2811 1103 2872 1156 in
2917 1103 3040 1175 regi

539 1220 771 1275 mayyar
822 1202 1208 1273 nyeivemlekek
1258 1202 1403 1258 Bud.
1448 1204 1628 1260 1842.
1679 1204 1756 1272 ΙΙ,
1803 1204 2017 1261 XXVI.
2063 1224 2106 1259 8.
2156 1237 2240 1245 —
2297 1206 2490 1260 Vetus
2548 1206 3038 1261 Testamentum

537 1306 739 1359 editum
786 1306 995 1359 demum
1029 1304 1151 1373 fuit
1194 1307 1253 1359 in
1299 1306 1626 1377 Polyylottis
1671 1308 2084 1362 Parisiensibus
2129 1310 2211 1364 M.
2261 1309 2320 1363 le
2364 1308 2414 1362 J
2416 1328 2514 1380 ay.
2567 1311 2773 1378 1645„
2820 1330 2857 1365 a
2905 1309 2957 1365 G
2968 1329 3036 1364 a·

549 1410 763 1464 briele
810 1408 1091 1463 Sionita
1135 1428 1201 1463 ex
1246 1411 1360 1465 cod.
1394 1429 1549 1464 msso.
1586 1411 1787 1479 hiante,
1834 1412 1894 1465 in
1937 1430 2040 1481 quo
2072 1414 2295 1466 deerant
2339 1414 2407 1468 L.
2443 1414 2510 1466 L.
2549 1414 2764 1482 Tobiae,
2813 1413 3036 1481 Judith,

537 1515 747 1582 Esther,
812 1532 891 1583 ep.
954 1514 1242 1582 Jeremiae,
1312 1515 1552 1583 Barneh,
1606 1523 1798 1586 partes
1862 1517 2120 1570 Danielis
2183 1524 2230 1569 et
2290 1518 2803 1575 Macchabaeorum.
2880 1518 3039 1580 Quae

536 1620 721 1672 omnia
768 1618 959 1673 deinde
1005 1636 1259 1689 expressa
1304 1626 1429 1673 sunt
1474 1619 1533 1671 in
1578 1620 1796 1693 Pozyyl.
1859 1622 2315 1690 Londinensibus,
2363 1640 2582 1693 operam
2613 1630 2850 1677 navante
2886 1641 3037 1675 cum-

528 1724 731 1793 primis
775 1723 940 1777 Edm.
994 1722 1295 1777 Castelio
1343 1742 1395 1777 a.
1448 1722 1633 1779 1657.
1692 1726 1895 1778 Literis
1939 1725 2206 1779 hebraicis
2251 1727 2643 1798 Norimberyae
2679 1728 2852 1782 1715.
2902 1744 2945 1782 8.
2983 1746 3030 1781 e.

544 1838 742 1894 „npmrr
766 1821 935 1876 κτήνεα
987 1845 1236 1881 excusum
1281 1833 1356 1880 est
1400 1828 1473 1881 N.
1535 1826 1595 1882 T.
1646 1828 1939 1882 Praeterea
1997 1829 2052 1884 V.
2094 1830 2152 1884 T.
2203 1848 2290 1883 eos
2335 1836 2547 1883 tantum
2591 1830 2794 1885 Libros
2837 1832 3036 1885 sistens

535 1933 631 2002 qui
675 1933 825 2001 apud
871 1931 1201 1985 acatholicos
1244 1931 1589 2001 reperiuntur
1628 1930 1800 1985 'iussu
1856 1933 2037 1989 societ.
2085 1932 2212 1989 bibl.
2259 1935 2564 2006 recognovit
2620 1941 2670 1988 et
2729 1935 2806 1989 ad
2857 1934 3031 2005 fidem

534 2054 659 2090 mss.
723 2036 1027 2090 emendavit
1091 2034 1148 2090 S.
1202 2036 1341 2089 Lee.
1414 2036 1595 2093 Lond.
1647 2038 1834 2091 1823.
1923 2037 1992 2090 In
2043 2038 2335 2106 proprium
2395 2038 2809 2092 Maronitarum
2871 2057 3033 2091 usum

535 2141 740 2195 Romae
784 2142 929 2212 typis
959 2138 1408 2212 Conyreyationis
1453 2142 1519 2193 de
1540 2142 1842 2210 propanda
1879 2140 1991 2210 fide
2035 2158 2182 2195 anno
2211 2142 2388 2196 1703.
2419 2142 2492 2197 N.
2530 2142 2589 2198 T.
2624 2160 2919 2212 procusum
2951 2149 3036 2196 est

535 2245 613 2302 II.
660 2244 816 2299 tomis
860 2244 1073 2316 syriace
1117 2250 1166 2298 et
1211 2245 1433 2298 arabice
1476 2262 1589 2315 rep.
1624 2246 1764 2300 Par.
1797 2246 1975 2300 1824.
2030 2264 2067 2299 a
2111 2244 2250 2301 Situ.
2299 2247 2364 2300 de
2412 2244 2621 2318 Sacy,·
2664 2247 2806 2301 idem
2850 2248 2923 2304 N.
2967 2246 3034 2303 T.

534 2350 708 2404 denuo
768 2350 1100 2421 recoynitum
1163 2354 1321 2419 atque
1368 2350 1445 2403 ad
1479 2349 1643 2419 fidem
1689 2350 1932 2403 codicum
1978 2350 2475 2419 manuscriptorum
2518 2353 2854 2405 emendatum
2888 2369 3032 2421 pro-

535 2454 641 2508 diit
682 2454 844 2509 1816.
894 2453 1139 2507 Londini
1182 2472 1319 2507 cura
1365 2451 1638 2508 Samuelis
1683 2455 1806 2510 Lee.
1848 2453 2150 2508 Ver-sionem
2181 2454 2643 2509 Philoxenianam
2683 2455 2841 2508 tomis
2885 2474 3031 2526 qua-

536 2564 658 2611 tuor
702 2557 875 2612 edidit
917 2556 975 2612 J.
1017 2556 1230 2611 Wbite
1275 2575 1341 2610 eoe
1371 2558 1649 2611 codicibus
1680 2556 2010 2629 Ridleyanis
2041 2558 2250 2612 Ooeonii
2277 2559 2453 2612 1778.
2486 2558 2543 2614 9.
2572 2560 2750 2617 1803.
2797 2560 3034 2614 Praeter

535 2664 669 2716 illas
706 2664 940 2717 maiores
983 2662 1245 2716 editiones
1288 2662 1561 2717 Ver-sionis
1608 2662 1896 2732 Syriacae,
1941 2681 2080 2734 quae
2123 2663 2390 2736 inteqrum
2437 2663 2671 2718 codicem
2715 2683 2758 2719 s.
2809 2664 2868 2721 V.
2912 2664 3038 2718 sive

534 2769 607 2824 N.
660 2767 719 2822 T.
778 2769 923 2838 typis
968 2767 1271 2838 exscriptas
1317 2768 1604 2835 continent,
1657 2767 1859 2822 multae
1901 2767 2264 2838 reperiuntur,
2311 2785 2449 2838 quae
2484 2774 2700 2837 partem
2746 2769 3032 2838 utriusque

535 2873 795 2926 exhibent.
848 2869 943 2925 Sic
978 2871 1128 2925 Pent.
1160 2871 1282 2942 Syr.
1316 2847 1494 2929 e'Poi.
1531 2872 1708 2926 Lond.
1741 2872 1823 2927 ed.
1869 2870 1936 2928 G.
1976 2869 2332 2940 C.'Kirsch,
2380 2873 2536 2941 Lips.
2567 2873 2743 2927 1787.
2809 2871 3031 2926 Psalmi

532 2977 753 3048 saepius
798 2975 933 3029 editi
975 2981 1101 3029 sunt
1143 2976 1460 3046 separatim,
1505 2975 1778 3046 imprimis
1823 2977 2114 3030 secundum
2152 2978 2288 3030 duos
2319 2977 2526 3030 codices
2555 2994 2679 3030 mss.
2715 2977 2786 3030 ab
2817 2977 3028 3046 Erpe-

532 3082 646 3134 nio
690 3081 872 3153 Luqd.
926 3081 1052 3136 Bat.
1088 3081 1316 3147 1625.;
1358 3097 1519 3150 quam
1564 3081 1738 3134 denuo
1776 3064 2040 3134 recensuit
2081 3080 2368 3135 editionem
2405 3079 2460 3134 J.
2499 3081 2732 3149 Dathe,
2779 3080 3027 3150 notisque

534 3184 762 3239 adiectis
806 3169 1055 3256 nulgavit
1102 3185 1235 3240 Hal.
1280 3185 1456 3239 1768.
1508 3185 1710 3238 Libros
1779 3184 1837 3239 V.
1900 3182 1960 3238 T.
2019 3202 2150 3254 quos
2211 3183 2517 3238 Acatlzolici
2551 3201 2845 3254 perperam
2889 3201 3030 3254 apo-

534 3290 761 3360 cryphos
806 3289 993 3342 dicunt
1038 3288 1303 3342 adhibitis
1346 3307 1440 3342 sex
1485 3288 1760 3342 codicibus
1805 3289 1990 3342 Musei
2034 3287 2335 3341 britannici
2361 3289 2572 3368 12142,
2607 3289 2796 3355 1443,
2831 3289 3028 3361 1445,

536 3395 723 3461 1446,
774 3394 958 3460 1447,
1016 3393 1232 3447 17105.
1274 3393 1584 3462 publicavit
1626 3394 1696 3448 P.
1743 3392 1809 3448 A.
1855 3393 1919 3446 de
1965 3391 2302 3463 Laqarde.
2367 3392 2523 3462 Lips.
2569 3393 2735 3446 1861.
2797 3391 2921 3444 Das
2969 3391 3022 3445 b.

533 3494 749 3570 Evany.
813 3499 903 3550 des
947 3497 1226 3551 Jobannes
1270 3516 1378 3568 syr.
1425 3498 1486 3550 in
1534 3496 1986 3550 Harlciensisclzer
2039 3480 2223 3552 fIbers,
2267 3515 2322 3552 n.
2379 3513 2425 3551 e.
2488 3497 2649 3550 vatic.
2705 3495 3028 3549 Handscbr.

532 3623 581 3659 v.
638 3602 706 3658 G.
754 3603 829 3656 H.
880 3603 1262 3658 Bernstein.
1314 3603 1470 3672 Lips.
1521 3605 1704 3658 1853.
1759 3600 2081 3670 Cureton,
2145 3601 2404 3654 Remains
2449 3600 2520 3669 of
2555 3619 2593 3655 a
2636 3618 2764 3671 very
2808 3600 3030 3653 ancient

533 3706 808 3762 recension
852 3705 919 3774 of
955 3707 1039 3760 the
1070 3705 1211 3774 four
1242 3705 1471 3776 Gospets
1514 3707 1575 3760 in
1618 3707 1850 3777 Syriac,·
1893 3714 2074 3761 sumta
2109 3725 2136 3760 e
2167 3706 2348 3760 codice
2377 3724 2416 3759 a
2445 3704 2708 3775 Syrorum
2736 3705 3029 3774 Deiparae

534 3811 802 3883 Aegyptio
848 3812 1097 3866 coenobio
1136 3841 1221 3850 ——
1252 3810 1405 3864 cuius
1451 3811 1754 3880 antiquitas
1793 3818 1970 3864 tamen
2003 3810 2406 3877 MiniscalcbiO,
2446 3809 2655 3883 proley.
2693 3827 2755 3878 Ρ.
2801 3808 3028 3860 XLIII.

539 3917 699 3970 valde
743 3923 990 3986 suspecta
1035 3933 1145 3969 esse
1180 3917 1410 3969 videtur.
1443 3945 1529 3955 —
1567 3917 1637 3969 ab
1676 3913 2075 3969 Archidiacono
2112 3913 2314 3968 Tattan
2359 3931 2412 3968 a.
2446 3915 2623 3969 1842.
2670 3912 2732 3966 in
2761 3912 3032 3985 Anyliam

536 4021 747 4086 allat0,·
788 4022 1073 4090 publicata
1118 4021 1269 4073 dedit
1315 4019 1493 4074 Lond.
1522 4020 1697 4074 1858.
1767 4017 1852 4087 C'f.
1902 4020 1982 4072 Le
2027 4019 2155 4086 Hir,
2202 4018 2370 4074 Etud.
2399 4037 2443 4072 s.
2494 4037 2546 4073 u.
2587 4036 2710 4076 anc.
2743 4035 2878 4072 vers.
2909 4035 3027 4088 syr.

527 4143 583 4194 p.
608 4143 669 4196 Ρ.
704 4123 949 4182 Cureton.
982 4125 1117 4178 Par.
1153 4125 1337 4178 1859.
1388 4124 1746 4193 Hermansen,
1793 4125 1858 4177 de
1896 4121 2026 4178 God.
2071 4123 2196 4194 Syr.
2237 4142 2274 4177 a
2317 4121 2580 4176 Guretono
2610 4129 2721 4193 typ.
2766 4123 3030 4191 descript.

532 4230 673 4300 disp.
719 4230 906 4285 Havn.
954 4232 1128 4284 1859.
1183 4228 1639 4301 Evanyeiiarium
1683 4228 2243 4298 Hierosolymitanum
2293 4257 2381 4267 -—
2431 4227 2672 4296 adusque
2731 4219 3030 4280 ἀνέκδοτον

532 4363 617 4372 ———
662 4351 727 4386 em
758 4332 888 4391 Cod.
934 4334 1051 4387 Vat.
1085 4335 1327 4390 Palaest.
1362 4335 1599 4402 deprom.
1632 4333 1714 4386 ed.
1748 4332 1846 4388 iat.
1879 4337 2009 4386 vert.
2032 4332 2181 4400 prol.
2217 4349 2284 4385 ac
2313 4331 2476 4402 yloss.
2507 4331 2704 4385 adorn.
2738 4327 2884 4383 Gom.
2919 4329 3024 4382 Fr.

531 4437 747 4490 Minis
764 4437 989 4490 calchi
1033 4437 1241 4494 EriezO.
1304 4437 1493 4492 Veron.
1525 4436 1574 4492 I.
1605 4437 1773 4492 1861.
1823 4436 1901 4491 II.
1935 4435 2120 4489 1864.
2169 4435 2502 4506 Fragmenta
2548 4433 2752 4487 codicis
2795 4431 3028 4487 Ambro-

529 4543 681 4596 siani
727 4542 951 4596 Medici.
983 4560 1033 4596 v.
1066 4561 1128 4612 p.
1167 4543 1303 4597 183.
1350 4559 1488 4612 qnae
1529 4548 1723 4612 partes
1766 4539 2124 4594 Pentateuchi
2169 4537 2612 4592 Lamentationes
2655 4535 2929 4591 Jeremiae
2977 4543 3029 4590 et
