<?xml version="1.0" encoding="UTF-8"?>
<!DOCTYPE html PUBLIC "-//W3C//DTD XHTML 1.0 Transitional//EN"
    "http://www.w3.org/TR/xhtml1/DTD/xhtml1-transitional.dtd">
<html xmlns="http://www.w3.org/1999/xhtml" xml:lang="en" lang="en">
 <head>
  <title>
</title>
<meta http-equiv="Content-Type" content="text/html;charset=utf-8" />
  <meta name='ocr-system' content='tesseract 3.04.00' />
  <meta name='ocr-capabilities' content='ocr_page ocr_carea ocr_par ocr_line ocrx_word'/>
</head>
<body>
  <div class='ocr_page' id='page_1' title='image "./historiarevelat02dankgoog_0098.png"; bbox 0 0 3309 5300; ppageno 0'>
   <div class='ocr_carea' id='block_1_1' title="bbox 504 379 2368 442">
    <p class='ocr_par' dir='ltr' id='par_1_1' title="bbox 504 379 2368 442">
     <span class='ocr_line' id='line_1_1' title="bbox 504 379 2368 442; baseline -0.002 -9"><span class='ocrx_word' id='word_1_1' title='bbox 504 379 587 442; x_wconf 75' lang='grc'><strong>76</strong></span> <span class='ocrx_word' id='word_1_2' title='bbox 1122 391 1357 432; x_wconf 77' lang='lat' dir='ltr'><strong>Commeat.</strong></span> <span class='ocrx_word' id='word_1_3' title='bbox 1388 389 1441 430; x_wconf 82' lang='lat' dir='ltr'><strong>do</strong></span> <span class='ocrx_word' id='word_1_4' title='bbox 1459 391 1503 432; x_wconf 91' lang='lat' dir='ltr'><strong>S.</strong></span> <span class='ocrx_word' id='word_1_5' title='bbox 1526 390 1736 442; x_wconf 76' lang='lat' dir='ltr'><strong>scriptur.</strong></span> <span class='ocrx_word' id='word_1_6' title='bbox 1759 402 1854 441; x_wconf 79' lang='lat' dir='ltr'><strong>cap.</strong></span> <span class='ocrx_word' id='word_1_7' title='bbox 1875 391 2000 442; x_wconf 83' lang='lat' dir='ltr'><strong>prim.</strong></span> <span class='ocrx_word' id='word_1_8' title='bbox 2022 392 2131 432; x_wconf 84' lang='lat' dir='ltr'><strong>sect.</strong></span> <span class='ocrx_word' id='word_1_9' title='bbox 2151 391 2209 432; x_wconf 90' lang='lat'><strong>11.</strong></span> <span class='ocrx_word' id='word_1_10' title='bbox 2230 390 2368 432; x_wconf 81' lang='lat' dir='ltr'><strong>addit.</strong></span> 
     </span>
    </p>
   </div>
   <div class='ocr_carea' id='block_1_2' title="bbox 502 570 3016 3473">
    <p class='ocr_par' dir='ltr' id='par_1_2' title="bbox 502 570 3013 2214">
     <span class='ocr_line' id='line_1_2' title="bbox 510 570 3008 650; baseline 0 -20"><span class='ocrx_word' id='word_1_11' title='bbox 510 576 685 650; x_wconf 87' lang='lat' dir='ltr'><strong>atque</strong></span> <span class='ocrx_word' id='word_1_12' title='bbox 715 570 1031 642; x_wconf 82' lang='lat' dir='ltr'><strong>occultam3</strong></span> <span class='ocrx_word' id='word_1_13' title='bbox 1080 590 1269 649; x_wconf 88' lang='lat' dir='ltr'><strong>neque</strong></span> <span class='ocrx_word' id='word_1_14' title='bbox 1300 572 1517 647; x_wconf 82' lang='lat' dir='ltr'><strong>passim</strong></span> <span class='ocrx_word' id='word_1_15' title='bbox 1555 571 1830 630; x_wconf 90' lang='lat' dir='ltr'><strong>omnibus</strong></span> <span class='ocrx_word' id='word_1_16' title='bbox 1871 573 1971 629; x_wconf 89' lang='lat' dir='ltr'><strong>sed</strong></span> <span class='ocrx_word' id='word_1_17' title='bbox 2010 571 2430 630; x_wconf 90' lang='lat' dir='ltr'><strong>senioribus</strong></span> <span class='ocrx_word' id='word_1_18' title='bbox 2471 576 2705 631; x_wconf 87' lang='lat' dir='ltr'><strong>tantum</strong></span> <span class='ocrx_word' id='word_1_19' title='bbox 2749 574 2816 630; x_wconf 90' lang='lat' dir='ltr'><strong>in</strong></span> <span class='ocrx_word' id='word_1_20' title='bbox 2845 573 3008 648; x_wconf 89' lang='lat' dir='ltr'><strong>Lege</strong></span> 
     </span>
     <span class='ocr_line' id='line_1_3' title="bbox 504 674 3000 755; baseline 0 -20"><span class='ocrx_word' id='word_1_21' title='bbox 504 675 955 753; x_wconf 82' lang='lat' dir='ltr'><strong>sapientioribus</strong></span> <span class='ocrx_word' id='word_1_22' title='bbox 977 679 1235 734; x_wconf 86' lang='lat' dir='ltr'><strong>notam.</strong></span> <span class='ocrx_word' id='word_1_23' title='bbox 1262 674 1432 734; x_wconf 91' lang='lat' dir='ltr'><strong>Unde</strong></span> <span class='ocrx_word' id='word_1_24' title='bbox 1456 676 1672 734; x_wconf 88' lang='lat' dir='ltr'><strong>insana</strong></span> <span class='ocrx_word' id='word_1_25' title='bbox 1695 676 1956 750; x_wconf 90' lang='lat' dir='ltr'><strong>fingendi</strong></span> <span class='ocrx_word' id='word_1_26' title='bbox 1977 696 2353 755; x_wconf 88' lang='lat' dir='ltr'><strong>quaecunque</strong></span> <span class='ocrx_word' id='word_1_27' title='bbox 2375 676 2626 735; x_wconf 82' lang='lat' dir='ltr'><strong>libidine</strong></span> <span class='ocrx_word' id='word_1_28' title='bbox 2650 677 2786 748; x_wconf 89' lang='lat' dir='ltr'><strong>acti,</strong></span> <span class='ocrx_word' id='word_1_29' title='bbox 2813 679 3000 736; x_wconf 78' lang='lat' dir='ltr'><strong>sacri-</strong></span> 
     </span>
     <span class='ocr_line' id='line_1_4' title="bbox 502 779 2998 860; baseline 0 -22"><span class='ocrx_word' id='word_1_30' title='bbox 502 781 629 854; x_wconf 89' lang='lat' dir='ltr'><strong>lege</strong></span> <span class='ocrx_word' id='word_1_31' title='bbox 658 779 1059 838; x_wconf 90' lang='lat' dir='ltr'><strong>commentitia</strong></span> <span class='ocrx_word' id='word_1_32' title='bbox 1104 781 1589 839; x_wconf 88' lang='lat' dir='ltr'><strong>consarcinarunt</strong></span> <span class='ocrx_word' id='word_1_33' title='bbox 1632 783 1881 857; x_wconf 83' lang='lat' dir='ltr'><strong>scripta3</strong></span> <span class='ocrx_word' id='word_1_34' title='bbox 1933 783 2146 860; x_wconf 90' lang='lat' dir='ltr'><strong>quibus</strong></span> <span class='ocrx_word' id='word_1_35' title='bbox 2189 787 2259 840; x_wconf 91' lang='lat' dir='ltr'><strong>ut</strong></span> <span class='ocrx_word' id='word_1_36' title='bbox 2290 783 2572 840; x_wconf 90' lang='lat' dir='ltr'><strong>maiorem</strong></span> <span class='ocrx_word' id='word_1_37' title='bbox 2611 783 2998 840; x_wconf 78' lang='lat' dir='ltr'><strong>conciliarent</strong></span> 
     </span>
     <span class='ocr_line' id='line_1_5' title="bbox 506 885 3008 961; baseline 0.001 -19"><span class='ocrx_word' id='word_1_38' title='bbox 506 885 931 955; x_wconf 89' lang='lat' dir='ltr'><strong>auctoritatem,</strong></span> <span class='ocrx_word' id='word_1_39' title='bbox 964 886 1265 960; x_wconf 88' lang='lat' dir='ltr'><strong>supposita</strong></span> <span class='ocrx_word' id='word_1_40' title='bbox 1295 886 1535 943; x_wconf 88' lang='lat' dir='ltr'><strong>nomina</strong></span> <span class='ocrx_word' id='word_1_41' title='bbox 1565 886 1931 944; x_wconf 89' lang='lat' dir='ltr'><strong>indiderunt.</strong></span> <span class='ocrx_word' id='word_1_42' title='bbox 1965 886 2098 944; x_wconf 87' lang='lat' dir='ltr'><strong>Non</strong></span> <span class='ocrx_word' id='word_1_43' title='bbox 2131 885 2483 944; x_wconf 78' lang='lat' dir='ltr'><strong>absimiliter</strong></span> <span class='ocrx_word' id='word_1_44' title='bbox 2504 905 2540 943; x_wconf 91' lang='lat' dir='ltr'><strong>a</strong></span> <span class='ocrx_word' id='word_1_45' title='bbox 2565 885 2776 961; x_wconf 90' lang='lat' dir='ltr'><strong>primis</strong></span> <span class='ocrx_word' id='word_1_46' title='bbox 2797 887 3008 944; x_wconf 87' lang='lat' dir='ltr'><strong>Eccle-</strong></span> 
     </span>
     <span class='ocr_line' id='line_1_6' title="bbox 505 989 3012 1068; baseline 0.001 -22"><span class='ocrx_word' id='word_1_47' title='bbox 505 989 623 1046; x_wconf 87' lang='lat' dir='ltr'><strong>siae</strong></span> <span class='ocrx_word' id='word_1_48' title='bbox 654 989 1009 1047; x_wconf 78' lang='lat' dir='ltr'><strong>christianae</strong></span> <span class='ocrx_word' id='word_1_49' title='bbox 1040 989 1283 1048; x_wconf 88' lang='lat' dir='ltr'><strong>saeculis</strong></span> <span class='ocrx_word' id='word_1_50' title='bbox 1317 991 1661 1048; x_wconf 85' lang='lat' dir='ltr'><strong>traditiones</strong></span> <span class='ocrx_word' id='word_1_51' title='bbox 1692 992 1996 1048; x_wconf 87' lang='lat' dir='ltr'><strong>mendaces</strong></span> <span class='ocrx_word' id='word_1_52' title='bbox 2026 991 2096 1047; x_wconf 91' lang='lat' dir='ltr'><strong>de</strong></span> <span class='ocrx_word' id='word_1_53' title='bbox 2127 994 2260 1048; x_wconf 91' lang='lat' dir='ltr'><strong>ortu</strong></span> <span class='ocrx_word' id='word_1_54' title='bbox 2275 1036 2288 1061; x_wconf 93' lang='lat'><strong>,</strong></span> <span class='ocrx_word' id='word_1_55' title='bbox 2323 991 2606 1062; x_wconf 87' lang='lat' dir='ltr'><strong>infantia,</strong></span> <span class='ocrx_word' id='word_1_56' title='bbox 2643 992 2826 1068; x_wconf 89' lang='lat' dir='ltr'><strong>deque</strong></span> <span class='ocrx_word' id='word_1_57' title='bbox 2861 991 3012 1048; x_wconf 81' lang='lat' dir='ltr'><strong>fatis</strong></span> 
     </span>
     <span class='ocr_line' id='line_1_7' title="bbox 505 1093 3011 1171; baseline 0.001 -20"><span class='ocrx_word' id='word_1_58' title='bbox 505 1093 579 1151; x_wconf 88' lang='lat' dir='ltr'><strong>D.</strong></span> <span class='ocrx_word' id='word_1_59' title='bbox 612 1093 689 1151; x_wconf 82' lang='lat' dir='ltr'><strong>N.</strong></span> <span class='ocrx_word' id='word_1_60' title='bbox 720 1093 758 1150; x_wconf 87' lang='lat' dir='ltr'><strong>J</strong></span> <span class='ocrx_word' id='word_1_61' title='bbox 760 1113 860 1151; x_wconf 89' lang='lat' dir='ltr'><strong>esu</strong></span> <span class='ocrx_word' id='word_1_62' title='bbox 890 1093 974 1166; x_wconf 92' lang='lat' dir='ltr'><strong>C.,</strong></span> <span class='ocrx_word' id='word_1_63' title='bbox 1022 1094 1090 1152; x_wconf 89' lang='grc' dir='ltr'><strong>Β.</strong></span> <span class='ocrx_word' id='word_1_64' title='bbox 1122 1095 1315 1152; x_wconf 88' lang='lat' dir='ltr'><strong>Maria</strong></span> <span class='ocrx_word' id='word_1_65' title='bbox 1344 1094 1439 1166; x_wconf 90' lang='lat' dir='ltr'><strong>V.,</strong></span> <span class='ocrx_word' id='word_1_66' title='bbox 1485 1099 1544 1152; x_wconf 86' lang='lat' dir='ltr'><strong>et</strong></span> <span class='ocrx_word' id='word_1_67' title='bbox 1586 1094 1645 1153; x_wconf 84' lang='lat' dir='ltr'><strong>S.</strong></span> <span class='ocrx_word' id='word_1_68' title='bbox 1679 1095 1740 1153; x_wconf 81' lang='lat' dir='ltr'><strong>S.</strong></span> <span class='ocrx_word' id='word_1_69' title='bbox 1771 1095 2207 1171; x_wconf 84' lang='lat' dir='ltr'><strong>Apostolorum,</strong></span> <span class='ocrx_word' id='word_1_70' title='bbox 2254 1095 2655 1152; x_wconf 86' lang='lat' dir='ltr'><strong>curiositatem</strong></span> <span class='ocrx_word' id='word_1_71' title='bbox 2691 1097 3011 1154; x_wconf 88' lang='lat' dir='ltr'><strong>hominum</strong></span> 
     </span>
     <span class='ocr_line' id='line_1_8' title="bbox 506 1199 3012 1276; baseline 0.001 -20"><span class='ocrx_word' id='word_1_72' title='bbox 506 1202 887 1273; x_wconf 88' lang='lat' dir='ltr'><strong>occuparunt;</strong></span> <span class='ocrx_word' id='word_1_73' title='bbox 914 1202 1089 1276; x_wconf 87' lang='lat' dir='ltr'><strong>atque</strong></span> <span class='ocrx_word' id='word_1_74' title='bbox 1111 1218 1231 1256; x_wconf 91' lang='lat' dir='ltr'><strong>non</strong></span> <span class='ocrx_word' id='word_1_75' title='bbox 1252 1200 1437 1256; x_wconf 89' lang='lat' dir='ltr'><strong>solum</strong></span> <span class='ocrx_word' id='word_1_76' title='bbox 1463 1219 1561 1256; x_wconf 90' lang='lat' dir='ltr'><strong>ore</strong></span> <span class='ocrx_word' id='word_1_77' title='bbox 1584 1201 1790 1274; x_wconf 89' lang='lat' dir='ltr'><strong>populi</strong></span> <span class='ocrx_word' id='word_1_78' title='bbox 1814 1199 2398 1270; x_wconf 79' lang='lat' dir='ltr'><strong>circumferebantur,</strong></span> <span class='ocrx_word' id='word_1_79' title='bbox 2417 1219 2625 1257; x_wconf 86' lang='lat' dir='ltr'><strong>verum</strong></span> <span class='ocrx_word' id='word_1_80' title='bbox 2649 1201 2838 1258; x_wconf 91' lang='lat' dir='ltr'><strong>literis</strong></span> <span class='ocrx_word' id='word_1_81' title='bbox 2858 1202 3012 1258; x_wconf 89' lang='lat' dir='ltr'><strong>haec</strong></span> 
     </span>
     <span class='ocr_line' id='line_1_9' title="bbox 505 1302 3006 1380; baseline 0.001 -21"><span class='ocrx_word' id='word_1_82' title='bbox 505 1302 788 1376; x_wconf 85' lang='lat' dir='ltr'><strong>figmenta</strong></span> <span class='ocrx_word' id='word_1_83' title='bbox 817 1304 1335 1361; x_wconf 87' lang='lat' dir='ltr'><strong>committebantur</strong></span> <span class='ocrx_word' id='word_1_84' title='bbox 1365 1304 1633 1380; x_wconf 86' lang='lat' dir='ltr'><strong>improba</strong></span> <span class='ocrx_word' id='word_1_85' title='bbox 1660 1302 1697 1362; x_wconf 89' lang='lat'><strong>¹.</strong></span> <span class='ocrx_word' id='word_1_86' title='bbox 1758 1303 1953 1367; x_wconf 84' lang='lat' dir='ltr'><strong>Quare</strong></span> <span class='ocrx_word' id='word_1_87' title='bbox 1982 1304 2207 1361; x_wconf 86' lang='lat' dir='ltr'><strong>factum</strong></span> <span class='ocrx_word' id='word_1_88' title='bbox 2237 1311 2342 1376; x_wconf 90' lang='lat' dir='ltr'><strong>est,</strong></span> <span class='ocrx_word' id='word_1_89' title='bbox 2384 1308 2456 1361; x_wconf 91' lang='lat' dir='ltr'><strong>ut</strong></span> <span class='ocrx_word' id='word_1_90' title='bbox 2485 1323 2703 1378; x_wconf 87' lang='lat' dir='ltr'><strong>graece,</strong></span> <span class='ocrx_word' id='word_1_91' title='bbox 2751 1305 3006 1380; x_wconf 82' lang='lat' dir='ltr'><strong>syriace,</strong></span> 
     </span>
     <span class='ocr_line' id='line_1_10' title="bbox 506 1406 3013 1486; baseline 0 -22"><span class='ocrx_word' id='word_1_92' title='bbox 506 1407 708 1478; x_wconf 90' lang='lat' dir='ltr'><strong>latine,</strong></span> <span class='ocrx_word' id='word_1_93' title='bbox 730 1406 961 1465; x_wconf 90' lang='lat' dir='ltr'><strong>arabice</strong></span> <span class='ocrx_word' id='word_1_94' title='bbox 984 1427 1152 1484; x_wconf 89' lang='lat' dir='ltr'><strong>saepe</strong></span> <span class='ocrx_word' id='word_1_95' title='bbox 1176 1411 1756 1480; x_wconf 86' lang='lat' dir='ltr'><strong>transscriberentur,</strong></span> <span class='ocrx_word' id='word_1_96' title='bbox 1777 1413 1953 1486; x_wconf 82' lang='lat' dir='ltr'><strong>atque</strong></span> <span class='ocrx_word' id='word_1_97' title='bbox 1976 1409 2042 1464; x_wconf 90' lang='lat' dir='ltr'><strong>in</strong></span> <span class='ocrx_word' id='word_1_98' title='bbox 2065 1407 2352 1483; x_wconf 87' lang='lat' dir='ltr'><strong>plurimas</strong></span> <span class='ocrx_word' id='word_1_99' title='bbox 2367 1443 2452 1450; x_wconf 90' lang='lat'><strong>—-</strong></span> <span class='ocrx_word' id='word_1_100' title='bbox 2471 1410 2649 1466; x_wconf 88' lang='lat' dir='ltr'><strong>etiam</strong></span> <span class='ocrx_word' id='word_1_101' title='bbox 2673 1409 3013 1467; x_wconf 87' lang='lat' dir='ltr'><strong>Occidentis</strong></span> 
     </span>
     <span class='ocr_line' id='line_1_11' title="bbox 512 1513 3006 1591; baseline 0 -21"><span class='ocrx_word' id='word_1_102' title='bbox 512 1513 743 1587; x_wconf 77' lang='lat' dir='ltr'><strong>linguas</strong></span> <span class='ocrx_word' id='word_1_103' title='bbox 764 1545 847 1554; x_wconf 92' lang='lat'><strong>-—-</strong></span> <span class='ocrx_word' id='word_1_104' title='bbox 873 1517 1376 1572; x_wconf 78' lang='lat' dir='ltr'><strong>converterentur.</strong></span> <span class='ocrx_word' id='word_1_105' title='bbox 1426 1513 1641 1572; x_wconf 83' lang='lat' dir='ltr'><strong>Exorti</strong></span> <span class='ocrx_word' id='word_1_106' title='bbox 1671 1517 1810 1570; x_wconf 90' lang='lat' dir='ltr'><strong>sunt</strong></span> <span class='ocrx_word' id='word_1_107' title='bbox 1838 1513 2231 1584; x_wconf 89' lang='lat' dir='ltr'><strong>haeretici,</strong></span> <span class='ocrx_word' id='word_1_108' title='bbox 2267 1514 2370 1591; x_wconf 92' lang='lat' dir='ltr'><strong>qui</strong></span> <span class='ocrx_word' id='word_1_109' title='bbox 2399 1517 2468 1570; x_wconf 90' lang='lat' dir='ltr'><strong>ut</strong></span> <span class='ocrx_word' id='word_1_110' title='bbox 2497 1532 2628 1570; x_wconf 90' lang='lat' dir='ltr'><strong>suos</strong></span> <span class='ocrx_word' id='word_1_111' title='bbox 2659 1532 2802 1590; x_wconf 90' lang='lat' dir='ltr'><strong>quos</strong></span> <span class='ocrx_word' id='word_1_112' title='bbox 2831 1533 3006 1589; x_wconf 87' lang='lat' dir='ltr'><strong>spar-</strong></span> 
     </span>
     <span class='ocr_line' id='line_1_12' title="bbox 507 1616 3008 1693; baseline 0 -18"><span class='ocrx_word' id='word_1_113' title='bbox 507 1622 711 1675; x_wconf 89' lang='lat' dir='ltr'><strong>serunt</strong></span> <span class='ocrx_word' id='word_1_114' title='bbox 757 1636 979 1675; x_wconf 90' lang='lat' dir='ltr'><strong>errores</strong></span> <span class='ocrx_word' id='word_1_115' title='bbox 1021 1616 1321 1688; x_wconf 83' lang='lat' dir='ltr'><strong>fulcirent,</strong></span> <span class='ocrx_word' id='word_1_116' title='bbox 1372 1619 1447 1676; x_wconf 89' lang='lat' dir='ltr'><strong>ad</strong></span> <span class='ocrx_word' id='word_1_117' title='bbox 1487 1618 1650 1676; x_wconf 92' lang='lat' dir='ltr'><strong>illam</strong></span> <span class='ocrx_word' id='word_1_118' title='bbox 1683 1622 1870 1675; x_wconf 88' lang='lat' dir='ltr'><strong>artem</strong></span> <span class='ocrx_word' id='word_1_119' title='bbox 1918 1616 2327 1691; x_wconf 82' lang='lat' dir='ltr'><strong>confugerunt,</strong></span> <span class='ocrx_word' id='word_1_120' title='bbox 2376 1617 2548 1674; x_wconf 88' lang='lat' dir='ltr'><strong>falsas</strong></span> <span class='ocrx_word' id='word_1_121' title='bbox 2591 1637 2696 1693; x_wconf 88' lang='lat' dir='ltr'><strong>pro</strong></span> <span class='ocrx_word' id='word_1_122' title='bbox 2727 1619 3008 1692; x_wconf 86' lang='lat' dir='ltr'><strong>genuinis</strong></span> 
     </span>
     <span class='ocr_line' id='line_1_13' title="bbox 507 1721 3004 1799; baseline 0 -19"><span class='ocrx_word' id='word_1_123' title='bbox 507 1722 1232 1799; x_wconf 63' lang='lat' dir='ltr'><strong>supponendi⁸scripturas</strong></span> <span class='ocrx_word' id='word_1_124' title='bbox 1282 1722 1458 1785; x_wconf 77' lang='lat' dir='ltr'><strong>Queis</strong></span> <span class='ocrx_word' id='word_1_125' title='bbox 1483 1727 1680 1780; x_wconf 87' lang='lat' dir='ltr'><strong>autem</strong></span> <span class='ocrx_word' id='word_1_126' title='bbox 1704 1722 2004 1780; x_wconf 87' lang='lat' dir='ltr'><strong>celerrime</strong></span> <span class='ocrx_word' id='word_1_127' title='bbox 2029 1721 2220 1779; x_wconf 91' lang='lat' dir='ltr'><strong>omnis</strong></span> <span class='ocrx_word' id='word_1_128' title='bbox 2243 1721 2562 1779; x_wconf 87' lang='lat' dir='ltr'><strong>auctoritas</strong></span> <span class='ocrx_word' id='word_1_129' title='bbox 2586 1723 2870 1796; x_wconf 86' lang='lat' dir='ltr'><strong>denegata</strong></span> <span class='ocrx_word' id='word_1_130' title='bbox 2892 1727 3004 1793; x_wconf 81' lang='lat' dir='ltr'><strong>est3</strong></span> 
     </span>
     <span class='ocr_line' id='line_1_14' title="bbox 508 1821 3012 1906; baseline 0 -21"><span class='ocrx_word' id='word_1_131' title='bbox 508 1827 662 1906; x_wconf 89' lang='lat' dir='ltr'><strong>quod</strong></span> <span class='ocrx_word' id='word_1_132' title='bbox 694 1822 1011 1903; x_wconf 76' lang='grc' dir='ltr'>,παράδοσις</span> <span class='ocrx_word' id='word_1_133' title='bbox 1044 1821 1490 1899; x_wconf 54' lang='grc' dir='ltr'><strong>ἐκκληςπιαεπτικὴι</strong></span> <span class='ocrx_word' id='word_1_134' title='bbox 1524 1826 1792 1886; x_wconf 82' lang='lat' dir='ltr'><strong>divinam</strong></span> <span class='ocrx_word' id='word_1_135' title='bbox 1823 1846 2025 1884; x_wconf 89' lang='lat' dir='ltr'><strong>earum</strong></span> <span class='ocrx_word' id='word_1_136' title='bbox 2056 1827 2347 1902; x_wconf 89' lang='lat' dir='ltr'><strong>originem</strong></span> <span class='ocrx_word' id='word_1_137' title='bbox 2374 1826 2700 1900; x_wconf 53' lang='lat' dir='ltr'><strong>ignorarem</strong></span> <span class='ocrx_word' id='word_1_138' title='bbox 2732 1830 2850 1885; x_wconf 91' lang='lat' dir='ltr'><strong>imo</strong></span> <span class='ocrx_word' id='word_1_139' title='bbox 2874 1831 3012 1904; x_wconf 86' lang='lat' dir='ltr'><strong>ipsa</strong></span> 
     </span>
     <span class='ocr_line' id='line_1_15' title="bbox 506 1930 3004 2007; baseline 0.001 -19"><span class='ocrx_word' id='word_1_140' title='bbox 506 1931 757 1989; x_wconf 90' lang='lat' dir='ltr'><strong>istarum</strong></span> <span class='ocrx_word' id='word_1_141' title='bbox 772 1931 1200 2007; x_wconf 89' lang='lat' dir='ltr'><strong>scripturarum</strong></span> <span class='ocrx_word' id='word_1_142' title='bbox 1222 1931 1655 2007; x_wconf 90' lang='lat' dir='ltr'><strong>suppositarum</strong></span> <span class='ocrx_word' id='word_1_143' title='bbox 1675 1930 1915 2004; x_wconf 88' lang='lat' dir='ltr'><strong>indoles,</strong></span> <span class='ocrx_word' id='word_1_144' title='bbox 1943 1931 2232 2006; x_wconf 91' lang='lat' dir='ltr'><strong>inspirato</strong></span> <span class='ocrx_word' id='word_1_145' title='bbox 2255 1930 2482 1989; x_wconf 89' lang='lat' dir='ltr'><strong>auctori</strong></span> <span class='ocrx_word' id='word_1_146' title='bbox 2497 1952 2616 1989; x_wconf 93' lang='lat' dir='ltr'><strong>non</strong></span> <span class='ocrx_word' id='word_1_147' title='bbox 2633 1935 3004 1991; x_wconf 86' lang='lat' dir='ltr'><strong>conveniret.</strong></span> 
     </span>
     <span class='ocr_line' id='line_1_16' title="bbox 510 2014 3013 2113; baseline 0 -20"><span class='ocrx_word' id='word_1_148' title='bbox 510 2035 655 2093; x_wconf 90' lang='lat' dir='ltr'><strong>Cum</strong></span> <span class='ocrx_word' id='word_1_149' title='bbox 701 2040 1019 2113; x_wconf 86' lang='lat' dir='ltr'><strong>antequam</strong></span> <span class='ocrx_word' id='word_1_150' title='bbox 1062 2035 1465 2111; x_wconf 88' lang='lat' dir='ltr'><strong>proferrentur</strong></span> <span class='ocrx_word' id='word_1_151' title='bbox 1494 2035 1635 2093; x_wconf 90' lang='lat' dir='ltr'><strong>libri</strong></span> <span class='ocrx_word' id='word_1_152' title='bbox 1667 2037 2008 2113; x_wconf 85' lang='lat' dir='ltr'><strong>apocryphi,</strong></span> <span class='ocrx_word' id='word_1_153' title='bbox 2051 2014 2159 2092; x_wconf 79' lang='lat' dir='ltr'><strong>nec</strong></span> <span class='ocrx_word' id='word_1_154' title='bbox 2186 2035 2380 2094; x_wconf 90' lang='lat' dir='ltr'><strong>ullum</strong></span> <span class='ocrx_word' id='word_1_155' title='bbox 2411 2040 2669 2094; x_wconf 83' lang='lat' dir='ltr'><strong>exstaret</strong></span> <span class='ocrx_word' id='word_1_156' title='bbox 2705 2056 2908 2094; x_wconf 91' lang='lat' dir='ltr'><strong>eorum</strong></span> <span class='ocrx_word' id='word_1_157' title='bbox 2937 2038 3013 2093; x_wconf 88' lang='lat' dir='ltr'><strong>in</strong></span> 
     </span>
     <span class='ocr_line' id='line_1_17' title="bbox 508 2139 3010 2214; baseline 0 -16"><span class='ocrx_word' id='word_1_158' title='bbox 508 2140 768 2198; x_wconf 88' lang='lat' dir='ltr'><strong>Ecclesia</strong></span> <span class='ocrx_word' id='word_1_159' title='bbox 797 2139 911 2198; x_wconf 84' lang='lat' dir='ltr'><strong>Dei</strong></span> <span class='ocrx_word' id='word_1_160' title='bbox 939 2140 1286 2214; x_wconf 83' lang='lat' dir='ltr'><strong>vestigium3</strong></span> <span class='ocrx_word' id='word_1_161' title='bbox 1318 2160 1459 2198; x_wconf 84' lang='lat' dir='ltr'><strong>mox</strong></span> <span class='ocrx_word' id='word_1_162' title='bbox 1489 2142 1598 2197; x_wconf 89' lang='lat' dir='ltr'><strong>uti</strong></span> <span class='ocrx_word' id='word_1_163' title='bbox 1638 2143 2121 2199; x_wconf 82' lang='lat' dir='ltr'><strong>innotuerunt</strong></span> <span class='ocrx_word' id='word_1_164' title='bbox 2151 2160 2187 2197; x_wconf 90' lang='lat' dir='ltr'><strong>a</strong></span> <span class='ocrx_word' id='word_1_165' title='bbox 2217 2141 2500 2200; x_wconf 89' lang='lat' dir='ltr'><strong>Canone</strong></span> <span class='ocrx_word' id='word_1_166' title='bbox 2531 2141 2812 2198; x_wconf 86' lang='lat' dir='ltr'><strong>exclusi</strong></span> <span class='ocrx_word' id='word_1_167' title='bbox 2841 2145 3010 2198; x_wconf 89' lang='lat' dir='ltr'><strong>sunt.</strong></span> 
     </span>
    </p>

    <p class='ocr_par' dir='ltr' id='par_1_3' title="bbox 508 2244 3016 3473">
     <span class='ocr_line' id='line_1_18' title="bbox 717 2244 3008 2323; baseline -0.002 -18"><span class='ocrx_word' id='word_1_168' title='bbox 717 2244 875 2320; x_wconf 77' lang='lat' dir='ltr'><strong>Quid</strong></span> <span class='ocrx_word' id='word_1_169' title='bbox 906 2264 1157 2303; x_wconf 87' lang='lat' dir='ltr'><strong>causae</strong></span> <span class='ocrx_word' id='word_1_170' title='bbox 1187 2245 1401 2303; x_wconf 86' lang='lat' dir='ltr'><strong>fuerit:</strong></span> <span class='ocrx_word' id='word_1_171' title='bbox 1443 2246 1597 2323; x_wconf 92' lang='lat' dir='ltr'><strong>quod</strong></span> <span class='ocrx_word' id='word_1_172' title='bbox 1627 2244 1748 2303; x_wconf 89' lang='lat' dir='ltr'><strong>iam</strong></span> <span class='ocrx_word' id='word_1_173' title='bbox 1778 2247 1987 2321; x_wconf 88' lang='lat' dir='ltr'><strong>primis</strong></span> <span class='ocrx_word' id='word_1_174' title='bbox 2017 2244 2311 2302; x_wconf 89' lang='lat' dir='ltr'><strong>Ecclesiae</strong></span> <span class='ocrx_word' id='word_1_175' title='bbox 2341 2245 2710 2303; x_wconf 83' lang='lat' dir='ltr'><strong>Christianae</strong></span> <span class='ocrx_word' id='word_1_176' title='bbox 2737 2245 3008 2316; x_wconf 89' lang='lat' dir='ltr'><strong>saeculis,</strong></span> 
     </span>
     <span class='ocr_line' id='line_1_19' title="bbox 509 2345 3014 2427; baseline -0.001 -20"><span class='ocrx_word' id='word_1_177' title='bbox 509 2353 677 2408; x_wconf 88' lang='lat' dir='ltr'><strong>tanta</strong></span> <span class='ocrx_word' id='word_1_178' title='bbox 724 2345 1015 2425; x_wconf 84' lang='lat' dir='ltr'><strong>prodierit</strong></span> <span class='ocrx_word' id='word_1_179' title='bbox 1062 2350 1530 2426; x_wconf 87' lang='lat' dir='ltr'><strong>apocryphorum</strong></span> <span class='ocrx_word' id='word_1_180' title='bbox 1575 2349 1864 2408; x_wconf 88' lang='lat' dir='ltr'><strong>librorum</strong></span> <span class='ocrx_word' id='word_1_181' title='bbox 1904 2349 2261 2408; x_wconf 84' lang='lat' dir='ltr'><strong>multitudo?</strong></span> <span class='ocrx_word' id='word_1_182' title='bbox 2303 2369 2555 2427; x_wconf 89' lang='lat' dir='ltr'><strong>quorum</strong></span> <span class='ocrx_word' id='word_1_183' title='bbox 2597 2349 3014 2424; x_wconf 87' lang='lat' dir='ltr'><strong>compilatores</strong></span> 
     </span>
     <span class='ocr_line' id='line_1_20' title="bbox 508 2452 3004 2532; baseline -0.002 -19"><span class='ocrx_word' id='word_1_184' title='bbox 508 2455 874 2526; x_wconf 83' lang='lat' dir='ltr'><strong>Sanctorum,</strong></span> <span class='ocrx_word' id='word_1_185' title='bbox 923 2456 1071 2532; x_wconf 91' lang='lat' dir='ltr'><strong>quin</strong></span> <span class='ocrx_word' id='word_1_186' title='bbox 1115 2454 1299 2530; x_wconf 81' lang='lat' dir='ltr'><strong>ipsius</strong></span> <span class='ocrx_word' id='word_1_187' title='bbox 1330 2454 1551 2511; x_wconf 84' lang='lat' dir='ltr'><strong>Christi</strong></span> <span class='ocrx_word' id='word_1_188' title='bbox 1591 2456 1833 2512; x_wconf 88' lang='lat' dir='ltr'><strong>nomina</strong></span> <span class='ocrx_word' id='word_1_189' title='bbox 1874 2454 2328 2530; x_wconf 85' lang='lat' dir='ltr'><strong>inscripserunt3</strong></span> <span class='ocrx_word' id='word_1_190' title='bbox 2377 2474 2467 2512; x_wconf 87' lang='lat' dir='ltr'><strong>res</strong></span> <span class='ocrx_word' id='word_1_191' title='bbox 2513 2459 2601 2512; x_wconf 83' lang='lat' dir='ltr'><strong>est</strong></span> <span class='ocrx_word' id='word_1_192' title='bbox 2641 2452 3004 2512; x_wconf 86' lang='lat' dir='ltr'><strong>accuratiori</strong></span> 
     </span>
     <span class='ocr_line' id='line_1_21' title="bbox 513 2554 3009 2634; baseline -0.002 -16"><span class='ocrx_word' id='word_1_193' title='bbox 513 2559 784 2633; x_wconf 89' lang='lat' dir='ltr'><strong>indagini</strong></span> <span class='ocrx_word' id='word_1_194' title='bbox 823 2560 984 2617; x_wconf 88' lang='lat' dir='ltr'><strong>haud</strong></span> <span class='ocrx_word' id='word_1_195' title='bbox 1014 2557 1294 2633; x_wconf 89' lang='lat' dir='ltr'><strong>indigna?</strong></span> <span class='ocrx_word' id='word_1_196' title='bbox 1315 2554 1340 2595; x_wconf 88' lang='lat'><strong>2</strong></span> <span class='ocrx_word' id='word_1_197' title='bbox 1392 2559 1500 2616; x_wconf 92' lang='lat' dir='ltr'><strong>Est</strong></span> <span class='ocrx_word' id='word_1_198' title='bbox 1528 2563 1728 2617; x_wconf 86' lang='lat' dir='ltr'><strong>autem</strong></span> <span class='ocrx_word' id='word_1_199' title='bbox 1758 2577 1827 2615; x_wconf 88' lang='lat' dir='ltr'><strong>ea</strong></span> <span class='ocrx_word' id='word_1_200' title='bbox 1855 2558 2104 2633; x_wconf 90' lang='lat' dir='ltr'><strong>duplicis</strong></span> <span class='ocrx_word' id='word_1_201' title='bbox 2135 2559 2383 2632; x_wconf 88' lang='lat' dir='ltr'><strong>generis.</strong></span> <span class='ocrx_word' id='word_1_202' title='bbox 2436 2557 2577 2615; x_wconf 88' lang='lat' dir='ltr'><strong>Alia</strong></span> <span class='ocrx_word' id='word_1_203' title='bbox 2606 2559 2842 2634; x_wconf 89' lang='lat' dir='ltr'><strong>quidem</strong></span> <span class='ocrx_word' id='word_1_204' title='bbox 2881 2576 3009 2615; x_wconf 88' lang='lat' dir='ltr'><strong>non</strong></span> 
     </span>
     <span class='ocr_line' id='line_1_22' title="bbox 512 2664 3013 2740; baseline 0 -19"><span class='ocrx_word' id='word_1_205' title='bbox 512 2664 792 2722; x_wconf 89' lang='lat' dir='ltr'><strong>mediocri</strong></span> <span class='ocrx_word' id='word_1_206' title='bbox 821 2684 1067 2723; x_wconf 90' lang='lat' dir='ltr'><strong>numero</strong></span> <span class='ocrx_word' id='word_1_207' title='bbox 1106 2665 1323 2740; x_wconf 86' lang='lat' dir='ltr'><strong>scripta</strong></span> <span class='ocrx_word' id='word_1_208' title='bbox 1360 2664 1576 2722; x_wconf 92' lang='lat' dir='ltr'><strong>idcirco</strong></span> <span class='ocrx_word' id='word_1_209' title='bbox 1612 2664 2030 2722; x_wconf 84' lang='lat' dir='ltr'><strong>confinxerunt</strong></span> <span class='ocrx_word' id='word_1_210' title='bbox 2059 2668 2284 2722; x_wconf 85' lang='lat' dir='ltr'><strong>veteres</strong></span> <span class='ocrx_word' id='word_1_211' title='bbox 2319 2664 2618 2735; x_wconf 90' lang='lat' dir='ltr'><strong>haeretici,</strong></span> <span class='ocrx_word' id='word_1_212' title='bbox 2663 2668 2733 2721; x_wconf 91' lang='lat' dir='ltr'><strong>ut</strong></span> <span class='ocrx_word' id='word_1_213' title='bbox 2773 2665 3013 2740; x_wconf 91' lang='lat' dir='ltr'><strong>philo-</strong></span> 
     </span>
     <span class='ocr_line' id='line_1_23' title="bbox 512 2768 3016 2847; baseline -0 -21"><span class='ocrx_word' id='word_1_214' title='bbox 512 2770 810 2845; x_wconf 87' lang='lat' dir='ltr'><strong>sophiae</strong></span> <span class='ocrx_word' id='word_1_215' title='bbox 840 2788 1019 2847; x_wconf 92' lang='lat' dir='ltr'><strong>quam</strong></span> <span class='ocrx_word' id='word_1_216' title='bbox 1050 2770 1379 2840; x_wconf 87' lang='lat' dir='ltr'><strong>tradebant,</strong></span> <span class='ocrx_word' id='word_1_217' title='bbox 1414 2771 1696 2827; x_wconf 86' lang='lat' dir='ltr'><strong>maiorem</strong></span> <span class='ocrx_word' id='word_1_218' title='bbox 1727 2768 2361 2827; x_wconf 85' lang='lat' dir='ltr'><strong>existimationem</strong></span> <span class='ocrx_word' id='word_1_219' title='bbox 2391 2768 2743 2839; x_wconf 87' lang='lat' dir='ltr'><strong>conflarent;</strong></span> <span class='ocrx_word' id='word_1_220' title='bbox 2787 2768 2907 2827; x_wconf 88' lang='lat' dir='ltr'><strong>alia</strong></span> <span class='ocrx_word' id='word_1_221' title='bbox 2933 2772 3016 2825; x_wconf 88' lang='lat' dir='ltr'><strong>ut</strong></span> 
     </span>
     <span class='ocr_line' id='line_1_24' title="bbox 514 2854 3010 2949; baseline -0 -19"><span class='ocrx_word' id='word_1_222' title='bbox 514 2872 866 2931; x_wconf 88' lang='lat' dir='ltr'><strong>Christianis</strong></span> <span class='ocrx_word' id='word_1_223' title='bbox 896 2873 1329 2949; x_wconf 89' lang='lat' dir='ltr'><strong>persuaderent,</strong></span> <span class='ocrx_word' id='word_1_224' title='bbox 1363 2893 1422 2930; x_wconf 89' lang='lat' dir='ltr'><strong>se</strong></span> <span class='ocrx_word' id='word_1_225' title='bbox 1451 2873 1650 2931; x_wconf 88' lang='lat' dir='ltr'><strong>nihil</strong></span> <span class='ocrx_word' id='word_1_226' title='bbox 1691 2873 2009 2931; x_wconf 91' lang='lat' dir='ltr'><strong>alienum</strong></span> <span class='ocrx_word' id='word_1_227' title='bbox 2039 2893 2074 2931; x_wconf 92' lang='lat' dir='ltr'><strong>a</strong></span> <span class='ocrx_word' id='word_1_228' title='bbox 2104 2873 2444 2930; x_wconf 87' lang='lat' dir='ltr'><strong>doctrina</strong></span> <span class='ocrx_word' id='word_1_229' title='bbox 2477 2873 2765 2931; x_wconf 84' lang='lat' dir='ltr'><strong>divinitus</strong></span> <span class='ocrx_word' id='word_1_230' title='bbox 2806 2854 3010 2932; x_wconf 78' lang='lat' dir='ltr'><strong>reve-</strong></span> 
     </span>
     <span class='ocr_line' id='line_1_25' title="bbox 512 2975 3009 3055; baseline -0 -21"><span class='ocrx_word' id='word_1_231' title='bbox 512 2976 667 3035; x_wconf 89' lang='lat' dir='ltr'><strong>lata</strong></span> <span class='ocrx_word' id='word_1_232' title='bbox 694 2977 959 3053; x_wconf 88' lang='lat' dir='ltr'><strong>proferre</strong></span> <span class='ocrx_word' id='word_1_233' title='bbox 983 2975 1024 3035; x_wconf 83' lang='grc'><strong>3.</strong></span> <span class='ocrx_word' id='word_1_234' title='bbox 1083 2977 1367 3036; x_wconf 89' lang='lat' dir='ltr'><strong>Homines</strong></span> <span class='ocrx_word' id='word_1_235' title='bbox 1398 2977 1498 3035; x_wconf 91' lang='lat' dir='ltr'><strong>isti</strong></span> <span class='ocrx_word' id='word_1_236' title='bbox 1518 2975 1543 3014; x_wconf 78' lang='lat'>4</span> <span class='ocrx_word' id='word_1_237' title='bbox 1579 2977 1973 3035; x_wconf 90' lang='lat' dir='ltr'><strong>scelestissimi</strong></span> <span class='ocrx_word' id='word_1_238' title='bbox 2002 2977 2240 3034; x_wconf 87' lang='lat' dir='ltr'><strong>fuerant</strong></span> <span class='ocrx_word' id='word_1_239' title='bbox 2269 2980 2445 3055; x_wconf 88' lang='lat' dir='ltr'><strong>atque</strong></span> <span class='ocrx_word' id='word_1_240' title='bbox 2477 2982 2708 3053; x_wconf 90' lang='lat' dir='ltr'><strong>praeter</strong></span> <span class='ocrx_word' id='word_1_241' title='bbox 2738 2975 3009 3054; x_wconf 50' lang='lat' dir='ltr'><strong>,Tadio-¹21⁶,</strong></span> 
     </span>
     <span class='ocr_line' id='line_1_26' title="bbox 514 3079 3012 3160; baseline 0 -21"><span class='ocrx_word' id='word_1_242' title='bbox 514 3081 673 3139; x_wconf 90' lang='lat' dir='ltr'><strong>nihil</strong></span> <span class='ocrx_word' id='word_1_243' title='bbox 702 3081 956 3158; x_wconf 88' lang='lat' dir='ltr'><strong>amplius</strong></span> <span class='ocrx_word' id='word_1_244' title='bbox 1002 3084 1398 3160; x_wconf 89' lang='lat' dir='ltr'><strong>quaerendum</strong></span> <span class='ocrx_word' id='word_1_245' title='bbox 1428 3102 1546 3139; x_wconf 87' lang='lat' dir='ltr'><strong>esse</strong></span> <span class='ocrx_word' id='word_1_246' title='bbox 1591 3080 2032 3158; x_wconf 88' lang='lat' dir='ltr'><strong>praecipiebant</strong></span> <span class='ocrx_word' id='word_1_247' title='bbox 2048 3079 2089 3138; x_wconf 85' lang='lat'><strong>5.</strong></span> <span class='ocrx_word' id='word_1_248' title='bbox 2149 3081 2429 3157; x_wconf 85' lang='lat' dir='ltr'><strong>Improba</strong></span> <span class='ocrx_word' id='word_1_249' title='bbox 2467 3082 2610 3139; x_wconf 90' lang='lat' dir='ltr'><strong>haec</strong></span> <span class='ocrx_word' id='word_1_250' title='bbox 2640 3086 2700 3139; x_wconf 88' lang='lat' dir='ltr'><strong>et</strong></span> <span class='ocrx_word' id='word_1_251' title='bbox 2727 3102 3012 3157; x_wconf 81' lang='lat' dir='ltr'><strong>perversa.</strong></span> 
     </span>
     <span class='ocr_line' id='line_1_27' title="bbox 522 3169 3015 3264; baseline 0 -21"><span class='ocrx_word' id='word_1_252' title='bbox 522 3186 701 3244; x_wconf 85' lang='lat' dir='ltr'><strong>factio</strong></span> <span class='ocrx_word' id='word_1_253' title='bbox 747 3205 880 3244; x_wconf 84' lang='lat' dir='ltr'><strong>cum</strong></span> <span class='ocrx_word' id='word_1_254' title='bbox 910 3186 1133 3245; x_wconf 81' lang='lat' dir='ltr'><strong>Christi</strong></span> <span class='ocrx_word' id='word_1_255' title='bbox 1176 3169 1505 3245; x_wconf 82' lang='lat' dir='ltr'><strong>doctrinam</strong></span> <span class='ocrx_word' id='word_1_256' title='bbox 1538 3206 1571 3243; x_wconf 87' lang='lat' dir='ltr'><strong>a</strong></span> <span class='ocrx_word' id='word_1_257' title='bbox 1604 3206 1709 3245; x_wconf 85' lang='lat' dir='ltr'><strong>sua</strong></span> <span class='ocrx_word' id='word_1_258' title='bbox 1738 3206 1974 3262; x_wconf 89' lang='lat' dir='ltr'><strong>prorsus</strong></span> <span class='ocrx_word' id='word_1_259' title='bbox 2005 3186 2331 3262; x_wconf 88' lang='lat' dir='ltr'><strong>discrepare</strong></span> <span class='ocrx_word' id='word_1_260' title='bbox 2369 3190 2650 3257; x_wconf 85' lang='lat' dir='ltr'><strong>cerneret,</strong></span> <span class='ocrx_word' id='word_1_261' title='bbox 2693 3205 2810 3264; x_wconf 90' lang='lat' dir='ltr'><strong>qua</strong></span> <span class='ocrx_word' id='word_1_262' title='bbox 2847 3186 3015 3243; x_wconf 90' lang='lat' dir='ltr'><strong>nihil</strong></span> 
     </span>
     <span class='ocr_line' id='line_1_28' title="bbox 516 3290 3012 3369; baseline -0 -21"><span class='ocrx_word' id='word_1_263' title='bbox 516 3295 715 3348; x_wconf 86' lang='lat' dir='ltr'><strong>tamen</strong></span> <span class='ocrx_word' id='word_1_264' title='bbox 745 3292 979 3349; x_wconf 85' lang='lat' dir='ltr'><strong>volebat</strong></span> <span class='ocrx_word' id='word_1_265' title='bbox 1009 3292 1193 3365; x_wconf 83' lang='lat' dir='ltr'><strong>magis</strong></span> <span class='ocrx_word' id='word_1_266' title='bbox 1222 3292 1550 3366; x_wconf 86' lang='lat' dir='ltr'><strong>praeferre3</strong></span> <span class='ocrx_word' id='word_1_267' title='bbox 1599 3291 1902 3349; x_wconf 87' lang='lat' dir='ltr'><strong>Christum</strong></span> <span class='ocrx_word' id='word_1_268' title='bbox 1933 3290 2172 3369; x_wconf 92' lang='lat' dir='ltr'><strong>eiusque</strong></span> <span class='ocrx_word' id='word_1_269' title='bbox 2201 3290 2512 3366; x_wconf 88' lang='lat' dir='ltr'><strong>Apostolos</strong></span> <span class='ocrx_word' id='word_1_270' title='bbox 2541 3290 2828 3366; x_wconf 86' lang='lat' dir='ltr'><strong>privatim</strong></span> <span class='ocrx_word' id='word_1_271' title='bbox 2857 3290 3012 3347; x_wconf 88' lang='lat' dir='ltr'><strong>inti-</strong></span> 
     </span>
     <span class='ocr_line' id='line_1_29' title="bbox 516 3392 3014 3473; baseline 0 -22"><span class='ocrx_word' id='word_1_272' title='bbox 516 3395 728 3453; x_wconf 87' lang='lat' dir='ltr'><strong>miores</strong></span> <span class='ocrx_word' id='word_1_273' title='bbox 752 3414 1037 3473; x_wconf 86' lang='lat' dir='ltr'><strong>sequaces,</strong></span> <span class='ocrx_word' id='word_1_274' title='bbox 1058 3394 1226 3469; x_wconf 91' lang='lat' dir='ltr'><strong>longe</strong></span> <span class='ocrx_word' id='word_1_275' title='bbox 1250 3396 1369 3451; x_wconf 89' lang='lat' dir='ltr'><strong>alia</strong></span> <span class='ocrx_word' id='word_1_276' title='bbox 1390 3414 1457 3453; x_wconf 93' lang='lat' dir='ltr'><strong>ac</strong></span> <span class='ocrx_word' id='word_1_277' title='bbox 1478 3394 1761 3471; x_wconf 89' lang='lat' dir='ltr'><strong>populum</strong></span> <span class='ocrx_word' id='word_1_278' title='bbox 1785 3394 2017 3471; x_wconf 90' lang='lat' dir='ltr'><strong>publice</strong></span> <span class='ocrx_word' id='word_1_279' title='bbox 2041 3396 2314 3467; x_wconf 90' lang='lat' dir='ltr'><strong>docuisse,</strong></span> <span class='ocrx_word' id='word_1_280' title='bbox 2335 3395 2778 3453; x_wconf 88' lang='lat' dir='ltr'><strong>mentiebantur</strong></span> <span class='ocrx_word' id='word_1_281' title='bbox 2794 3392 2836 3452; x_wconf 76' lang='lat'><strong>⁶.</strong></span> <span class='ocrx_word' id='word_1_282' title='bbox 2873 3394 3014 3452; x_wconf 88' lang='lat' dir='ltr'><strong>Etsi</strong></span> 
     </span>
    </p>
   </div>
   <div class='ocr_carea' id='block_1_3' title="bbox 516 3550 929 3561">
    <p class='ocr_par' dir='ltr' id='par_1_4' title="bbox 516 3550 929 3561">
     <span class='ocr_line' id='line_1_30' title="bbox 516 3550 929 3561; baseline 0 1739"><span class='ocrx_word' id='word_1_283' title='bbox 516 3550 929 3561; x_wconf 95' lang='lat' dir='ltr'><strong> </strong></span> 
     </span>
    </p>
   </div>
   <div class='ocr_carea' id='block_1_4' title="bbox 516 3636 3022 4663">
    <p class='ocr_par' dir='ltr' id='par_1_5' title="bbox 516 3636 3022 4663">
     <span class='ocr_line' id='line_1_31' title="bbox 729 3636 3016 3703; baseline 0 -15"><span class='ocrx_word' id='word_1_284' title='bbox 729 3638 767 3703; x_wconf 90' lang='lat'><strong>¹)</strong></span> <span class='ocrx_word' id='word_1_285' title='bbox 822 3639 886 3688; x_wconf 88' lang='lat' dir='ltr'><strong>V.</strong></span> <span class='ocrx_word' id='word_1_286' title='bbox 938 3636 1167 3699; x_wconf 80' lang='lat' dir='ltr'><strong>Genthe,</strong></span> <span class='ocrx_word' id='word_1_287' title='bbox 1224 3638 1311 3687; x_wconf 88' lang='lat' dir='ltr'><strong>die</strong></span> <span class='ocrx_word' id='word_1_288' title='bbox 1364 3638 1632 3703; x_wconf 82' lang='lat' dir='ltr'><strong>Jungfrau</strong></span> <span class='ocrx_word' id='word_1_289' title='bbox 1685 3638 1860 3687; x_wconf 83' lang='lat' dir='ltr'><strong>Maria</strong></span> <span class='ocrx_word' id='word_1_290' title='bbox 1913 3637 2026 3687; x_wconf 89' lang='lat' dir='ltr'><strong>und</strong></span> <span class='ocrx_word' id='word_1_291' title='bbox 2078 3637 2159 3687; x_wconf 88' lang='lat' dir='ltr'><strong>ihr</strong></span> <span class='ocrx_word' id='word_1_292' title='bbox 2209 3637 2582 3702; x_wconf 81' lang='lat' dir='ltr'><strong>Evangelium.</strong></span> <span class='ocrx_word' id='word_1_293' title='bbox 2637 3637 2797 3687; x_wconf 86' lang='lat' dir='ltr'><strong>Halle</strong></span> <span class='ocrx_word' id='word_1_294' title='bbox 2853 3640 3016 3688; x_wconf 84' lang='grc'><strong>1860.</strong></span> 
     </span>
     <span class='ocr_line' id='line_1_32' title="bbox 517 3724 3017 3793; baseline 0 -18"><span class='ocrx_word' id='word_1_295' title='bbox 517 3726 559 3793; x_wconf 82' lang='lat'><strong>2)</strong></span> <span class='ocrx_word' id='word_1_296' title='bbox 598 3726 738 3775; x_wconf 88' lang='lat' dir='ltr'><strong>Olim</strong></span> <span class='ocrx_word' id='word_1_297' title='bbox 763 3726 869 3775; x_wconf 84' lang='lat' dir='ltr'><strong>iam</strong></span> <span class='ocrx_word' id='word_1_298' title='bbox 896 3724 1093 3774; x_wconf 84' lang='lat' dir='ltr'><strong>Christi</strong></span> <span class='ocrx_word' id='word_1_299' title='bbox 1126 3724 1292 3775; x_wconf 86' lang='lat' dir='ltr'><strong>libros</strong></span> <span class='ocrx_word' id='word_1_300' title='bbox 1328 3724 1616 3775; x_wconf 87' lang='lat' dir='ltr'><strong>nonnullos</strong></span> <span class='ocrx_word' id='word_1_301' title='bbox 1656 3725 1726 3774; x_wconf 82' lang='lat' dir='ltr'><strong>ad</strong></span> <span class='ocrx_word' id='word_1_302' title='bbox 1760 3725 1976 3774; x_wconf 89' lang='lat' dir='ltr'><strong>Petrum</strong></span> <span class='ocrx_word' id='word_1_303' title='bbox 2002 3728 2056 3773; x_wconf 90' lang='lat' dir='ltr'><strong>et</strong></span> <span class='ocrx_word' id='word_1_304' title='bbox 2078 3724 2322 3786; x_wconf 87' lang='lat' dir='ltr'><strong>Paulum,</strong></span> <span class='ocrx_word' id='word_1_305' title='bbox 2359 3726 2694 3775; x_wconf 87' lang='lat' dir='ltr'><strong>continentes</strong></span> <span class='ocrx_word' id='word_1_306' title='bbox 2721 3739 2812 3774; x_wconf 87' lang='lat' dir='ltr'><strong>eas</strong></span> <span class='ocrx_word' id='word_1_307' title='bbox 2847 3730 3017 3787; x_wconf 71' lang='lat' dir='ltr'><strong>arteS,</strong></span> 
     </span>
     <span class='ocr_line' id='line_1_33' title="bbox 520 3809 3016 3879; baseline -0 -17"><span class='ocrx_word' id='word_1_308' title='bbox 520 3813 713 3879; x_wconf 87' lang='lat' dir='ltr'><strong>quibus</strong></span> <span class='ocrx_word' id='word_1_309' title='bbox 738 3812 1069 3878; x_wconf 82' lang='lat' dir='ltr'><strong>patraverint</strong></span> <span class='ocrx_word' id='word_1_310' title='bbox 1092 3811 1349 3861; x_wconf 83' lang='lat' dir='ltr'><strong>miracula</strong></span> <span class='ocrx_word' id='word_1_311' title='bbox 1373 3826 1473 3861; x_wconf 84' lang='lat' dir='ltr'><strong>sua</strong></span> <span class='ocrx_word' id='word_1_312' title='bbox 1497 3812 1883 3863; x_wconf 81' lang='lat' dir='ltr'><strong>circumtulisse</strong></span> <span class='ocrx_word' id='word_1_313' title='bbox 1913 3811 2236 3877; x_wconf 84' lang='lat' dir='ltr'><strong>desipientes</strong></span> <span class='ocrx_word' id='word_1_314' title='bbox 2262 3810 2548 3877; x_wconf 85' lang='lat' dir='ltr'><strong>quosdam:</strong></span> <span class='ocrx_word' id='word_1_315' title='bbox 2578 3809 2631 3861; x_wconf 89' lang='lat' dir='ltr'><strong>S.</strong></span> <span class='ocrx_word' id='word_1_316' title='bbox 2656 3811 3016 3877; x_wconf 82' lang='lat' dir='ltr'><strong>Augustinus,</strong></span> 
     </span>
     <span class='ocr_line' id='line_1_34' title="bbox 518 3897 3022 3965; baseline -0.001 -16"><span class='ocrx_word' id='word_1_317' title='bbox 518 3900 586 3950; x_wconf 87' lang='lat' dir='ltr'><strong>de</strong></span> <span class='ocrx_word' id='word_1_318' title='bbox 623 3900 902 3950; x_wconf 88' lang='lat' dir='ltr'><strong>Consensu</strong></span> <span class='ocrx_word' id='word_1_319' title='bbox 939 3899 1145 3965; x_wconf 86' lang='lat' dir='ltr'><strong>Evang.</strong></span> <span class='ocrx_word' id='word_1_320' title='bbox 1183 3899 1219 3949; x_wconf 91' lang='lat'><strong>1.</strong></span> <span class='ocrx_word' id='word_1_321' title='bbox 1258 3900 1301 3949; x_wconf 93' lang='lat' dir='ltr'><strong>I.</strong></span> <span class='ocrx_word' id='word_1_322' title='bbox 1339 3915 1385 3949; x_wconf 93' lang='lat' dir='ltr'><strong>c.</strong></span> <span class='ocrx_word' id='word_1_323' title='bbox 1424 3902 1472 3950; x_wconf 85' lang='lat'><strong>9.</strong></span> <span class='ocrx_word' id='word_1_324' title='bbox 1512 3902 1594 3950; x_wconf 92' lang='grc'><strong>10.</strong></span> <span class='ocrx_word' id='word_1_325' title='bbox 1630 3917 1683 3965; x_wconf 89' lang='lat' dir='ltr'><strong>p.</strong></span> <span class='ocrx_word' id='word_1_326' title='bbox 1714 3903 1759 3949; x_wconf 84' lang='grc'><strong>7.</strong></span> <span class='ocrx_word' id='word_1_327' title='bbox 1786 3901 1834 3950; x_wconf 91' lang='grc'><strong>8.</strong></span> <span class='ocrx_word' id='word_1_328' title='bbox 1872 3904 2113 3961; x_wconf 88' lang='lat' dir='ltr'><strong>testatur,</strong></span> <span class='ocrx_word' id='word_1_329' title='bbox 2152 3914 2350 3964; x_wconf 88' lang='lat' dir='ltr'><strong>eosque</strong></span> <span class='ocrx_word' id='word_1_330' title='bbox 2387 3897 2709 3963; x_wconf 84' lang='lat' dir='ltr'><strong>putidissimi</strong></span> <span class='ocrx_word' id='word_1_331' title='bbox 2742 3898 3022 3948; x_wconf 88' lang='lat' dir='ltr'><strong>mendacii</strong></span> 
     </span>
     <span class='ocr_line' id='line_1_35' title="bbox 516 3984 3018 4053; baseline -0 -17"><span class='ocrx_word' id='word_1_332' title='bbox 516 3988 630 4037; x_wconf 81' lang='lat' dir='ltr'><strong>iure</strong></span> <span class='ocrx_word' id='word_1_333' title='bbox 667 3988 859 4053; x_wconf 84' lang='lat' dir='ltr'><strong>arguit.</strong></span> <span class='ocrx_word' id='word_1_334' title='bbox 908 3984 990 4037; x_wconf 89' lang='lat' dir='ltr'><strong>Cf.</strong></span> <span class='ocrx_word' id='word_1_335' title='bbox 1016 3987 1184 4037; x_wconf 89' lang='lat' dir='ltr'><strong>eiusd.</strong></span> <span class='ocrx_word' id='word_1_336' title='bbox 1222 3992 1411 4037; x_wconf 87' lang='lat' dir='ltr'><strong>contra</strong></span> <span class='ocrx_word' id='word_1_337' title='bbox 1435 3988 1696 4037; x_wconf 83' lang='lat' dir='ltr'><strong>Faustum</strong></span> <span class='ocrx_word' id='word_1_338' title='bbox 1719 3987 1789 4049; x_wconf 90' lang='lat' dir='ltr'><strong>H,</strong></span> <span class='ocrx_word' id='word_1_339' title='bbox 1816 3988 1863 4036; x_wconf 85' lang='lat'><strong>6.</strong></span> <span class='ocrx_word' id='word_1_340' title='bbox 1889 4003 1942 4051; x_wconf 89' lang='lat' dir='ltr'><strong>p.</strong></span> <span class='ocrx_word' id='word_1_341' title='bbox 1967 3988 2050 4037; x_wconf 90' lang='grc'><strong>89.</strong></span> <span class='ocrx_word' id='word_1_342' title='bbox 2089 3990 2142 4035; x_wconf 87' lang='lat' dir='ltr'><strong>et</strong></span> <span class='ocrx_word' id='word_1_343' title='bbox 2166 3985 2302 4035; x_wconf 88' lang='lat' dir='ltr'><strong>Acta</strong></span> <span class='ocrx_word' id='word_1_344' title='bbox 2335 4001 2454 4035; x_wconf 89' lang='lat' dir='ltr'><strong>cum</strong></span> <span class='ocrx_word' id='word_1_345' title='bbox 2480 3985 2663 4036; x_wconf 84' lang='lat' dir='ltr'><strong>Felice</strong></span> <span class='ocrx_word' id='word_1_346' title='bbox 2687 3985 3018 4035; x_wconf 85' lang='lat' dir='ltr'><strong>Manichaeo</strong></span> 
     </span>
     <span class='ocr_line' id='line_1_36' title="bbox 516 4072 3020 4139; baseline -0 -16"><span class='ocrx_word' id='word_1_347' title='bbox 516 4074 588 4136; x_wconf 92' lang='lat'><strong>11,</strong></span> <span class='ocrx_word' id='word_1_348' title='bbox 626 4076 676 4123; x_wconf 85' lang='grc'><strong>6.</strong></span> <span class='ocrx_word' id='word_1_349' title='bbox 712 4091 765 4139; x_wconf 90' lang='lat' dir='ltr'><strong>p.</strong></span> <span class='ocrx_word' id='word_1_350' title='bbox 798 4076 917 4124; x_wconf 87' lang='lat'><strong>489.</strong></span> <span class='ocrx_word' id='word_1_351' title='bbox 954 4074 1049 4123; x_wconf 88' lang='lat' dir='ltr'><strong>ubi</strong></span> <span class='ocrx_word' id='word_1_352' title='bbox 1086 4075 1183 4125; x_wconf 82' lang='lat' dir='ltr'><strong>ait:</strong></span> <span class='ocrx_word' id='word_1_353' title='bbox 1232 4074 1490 4137; x_wconf 84' lang='lat' dir='ltr'><strong>„Habetis</strong></span> <span class='ocrx_word' id='word_1_354' title='bbox 1531 4076 1692 4124; x_wconf 84' lang='lat' dir='ltr'><strong>etiam</strong></span> <span class='ocrx_word' id='word_1_355' title='bbox 1727 4073 1831 4123; x_wconf 89' lang='lat' dir='ltr'><strong>hoc</strong></span> <span class='ocrx_word' id='word_1_356' title='bbox 1865 4074 1922 4122; x_wconf 90' lang='lat' dir='ltr'><strong>in</strong></span> <span class='ocrx_word' id='word_1_357' title='bbox 1961 4074 2234 4137; x_wconf 79' lang='lat' dir='ltr'><strong>scripturis</strong></span> <span class='ocrx_word' id='word_1_358' title='bbox 2271 4073 2608 4138; x_wconf 79' lang='lat' dir='ltr'><strong>apocryphis,</strong></span> <span class='ocrx_word' id='word_1_359' title='bbox 2648 4087 2781 4138; x_wconf 86' lang='lat' dir='ltr'><strong>quas</strong></span> <span class='ocrx_word' id='word_1_360' title='bbox 2819 4072 3020 4122; x_wconf 85' lang='lat' dir='ltr'><strong>Canon</strong></span> 
     </span>
     <span class='ocr_line' id='line_1_37' title="bbox 518 4160 3020 4227; baseline 0 -17"><span class='ocrx_word' id='word_1_361' title='bbox 518 4161 735 4227; x_wconf 88' lang='lat' dir='ltr'><strong>quidem</strong></span> <span class='ocrx_word' id='word_1_362' title='bbox 784 4160 1080 4211; x_wconf 86' lang='lat' dir='ltr'><strong>catholicus</strong></span> <span class='ocrx_word' id='word_1_363' title='bbox 1127 4177 1237 4211; x_wconf 86' lang='lat' dir='ltr'><strong>non</strong></span> <span class='ocrx_word' id='word_1_364' title='bbox 1288 4162 1541 4225; x_wconf 86' lang='lat' dir='ltr'><strong>admittit,</strong></span> <span class='ocrx_word' id='word_1_365' title='bbox 1590 4161 1746 4211; x_wconf 87' lang='lat' dir='ltr'><strong>vobis</strong></span> <span class='ocrx_word' id='word_1_366' title='bbox 1795 4164 1975 4209; x_wconf 87' lang='lat' dir='ltr'><strong>autem</strong></span> <span class='ocrx_word' id='word_1_367' title='bbox 2017 4164 2169 4210; x_wconf 83' lang='lat' dir='ltr'><strong>tanto</strong></span> <span class='ocrx_word' id='word_1_368' title='bbox 2213 4162 2486 4225; x_wconf 85' lang='lat' dir='ltr'><strong>graviores</strong></span> <span class='ocrx_word' id='word_1_369' title='bbox 2537 4165 2686 4223; x_wconf 87' lang='lat' dir='ltr'><strong>sunt,</strong></span> <span class='ocrx_word' id='word_1_370' title='bbox 2738 4164 2935 4225; x_wconf 88' lang='lat' dir='ltr'><strong>quanto</strong></span> <span class='ocrx_word' id='word_1_371' title='bbox 2981 4176 3020 4210; x_wconf 81' lang='lat' dir='ltr'><strong>a</strong></span> 
     </span>
     <span class='ocr_line' id='line_1_38' title="bbox 518 4247 3016 4313; baseline -0 -15"><span class='ocrx_word' id='word_1_372' title='bbox 518 4248 785 4298; x_wconf 87' lang='lat' dir='ltr'><strong>catholico</strong></span> <span class='ocrx_word' id='word_1_373' title='bbox 834 4247 1055 4300; x_wconf 85' lang='lat' dir='ltr'><strong>Canone</strong></span> <span class='ocrx_word' id='word_1_374' title='bbox 1102 4248 1504 4298; x_wconf 84' lang='lat' dir='ltr'><strong>excluduntur.“</strong></span> <span class='ocrx_word' id='word_1_375' title='bbox 1568 4249 1717 4298; x_wconf 86' lang='lat' dir='ltr'><strong>Idem</strong></span> <span class='ocrx_word' id='word_1_376' title='bbox 1762 4252 1988 4298; x_wconf 88' lang='lat' dir='ltr'><strong>testatur</strong></span> <span class='ocrx_word' id='word_1_377' title='bbox 2025 4247 2074 4296; x_wconf 90' lang='lat' dir='ltr'><strong>d.</strong></span> <span class='ocrx_word' id='word_1_378' title='bbox 2111 4247 2473 4313; x_wconf 85' lang='lat' dir='ltr'><strong>Epiphanius,</strong></span> <span class='ocrx_word' id='word_1_379' title='bbox 2520 4247 2664 4297; x_wconf 85' lang='lat' dir='ltr'><strong>haer.</strong></span> <span class='ocrx_word' id='word_1_380' title='bbox 2702 4248 2919 4310; x_wconf 90' lang='lat' dir='ltr'><strong>XLVII,</strong></span> <span class='ocrx_word' id='word_1_381' title='bbox 2963 4251 3016 4298; x_wconf 93' lang='lat'><strong>1.</strong></span> 
     </span>
     <span class='ocr_line' id='line_1_39' title="bbox 517 4334 3018 4401; baseline 0 -16"><span class='ocrx_word' id='word_1_382' title='bbox 517 4353 571 4401; x_wconf 93' lang='lat' dir='ltr'><strong>p.</strong></span> <span class='ocrx_word' id='word_1_383' title='bbox 607 4337 726 4386; x_wconf 84' lang='lat'><strong>400.</strong></span> <span class='ocrx_word' id='word_1_384' title='bbox 762 4335 905 4398; x_wconf 87' lang='lat' dir='ltr'><strong>LXI,</strong></span> <span class='ocrx_word' id='word_1_385' title='bbox 946 4338 993 4385; x_wconf 89' lang='lat'><strong>1.</strong></span> <span class='ocrx_word' id='word_1_386' title='bbox 1030 4352 1082 4401; x_wconf 90' lang='lat' dir='ltr'><strong>p.</strong></span> <span class='ocrx_word' id='word_1_387' title='bbox 1120 4336 1240 4385; x_wconf 81' lang='lat'><strong>506.</strong></span> <span class='ocrx_word' id='word_1_388' title='bbox 1276 4336 1473 4398; x_wconf 89' lang='lat' dir='ltr'><strong>LXIII,</strong></span> <span class='ocrx_word' id='word_1_389' title='bbox 1510 4338 1559 4385; x_wconf 93' lang='grc'><strong>2.</strong></span> <span class='ocrx_word' id='word_1_390' title='bbox 1596 4353 1649 4401; x_wconf 88' lang='lat' dir='ltr'><strong>p.</strong></span> <span class='ocrx_word' id='word_1_391' title='bbox 1676 4337 1796 4385; x_wconf 83' lang='lat'><strong>521.</strong></span> <span class='ocrx_word' id='word_1_392' title='bbox 1835 4340 1888 4385; x_wconf 91' lang='lat' dir='ltr'><strong>et</strong></span> <span class='ocrx_word' id='word_1_393' title='bbox 1922 4335 2162 4397; x_wconf 87' lang='lat' dir='ltr'><strong>Photius,</strong></span> <span class='ocrx_word' id='word_1_394' title='bbox 2199 4334 2455 4384; x_wconf 87' lang='lat' dir='ltr'><strong>Biblioth.</strong></span> <span class='ocrx_word' id='word_1_395' title='bbox 2495 4334 2612 4385; x_wconf 88' lang='lat' dir='ltr'><strong>cod.</strong></span> <span class='ocrx_word' id='word_1_396' title='bbox 2653 4337 2772 4385; x_wconf 87' lang='lat'><strong>114.</strong></span> <span class='ocrx_word' id='word_1_397' title='bbox 2809 4352 2860 4401; x_wconf 88' lang='lat' dir='ltr'><strong>p.</strong></span> <span class='ocrx_word' id='word_1_398' title='bbox 2888 4337 3018 4385; x_wconf 81' lang='lat'><strong>390.</strong></span> 
     </span>
     <span class='ocr_line' id='line_1_40' title="bbox 520 4420 3018 4489; baseline -0.001 -15"><span class='ocrx_word' id='word_1_399' title='bbox 520 4422 561 4487; x_wconf 77' lang='lat'><strong>³)</strong></span> <span class='ocrx_word' id='word_1_400' title='bbox 600 4424 662 4474; x_wconf 85' lang='lat' dir='ltr'><strong>V.</strong></span> <span class='ocrx_word' id='word_1_401' title='bbox 700 4422 763 4473; x_wconf 84' lang='lat' dir='ltr'><strong>A.</strong></span> <span class='ocrx_word' id='word_1_402' title='bbox 804 4422 995 4486; x_wconf 87' lang='lat' dir='ltr'><strong>Hahn,</strong></span> <span class='ocrx_word' id='word_1_403' title='bbox 1044 4422 1336 4473; x_wconf 87' lang='lat' dir='ltr'><strong>Antithesis</strong></span> <span class='ocrx_word' id='word_1_404' title='bbox 1386 4423 1674 4473; x_wconf 87' lang='lat' dir='ltr'><strong>Marcionis</strong></span> <span class='ocrx_word' id='word_1_405' title='bbox 1727 4422 1984 4473; x_wconf 81' lang='lat' dir='ltr'><strong>Gnostici.</strong></span> <span class='ocrx_word' id='word_1_406' title='bbox 2033 4423 2272 4488; x_wconf 84' lang='lat' dir='ltr'><strong>Regiom.</strong></span> <span class='ocrx_word' id='word_1_407' title='bbox 2313 4422 2463 4472; x_wconf 82' lang='lat'><strong>1823.</strong></span> <span class='ocrx_word' id='word_1_408' title='bbox 2513 4438 2564 4487; x_wconf 92' lang='lat' dir='ltr'><strong>p.</strong></span> <span class='ocrx_word' id='word_1_409' title='bbox 2603 4424 2687 4471; x_wconf 87' lang='grc'><strong>34.</strong></span> <span class='ocrx_word' id='word_1_410' title='bbox 2761 4420 2804 4489; x_wconf 77' lang='lat'><strong>⁴)</strong></span> <span class='ocrx_word' id='word_1_411' title='bbox 2852 4422 3018 4484; x_wconf 79' lang='lat' dir='ltr'><strong>Quod</strong></span> 
     </span>
     <span class='ocr_line' id='line_1_41' title="bbox 516 4508 3016 4576; baseline 0 -17"><span class='ocrx_word' id='word_1_412' title='bbox 516 4511 745 4561; x_wconf 87' lang='lat' dir='ltr'><strong>testibus</strong></span> <span class='ocrx_word' id='word_1_413' title='bbox 792 4510 1225 4576; x_wconf 86' lang='lat' dir='ltr'><strong>locupletissimis</strong></span> <span class='ocrx_word' id='word_1_414' title='bbox 1276 4511 1507 4575; x_wconf 83' lang='lat' dir='ltr'><strong>probare</strong></span> <span class='ocrx_word' id='word_1_415' title='bbox 1556 4510 1699 4560; x_wconf 89' lang='lat' dir='ltr'><strong>licet.</strong></span> <span class='ocrx_word' id='word_1_416' title='bbox 1773 4510 1814 4575; x_wconf 84' lang='lat'><strong>⁵)</strong></span> <span class='ocrx_word' id='word_1_417' title='bbox 1855 4510 1934 4559; x_wconf 82' lang='lat' dir='ltr'><strong>Cf.</strong></span> <span class='ocrx_word' id='word_1_418' title='bbox 1971 4510 2035 4559; x_wconf 89' lang='lat' dir='ltr'><strong>A.</strong></span> <span class='ocrx_word' id='word_1_419' title='bbox 2073 4509 2338 4571; x_wconf 88' lang='lat' dir='ltr'><strong>Neander,</strong></span> <span class='ocrx_word' id='word_1_420' title='bbox 2388 4508 2818 4574; x_wconf 83' lang='lat' dir='ltr'><strong>Antignosticus.</strong></span> <span class='ocrx_word' id='word_1_421' title='bbox 2866 4510 3016 4560; x_wconf 86' lang='lat' dir='ltr'><strong>Berl.</strong></span> 
     </span>
     <span class='ocr_line' id='line_1_42' title="bbox 526 4594 3016 4663; baseline 0 -17"><span class='ocrx_word' id='word_1_422' title='bbox 526 4596 674 4647; x_wconf 82' lang='lat'><strong>1849.</strong></span> <span class='ocrx_word' id='word_1_423' title='bbox 711 4614 764 4663; x_wconf 89' lang='grc' dir='ltr'><strong>Ρ.</strong></span> <span class='ocrx_word' id='word_1_424' title='bbox 800 4598 920 4647; x_wconf 87' lang='grc'><strong>402.</strong></span> <span class='ocrx_word' id='word_1_425' title='bbox 958 4612 1000 4647; x_wconf 88' lang='lat' dir='ltr'><strong>s.</strong></span> <span class='ocrx_word' id='word_1_426' title='bbox 1075 4594 1115 4663; x_wconf 79' lang='lat'><strong>⁶)</strong></span> <span class='ocrx_word' id='word_1_427' title='bbox 1153 4596 1312 4647; x_wconf 85' lang='lat' dir='ltr'><strong>Hanc</strong></span> <span class='ocrx_word' id='word_1_428' title='bbox 1359 4613 1541 4647; x_wconf 87' lang='lat' dir='ltr'><strong>eorum</strong></span> <span class='ocrx_word' id='word_1_429' title='bbox 1590 4597 1976 4663; x_wconf 86' lang='lat' dir='ltr'><strong>blasphemiam</strong></span> <span class='ocrx_word' id='word_1_430' title='bbox 2015 4596 2068 4646; x_wconf 83' lang='lat' dir='ltr'><strong>S.</strong></span> <span class='ocrx_word' id='word_1_431' title='bbox 2103 4597 2374 4659; x_wconf 84' lang='lat' dir='ltr'><strong>Irenaeus,</strong></span> <span class='ocrx_word' id='word_1_432' title='bbox 2414 4596 2534 4645; x_wconf 84' lang='lat' dir='ltr'><strong>adv.</strong></span> <span class='ocrx_word' id='word_1_433' title='bbox 2572 4596 2720 4646; x_wconf 86' lang='lat' dir='ltr'><strong>haer.</strong></span> <span class='ocrx_word' id='word_1_434' title='bbox 2756 4598 2801 4647; x_wconf 94' lang='grc' dir='ltr'><strong>Ι.</strong></span> <span class='ocrx_word' id='word_1_435' title='bbox 2839 4599 2922 4659; x_wconf 87' lang='grc'><strong>25,</strong></span> <span class='ocrx_word' id='word_1_436' title='bbox 2963 4598 3016 4647; x_wconf 86' lang='grc'><strong>5.</strong></span> 
     </span>
    </p>
   </div>
   <div class='ocr_carea' id='block_1_5' title="bbox 3298 2575 3308 4031">
    <p class='ocr_par' dir='ltr' id='par_1_6' title="bbox 3298 2575 3308 4031">
     <span class='ocr_line' id='line_1_43' title="bbox 3298 2575 3308 4031; baseline 0 0"><span class='ocrx_word' id='word_1_437' title='bbox 3298 2575 3308 4031; x_wconf 95' lang='lat' dir='ltr'><strong> </strong></span> 
     </span>
    </p>
   </div>
  </div>
 </body>
</html>
