3309 5300
1117 380 1178 422 De
1207 382 1378 423 canone
1406 382 1452 423 S.
1479 380 1643 423 Libror.
1675 381 1783 423 Nov.
1812 381 1933 424 Test.
2674 369 2757 433 47

269 560 490 624 eiusque
542 563 652 609 tres
701 558 956 623 epistolas
995 558 1427 623 Chrysostomum
1480 558 1747 623 recepisse
1784 560 2011 607 testatur
2050 557 2259 619 Suidas‚
2301 558 2434 607 Lex.
2475 557 2557 607 ed.
2596 558 2759 607 Bern-

268 645 453 710 hardy.
492 661 535 695 s.
573 661 624 694 v.
664 640 894 707 Ἰωάννης
941 645 984 707 Ι,
1025 646 1203 707 1023.;
1253 644 1502 709 idemque
1548 642 1864 693 confirmant
1909 643 2031 693 loca
2078 660 2143 692 ex
2188 643 2269 693 his
2320 644 2541 709 Scriptis
2579 644 2760 693 allata.

269 732 447 781 Etiam
487 731 730 797 epistolis
765 731 978 792 Jacobi,
1015 732 1085 781 Π.
1110 732 1256 780 Petri
1282 735 1444 795 atque
1470 730 1646 779 Judae
1672 745 1801 780 usus
1828 735 1923 779 est.
1973 730 2053 780 cf.
2078 732 2163 779 Ei.
2192 731 2257 780 de
2284 732 2580 781 sacerdotio
2606 731 2639 781 l.
2666 732 2763 781 III.

269 836 320 883 p.
346 820 466 869 384.
507 820 563 867 in
600 818 789 867 Matth.
829 817 968 879 hom.
1005 820 1089 880 65,
1127 819 1176 866 6.
1213 833 1265 882 Ρ.
1305 819 1422 866 651.

481 904 774 954 Canonis
823 903 1380 967 Jerosolymitani
1431 908 1484 953 et
1518 902 1885 953 Ecclesiarum
1922 906 2067 953 circa
2115 904 2564 954 Palaestinam
2601 911 2765 956 testes

269 994 458 1041 sunto:
501 992 552 1041 S.
593 990 888 1055 Cyrillus
925 991 1208 1051 HieroS.,
1255 990 1348 1054 qui
1385 994 1488 1039 cat.
1525 991 1617 1051 IV,
1657 992 1741 1039 36.
1778 1007 1829 1056 p.
1857 992 1939 1039 69.
1980 990 2229 1056 explicite
2267 991 2427 1041 tradit
2463 994 2765 1057 catalogum

269 1080 330 1127 L.
369 1078 436 1127 L.
476 1078 543 1126 N.
582 1077 673 1126 T.:
723 1082 983 1142 „quatuor
1019 1076 1296 1125 dumtaxat
1329 1075 1642 1140 Evangelia,
1681 1077 2058 1141 Apostolorum
2097 1082 2234 1140 acta,
2272 1084 2475 1143 septem
2514 1079 2767 1145 epistolas

271 1164 595 1227 catholicas,
635 1164 792 1214 Pauli
831 1163 1282 1229 quatuordecim-‘⁴
1347 1164 1519 1223 Quam
1554 1180 1683 1212 vero
1723 1163 1773 1213 S.
1815 1163 2047 1227 Cyrillus
2086 1169 2497 1215 commemorare
2532 1171 2767 1231 praeter-

269 1252 414 1301 misit
449 1251 858 1317 Apocalypsim,
905 1249 1206 1299 Ecclesiam
1242 1249 1788 1313 Hierosolymitanam
1822 1251 1878 1298 in
1918 1248 2137 1299 Canone
2173 1251 2237 1300 N.
2277 1253 2338 1300 Τ.
2375 1252 2525 1301 nulla
2562 1252 2769 1303 dubita-

269 1339 436 1388 tionis
475 1338 870 1403 significatione
908 1336 1371 1401 comprehendisse
1413 1336 1578 1385 refert
1613 1335 1666 1385 S.
1705 1336 1742 1385 J
1754 1351 1998 1386 oannes
2034 1338 2514 1403 Damascenus,
2563 1339 2628 1388 de
2664 1338 2769 1389 fide

271 1424 576 1474 orthodoxa
611 1425 703 1485 IV,
746 1425 828 1473 17.
864 1440 915 1489 p.
955 1424 1072 1473 284.
1135 1421 1516 1472 concludimus
1552 1424 1710 1473 istam
1746 1424 1960 1473 testium
2006 1425 2198 1473 seriem
2234 1424 2485 1489 suffragio
2532 1424 2584 1473 S.
2622 1426 2769 1488 Epi-

265 1512 526 1577 phanii.
579 1512 631 1561 Is
669 1510 813 1559 haer.
853 1510 1093 1559 LXXVI.
1132 1508 1271 1558 conf.
1301 1510 1348 1558 ὅ.
1375 1525 1426 1574 p.
1453 1511 1572 1558 941.
1609 1511 1668 1557 in
1704 1525 1799 1559 suo
1829 1508 2050 1560 Canone
2076 1509 2129 1560 S.
2157 1510 2209 1559 S.
2237 1512 2351 1561 sine
2389 1511 2771 1562 detrectatione

271 1614 463 1648 omnes
503 1598 718 1647 admisit
751 1598 948 1647 Libros
987 1598 1050 1645 N.
1087 1597 1166 1657 T.,
1217 1595 1281 1643 de
1329 1597 1522 1659 quibus
1572 1596 1698 1644 olim
1735 1595 1834 1644 fuit
1877 1595 2200 1659 dubitatum,
2247 1613 2346 1646 nec
2383 1599 2549 1662 ipsius
2596 1603 2771 1649 aetate

267 1701 440 1750 penes
481 1685 742 1750 quosdam
781 1683 1041 1733 dubitatio
1081 1682 1328 1732 desierat.
1401 1683 1596 1732 Libros
1635 1682 1687 1731 S.
1726 1683 1792 1733 N.
1832 1684 1892 1731 T.
1933 1698 2115 1749 omnes
2155 1700 2289 1749 quos
2326 1684 2576 1734 Ecclesia
2612 1686 2775 1735 habet

268 1772 583 1822 Canonicos
618 1788 744 1821 vere
781 1770 1009 1820 Divinos
1049 1786 1190 1831 esse,
1243 1774 1610 1835 argumentum
1662 1769 1891 1835 denique
1939 1770 2081 1819 haud
2125 1771 2481 1836 spernendum
2519 1756 2772 1823 sumitur:

270 1876 335 1909 ex
393 1861 645 1923 martyrio
695 1860 982 1923 primorum
1027 1856 1450 1907 Christianorum
1485 1858 1542 1905 in
1579 1857 1823 1905 omnibus
1868 1858 2111 1921 partibus
2158 1859 2356 1908 mundi.
2418 1860 2573 1919 Quod
2618 1874 2771 1925 argu-

271 1951 514 1996 mentum
553 1947 795 2012 pluribus
833 1945 1121 1995 luminibus
1159 1948 1368 1995 ornavit
1401 1945 1711 2009 Haneberg,
1749 1944 1783 1993 1.
1824 1960 1867 1993 c.
1906 1962 1958 2009 p.
1997 1946 2080 1995 59.
2118 1962 2161 1995 s.

486 2032 626 2082 Cum
663 2032 1074 2083 succedentibus
1111 2034 1456 2098 temporibuS,
1497 2031 1773 2096 explorata
1809 2033 1887 2080 rei
1923 2033 2163 2095 veritate,
2212 2048 2393 2083 omnes
2431 2035 2595 2085 totius
2632 2036 2773 2084 orbis

275 2120 563 2171 Ecclesiae
623 2120 816 2169 Libros
875 2120 940 2168 N.
997 2119 1057 2167 T.
1121 2120 1186 2169 de
1247 2121 1442 2185 quibus
1503 2117 1795 2183 aliquando
1859 2118 2157 2168 dubitatum
2216 2120 2391 2169 fuerat
2445 2123 2776 2187 susceperint

275 2212 557 2272 tamquam
591 2207 847 2270 Divinos3
895 2211 1039 2255 certe
1086 2207 1372 2256 tenendum
1420 2211 1501 2257 est
1548 2221 1640 2255 eos
1679 2220 1867 2254 revera
1902 2205 2037 2255 tales
2084 2222 2217 2256 esse.
2286 2207 2427 2257 Sane
2477 2209 2522 2258 si
2569 2213 2777 2258 constet

277 2295 461 2344 Deum
498 2296 751 2344 assistere
790 2293 1068 2343 Ecclesiae
1115 2310 1246 2343 suae
1283 2310 1350 2343 ne
1397 2298 1560 2357 erret3
1611 2309 1719 2342 non
1757 2298 1932 2357 potest
1966 2293 2055 2341 vel
2091 2296 2340 2359 cogitari,
2387 2300 2447 2344 ut
2491 2296 2538 2345 is
2583 2311 2775 2360 passus

277 2384 346 2431 sit
383 2396 642 2447 sponsam
675 2396 826 2431 suam
864 2381 1039 2446 decipi
1064 2386 1158 2430 aut
1183 2368 1531 2447 approbando
1568 2381 1733 2430 libros
1772 2380 2073 2442 mendaces,
2113 2386 2207 2430 aut
2242 2397 2337 2447 pro
2364 2382 2576 2432 Divinis
2611 2383 2776 2433 libros

279 2484 388 2518 non
428 2468 660 2518 divinos.
711 2469 890 2527 Quare
927 2469 1042 2517 iure
1079 2470 1375 2533 meritoque
1413 2468 1466 2518 S.
1493 2467 1742 2532 Synodus
1767 2468 2083 2517 Tridentina
2120 2468 2534 2519 orthodoxorum
2558 2470 2775 2519 Patrum

279 2555 588 2620 exemplum
625 2560 829 2616 secuta,
868 2555 1011 2605 Sess.
1035 2556 1128 2605 IV.
1167 2556 1232 2604 de
1273 2554 1561 2605 Canonicis
1601 2556 1905 2619 ScripturiS,
1945 2554 2088 2605 clare
2115 2560 2169 2604 et
2194 2555 2436 2605 distincte
2474 2559 2776 2605 enumerat:

283 2642 630 2702 „Testamenti
667 2641 823 2706 Novi,
864 2648 1076 2707 quatuor
1113 2642 1423 2709 Evanqelia,
1461 2640 1731 2694 secundum
1770 2641 2109 2705 Malthaeum,
2148 2640 2408 2706 Marcum,
2458 2642 2681 2707 Lucam,
2732 2648 2779 2693 et

278 2729 534 2780 ,loannem
546 2748 565 2790 ,·
600 2728 754 2778 Actus
790 2729 1136 2794 Apostolorum
1171 2748 1205 2779 a
1243 2729 1386 2779 Luca
1421 2729 1753 2795 Evanyelisla
1787 2728 2053 2794 conscripti
2064 2747 2083 2789 ,⁰
2130 2729 2507 2793 quatuordecim
2543 2731 2779 2794 epistolae

280 2816 443 2866 Pauli
479 2816 712 2881 Apostoli
748 2817 818 2866 ad
855 2817 1137 2879 Romanos,
1189 2816 1324 2868 duae
1371 2817 1442 2866 ad
1493 2815 1807 2876 Corinthioe,
1855 2815 1925 2866 ad
1985 2815 2228 2879 Galatas,
2276 2815 2348 2866 ad
2395 2815 2659 2881 splzesios,
2708 2817 2781 2867 acl

282 2903 660 2968 Philippenses,
710 2903 780 2952 ad
821 2903 1144 2967 Colossemes,
1193 2905 1330 2954 duae
1379 2904 1450 2954 ad
1505 2904 1982 2965 Thessalonicenses,
2034 2903 2166 2954 duae
2212 2903 2285 2954 ad
2338 2904 2660 2967 Timotheum,
2710 2905 2781 2954 ad

287 2991 478 3054 Titum,
529 2990 602 3040 ad
649 2991 1009 3054 Philemonem,
1057 2991 1128 3041 ad
1175 2992 1452 3054 Hebraeos,
1501 2992 1650 3042 Petri
1698 2991 1930 3055 Apostoli
1978 2991 2125 3053 duae,
2173 2991 2391 3042 Joanm‘s
2436 3000 2553 3055 tres,
2602 2991 2784 3042 Jacobi

283 3079 519 3152 Apostoli
554 3096 677 3140 una,
727 3078 896 3128 Judae
933 3078 1161 3144 Apostoli
1208 3098 1328 3141 una,
1378 3087 1424 3128 et
1471 3079 1805 3146 Apocalypsis
1839 3079 2057 3129 Joannis
2104 3077 2381 3142 Apostoli.“
2447 3079 2578 3129 Cum
2625 3080 2780 3130 Occi-

284 3165 517 3227 dentali,
571 3166 968 3216 Orientalis
1015 3182 1228 3232 quoque
1275 3169 1524 3216 convenit
1571 3167 1820 3216 Ecclesia
1866 3183 1975 3216 non
2022 3169 2189 3216 unita.
2250 3167 2489 3233 Apparet
2532 3167 2619 3216 hie
2656 3185 2779 3217 con-

283 3269 480 3302 sensus
515 3253 658 3315 inde,
699 3254 842 3318 quod
878 3260 985 3303 tam
1022 3255 1077 3302 in
1104 3253 1345 3304 Concilio
1387 3254 1737 3319 Lugdunensi
1761 3255 1847 3316 ΙΙ.,
1888 3269 2047 3318 quam
2072 3253 2413 3316 Florentino;
2451 3255 2544 3303 ubi
2570 3272 2687 3304 cum
2714 3256 2781 3304 de

283 3341 488 3390 unione
525 3331 806 3405 ageretur,
837 3339 1136 3406 Graecique
1172 3343 1380 3390 Latinis
1425 3341 1594 3390 multa
1631 3343 1921 3391 obiicerent
1958 3341 2234 3390 divisionis
2272 3343 2475 3407 capita,
2522 3357 2590 3391 ne
2626 3343 2778 3390 mini-

286 3443 434 3476 mum
471 3428 688 3493 quidem
725 3428 944 3477 dubium
983 3427 1047 3477 de
1085 3427 1306 3477 Canone
1345 3428 1397 3477 S.
1427 3428 1478 3477 S.
1515 3429 1818 3478 movebant.
1868 3429 1933 3476 V.
1969 3445 2021 3492 p.
2048 3430 2131 3478 30.
2157 3432 2240 3478 31.
2295 3429 2407 3477 Imo
2446 3429 2605 3478 etiam
2642 3430 2781 3478 inter

285 3513 633 3596 Acatholicos
682 3516 1003 3564 recentiores
1040 3517 1372 3580 reperiuntur
1409 3515 1554 3565 haud
1588 3517 1773 3580 pauci,
1822 3517 1914 3580 qui
1955 3515 2227 3564 volumina
2261 3516 2326 3565 N.
2364 3517 2425 3565 F.
2476 3531 2509 3564 a
2544 3515 2781 3566 Luthero

287 3602 508 3664 reiecta,
547 3602 618 3652 ad
652 3603 930 3668 pristinam
967 3603 1337 3651 auctoritatem
1373 3602 1703 3652 restituenda
1738 3618 1855 3652 esse
1894 3603 2234 3652 arbitrantur.

470 3899 529 3978 ξ.
583 3899 684 3964 15.
747 3869 1569 3982 Analysis‘fragmenti
1616 3895 1825 3982 quod
1869 3899 2157 3982 passim
2202 3901 2618 3979 ,Muratori‘

1365 4020 1715 4075 vocatur.

506 4227 815 4291 „Adservat,
860 4229 1032 4294 inquit
1077 4229 1140 4278 L.
1178 4229 1240 4277 A.
1278 4228 1613 4290 MuratoriuS,
1662 4228 2053 4294 Antiquitatum
2087 4227 2396 4278 Italicarum
2440 4229 2602 4277 medii
2648 4229 2782 4278 aevi.

293 4314 510 4365 Mediol.
564 4317 716 4365 1740.
765 4316 860 4365 ΠΙ.
911 4315 1034 4364 diss.
1082 4316 1647 4381 quadragesimatertia
1698 4332 1749 4379 p.
1798 4316 1935 4376 851„
1972 4315 2323 4364 Ambrosiana
2369 4310 2784 4365 Mediolanensis

293 4403 637 4454 Bibliotheca
673 4404 1136 4452 membranaceum
1163 4403 1428 4464 Codicem‚
1459 4420 1486 4452 e
1512 4403 1768 4452 Bobiensi
1793 4407 2086 4466 acceptum,
2126 4403 2275 4451 cuius
2302 4402 2587 4467 antiquitas
2612 4417 2784 4466 paene

295 4489 366 4538 ad
401 4505 573 4540 annos
628 4489 774 4538 mille
819 4491 1076 4539 accedere
1120 4490 1250 4538 mihi
1284 4492 1401 4540 visa
1447 4493 1574 4539 est.“
1637 4491 1723 4540 Ex
1768 4489 1869 4539 hoc
1908 4489 2105 4538 Codice
2155 4488 2473 4539 Muratorius
2522 4489 2788 4554 decerpsit

296 4577 764 4643 fragmentum
799 4579 1326 4641 antiquissimum
1364 4577 1442 4626 ad
1479 4577 2159 4634 CanonemtDivinarum
2196 4574 2584 4641 Scripturarum
2620 4577 2684 4626 N.
2722 4577 2784 4626 T.
