3309 5300
542 388 673 453 310
1236 401 1471 441 comment.
1502 400 1556 440 de
1584 402 1627 441 S.
1650 401 1862 450 scriptur.
1891 412 1986 453 cap.
2015 403 2119 443 tert.
2150 403 2258 442 sect.
2290 401 2324 442 I.

754 575 831 625 De
870 574 1243 626 Catenarum
1274 575 1441 641 primo
1461 578 1635 639 prima
1671 578 1942 642 origine,
1979 576 2194 641 difficile
2219 584 2290 629 est
2313 577 2515 643 aliquid
2538 582 2662 630 certi
2683 579 2935 645 definire‚·
2971 581 3062 628 sic

543 668 709 715 autem
745 668 799 713 ut
835 665 1108 727 opinamur
1142 680 1224 714 res
1258 662 1459 713 initium
1494 663 1697 714 habuit:
1746 664 2022 729 Postquam
2059 682 2366 716 summorum
2400 665 2628 717 virorum
2661 668 3062 731 illustriumque

546 750 600 801 S.
625 749 681 801 S.
701 749 1059 815 interpretum.-
1085 751 1399 817 Origenis,
1426 750 1755 813 Ammonii‚
1784 750 1836 802 d.
1863 751 2130 816 Basilii,
2169 770 2208 803 s.
2239 752 2712 819 Gregoriorum,
2739 754 3059 821 Dydimi,

546 836 823 888 Diodori
866 838 1228 899 Tarsensis,
1271 837 1587 889 Theodori
1622 838 1714 901 M„
1748 854 1790 889 s.
1815 838 2088 889 Joannis
2117 839 2567 907 Chrysostomi,
2599 858 2644 891 s.
2685 840 2922 909 Cyrilli
2949 840 3062 891 At.

545 925 859 988 aliorumque
905 926 1163 975 volumina
1209 925 1570 987 innotuissent,·
1624 928 1810 989 reperti
1854 932 1985 989 sunt,
2037 925 2126 991 qui
2170 927 2274 978 sive
2323 922 2416 978 ἀπὸ
2451 930 2616 995 φωνῆς
2662 946 2702 979 s.
2740 929 2967 979 Patrum
3010 932 3066 977 et

547 1011 859 1076 Scriptorum
893 1012 957 1063 E.
994 1015 1235 1078 ipsorum,
1284 1011 1389 1063 sive
1426 1028 1491 1063 ex
1526 1013 1732 1063 illorum
1769 1012 1919 1063 editis
1953 1013 2113 1077 libris,
2165 1014 2544 1078 epitomatorum
2580 1021 2761 1080 partes
2807 1017 3064 1083 ayebant.

548 1098 801 1150 Adierunt
839 1098 1070 1166 Oriyenis
1108 1100 1497 1151 Commentarios
1540 1098 1600 1149 in
1644 1116 1814 1151 omnes
1846 1101 1969 1164 fere
2005 1100 2067 1151 L.
2105 1100 2167 1151 L.
2215 1101 2271 1152 V.
2315 1102 2392 1162 T„
2427 1100 2481 1151 d.
2511 1100 2854 1169 Chrysostomi
2884 1103 3064 1154 inter·

543 1186 853 1251 pretationes
888 1192 935 1237 et
970 1186 1220 1249 homilias,
1272 1186 1474 1238 Theodo
1482 1185 1579 1237 reti
1612 1192 1660 1237 et
1695 1204 1734 1237 s.
1778 1186 1963 1253 (Jyrilli
1997 1186 2052 1237 in
2087 1188 2388 1253 Prophetas,
2427 1188 2635 1239 Eusebii
2680 1195 2726 1240 et
2762 1190 2963 1240 Basilii
3005 1188 3068 1238 in

548 1272 759 1333 baiam,
798 1272 850 1325 d.
885 1272 1221 1323 Athanasium
1258 1279 1304 1323 et
1344 1272 1614 1323 Eusebium
1650 1274 1705 1323 in
1741 1273 1992 1338 Psalmo-⁹,
2028 1274 2415 1341 Polychronium
2453 1280 2498 1325 et
2535 1274 2962 1342 Olympiodorum
3003 1274 3068 1324 in

548 1360 732 1411 Jobum
786 1361 1123 1413 lucubrantes.
1186 1360 1328 1412 Idem
1384 1360 1597 1410 obtinuit
1648 1362 1705 1409 in
1754 1360 1820 1411 N.
1875 1360 1932 1411 T.
1995 1360 2098 1411 Hic
2149 1361 2204 1411 in
2246 1380 2287 1412 s.
2325 1360 2638 1413 Matthaeum
2692 1362 2829 1413 basis
2879 1366 3068 1413 instar

540 1448 827 1513 ponebatur
850 1448 901 1499 d.
931 1446 1269 1515 Chrysostomi
1294 1446 1706 1510 Commentarius,
1732 1447 1894 1499 variis
1917 1451 2172 1500 variorum
2209 1448 2448 1515 symbolis
2471 1456 2646 1500 auctus
2658 1468 2678 1512 ,⁰
2710 1452 2766 1499 in
2799 1467 2840 1500 s.
2866 1450 3068 1500 Marco

551 1535 937 1587 commentarius
959 1535 1047 1586 ille
1072 1536 1161 1599 qui
1181 1535 1328 1601 vulqo
1352 1534 1592 1587 Victori
1614 1532 2002 1587 Antiocheno
2027 1536 2297 1598 tribuitur,·
2319 1535 2372 1586 in
2395 1554 2436 1586 s.
2460 1536 2601 1586 Luca
2626 1539 2886 1601 expositio,
2913 1553 3068 1602 quae

558 1621 691 1673 Titi
713 1621 1081 1673 Bostrensis
1115 1638 1293 1673 nomen
1309 1639 1444 1685 prae
1468 1622 1684 1686 sefert;
1716 1624 1773 1672 in
1807 1640 1845 1673 s.
1872 1616 2126 1673 Joannem'
2158 1640 2333 1673 rursus
2368 1642 2410 1677 s.
2437 1622 2869 1690 Chryso-'tomi
2899 1624 3068 1675 C'om·

552 1712 831 1761 mentm-ius
877 1712 1149 1760 intertexta
1184 1706 1441 1759 Ammonii
1484 1709 1836 1774 emplicatione.
1892 1710 1956 1760 In
1992 1708 2120 1760 Acta
2157 1709 2510 1774 Apostolorum
2545 1709 2708 1761 denuo
2735 1711 2948 1775 fundus
2989 1716 3070 1761 est

553 1796 605 1847 d.
631 1796 682 1847 J.
712 1796 1047 1863 Chrysostomi
1087 1796 1499 1860 Commentarius,
1537 1813 1646 1847 cum
1683 1797 1844 1847 multa
1877 1796 2095 1847 aliorum
2133 1800 2280 1862 copia
2317 1803 2682 1861 excerptorum.
2743 1797 3070 1849 Catenarum

552 1886 659 1935 sive
685 1880 975 1953 ἐξηγητικῶν
1000 1885 1166 1952 τομῶν
1192 1881 1392 1953 ἐκλογαὶ
1418 1885 1471 1934 in
1493 1883 1543 1933 d.
1567 1884 1728 1933 Pauli
1753 1883 1848 1949 Ap.
1880 1883 2142 1949 Epistolas
2154 1884 2549 1948 fundamentum
2573 1890 2645 1935 est
2675 1884 2758 1935 Th
2770 1886 2882 1936 eod
2891 1888 3072 1937 oreti

554 1970 802 2037 expositio
824 1974 880 2020 in
904 1972 1133 2021 breviora
1170 1970 1361 2021 scholia
1395 1970 1639 2033 redacta,·
1675 1970 1855 2034 quibus
1890 1972 2061 2021 vntdtis
2093 1970 2147 2021 in
2175 1972 2297 2021 locis
2331 1972 2558 2022 subnexa
2593 1977 2665 2022 est
2697 1972 3068 2038 interpretatio

558 2058 717 2109 Oecu
731 2058 890 2108 meni
898 2058 920 2108 i
929 2096 942 2121 ,
980 2058 1191 2109 adiectis
1226 2060 1343 2109 item
1378 2057 1615 2125 symbolis
1658 2057 1936 2121 Gennadii,
1987 2058 2249 2121 Methodii,
2297 2076 2338 2111 s.
2381 2057 2566 2125 Cyrilli
2597 2060 2933 2125 aliorumque.
2999 2061 3071 2110 In

557 2146 913 2213 Apoealypsim
949 2144 1165 2210 denique
1200 2151 1377 2195 catena
1411 2146 1629 2209 conflata
1652 2153 1726 2195 est
1749 2162 1814 2195 ex
1842 2144 2133 2196 Andreae
2169 2144 2311 2199 Caes.
2349 2145 2470 2209 1¹³4»,
2507 2144 2780 2197 Arethae
2817 2153 2865 2197 et
2901 2146 3070 2198 Oecu-

556 2232 712 2283 menii
746 2234 1133 2283 commentariis.
1189 2233 1253 2282 In
1288 2232 1535 2297 Epi-stolis
1572 2230 1841 2283 Catholicis
1869 2238 2079 2297 praeter
2113 2248 2416 2299 anonymum
2453 2232 2719 2297 quendam,
2757 2236 3071 2283 nominatim

558 2319 902 2371 advocantur.-
956 2318 1091 2370 idem
1139 2336 1180 2368 s.
1218 2318 1269 2369 J.
1310 2317 1712 2385 Clu-ysostomus,
1765 2317 2006 2382 Severus,
2057 2318 2338 2384 Dydimus‚
2391 2337 2431 2369 s.
2485 2319 2724 2386 Cyrillus.
2788 2318 2939 2381 Quod
2993 2318 3071 2368 ad

558 2406 997 2458 consarcinati
1004 2408 1108 2457 oni
1116 2425 1141 2456 s
1175 2408 1487 2457 rationem
1512 2406 1706 2469 attinet,
1729 2405 2068 2456 verisimiliter
2085 2406 2341 2470 haecfuit.
2369 2405 2734 2470 Compilatores
2753 2405 3073 2457 Catenarum

562 2492 875 2559 excerpendo
921 2495 1121 2560 integra
1170 2493 1223 2543 S.
1266 2494 1479 2543 Patrum
1526 2500 1573 2545 et
1624 2492 1940 2557 Scriptorum
1987 2509 2157 2558 opera,
2207 2494 2355 2558 quasi
2399 2493 2455 2543 in
2491 2493 2723 2557 somnam
2768 2495 3075 2559 synopticae

562 2581 891 2647 expositionis
924 2580 1234 2647 redigebant,
1287 2584 1520 2631 continua
1554 2580 1686 2631 serie
1723 2586 1766 2629 et
1801 2580 1909 2631 sine
1947 2579 2001 2631 S.
2041 2580 2096 2656 S:
2141 2580 2332 2641 Teoetu5
2375 2579 2479 2630 nisi
2514 2586 2758 2645 quantum
2795 2579 2870 2630 ad
2906 2582 3072 2631 inter-

555 2669 887 2734 pretationem
914 2669 1129 2733 faeeret,
1158 2668 1467 2734 pedetentim
1501 2675 1672 2719 autem
1707 2668 1762 2718 in
1797 2667 2000 2718 modum
2036 2686 2075 2719 s.
2101 2667 2155 2719 d.
2181 2668 2497 2718 Scholiorum
2523 2684 2568 2718 v.
2586 2686 2644 2733 p.
2677 2671 2794 2718 143.
2833 2667 3071 2731 abibant,

564 2772 693 2821 quae
727 2758 1050 2807 commatibus
1085 2755 1354 2819 disiuncta,
1394 2762 1441 2805 et
1474 2757 1529 2805 in
1566 2759 1672 2805 oris
1709 2755 1966 2818 librorum,
1997 2784 2056 2792 —
2095 2755 2183 2820 qui
2215 2755 2270 2806 in
2304 2755 2471 2806 medio
2497 2758 2728 2821 paqinae
2755 2757 2808 2808 S.
2837 2754 2894 2805 S.
2923 2754 3072 2806 exhi-

564 2843 741 2893 bebant
760 2871 827 2880 -—
846 2844 1209 2894 scribebantur.
1248 2844 1347 2893 His
1370 2842 1572 2892 scholiis
1595 2842 1808 2892 subinde
1833 2842 1886 2892 in
1911 2847 2136 2893 extrema
2159 2842 2388 2908 maryine
2413 2841 2675 2892 adduntur
2693 2841 2747 2893 S.
2767 2843 2833 2893 P.
2855 2850 2904 2893 et
2925 2841 2984 2893 S.
3007 2841 3072 2890 E.

565 2932 825 2980 citationes
837 2951 857 2993 ,-
903 2947 1031 2994 quas
1066 2930 1272 2995 quisque
1308 2931 1603 2994 compilator
1644 2947 1742 2994 pro
1789 2929 2003 2979 arbitrio
2041 2934 2088 2979 et
2113 2929 2368 2993 facultate
2417 2930 2733 2994 excerpebat,
2772 2935 2819 2980 et
2857 2935 3074 2980 catenae

562 3034 685 3068 suae
720 3019 983 3068 inserebat.
1047 3017 1357 3082 Frequenter
1392 3020 1541 3068 etiam
1578 3017 1776 3067 omissis
1820 3019 2148 3082 inteaepretum
2194 3015 2496 3077 nominibus,
2544 3017 2902 3080 compilatores
2951 3017 3075 3064 novi

564 3104 827 3154 cuiusdam
870 3105 1087 3154 auctoris
1126 3105 1507 3168 explicationem
1554 3104 1699 3169 sequi
1746 3109 1990 3170 arguunt,
2039 3103 2239 3154 adiecta
2281 3103 2516 3167 formula
2532 3122 2550 3154 .·
2603 3101 2685 3152 καὶ
2733 3097 2906 3162 ἄλλως
2923 3139 2940 3165 ,
2993 3103 3075 3153 vel

568 3190 752 3241 addita
790 3191 1133 3242 observatione
1170 3186 1511 3260 ἀνεπιγράφου.
1574 3190 1706 3241 Inde
1749 3197 1925 3240 exorta
1970 3196 2042 3240 est
2076 3189 2289 3256 insignis
2325 3189 2504 3240 harum
2547 3189 2857 3240 Catenarum
2895 3188 3074 3240 diver-

564 3278 706 3340 sitas,
756 3281 832 3328 ita
874 3283 929 3328 ut
974 3278 1022 3327 si
1064 3279 1119 3327 in
1164 3277 1375 3327 eundem
1422 3284 1682 3328 contextae
1729 3276 1780 3328 S.
1823 3276 1876 3327 S.
1926 3278 2110 3326 librum
2154 3277 2338 3340 plures
2390 3276 2736 3340 conferantur,
2790 3278 2886 3326 vix
2935 3275 3075 3326 duae

569 3365 768 3415 omnino
805 3365 903 3416 sibi
935 3366 1146 3415 invicem
1180 3363 1535 3429 respondeant.
1574 3363 1808 3414 Omnium
1837 3363 2088 3425 Codicum,
2125 3365 2212 3427 qui
2239 3361 2547 3413 Catenarum
2572 3363 2802 3427 formam
2837 3362 3076 3426 referunt

568 3454 930 3503 vetustissimus
966 3459 1039 3502 est
1076 3451 1513 3502 Coislinianus
1552 3451 1726 3502 Codex
1759 3451 1804 3501 I.
1842 3452 1960 3500 olim
1987 3449 2130 3502 LVI.
2165 3451 2593 3513 membranaceus,
2630 3450 2763 3500 inter
2787 3455 3075 3514 praestan-

568 3540 783 3590 tissimos
809 3540 1045 3604 Europae
1068 3538 1429 3600 numerandus,
1467 3546 1642 3590 sexto
1665 3539 1746 3588 vel
1767 3555 1878 3587 cum
1901 3527 2383 3601 tardissime‘septi
2391 3555 2480 3587 mo
2513 3538 2770 3588 saeculo
2793 3543 3077 3598 exaratus,-

570 3627 848 3678 continebat
884 3627 1001 3676 olim
1040 3625 1391 3677 octateuchum
1429 3632 1475 3676 et
1514 3625 1573 3675 L.
1608 3625 1668 3677 L.
1702 3625 1736 3674 I
1747 3625 1795 3674 V.
1826 3625 2018 3692 Regum
2032 3644 2051 3686 ‚⁰
2084 3623 2174 3675 sed
2212 3632 2490 3689 temporum
2526 3624 2726 3674 iniuria
2761 3641 2867 3674 non
2899 3639 3075 3688 pauca

570 3713 949 3764 interciderunt.
1013 3715 1181 3765 Habet
1222 3719 1427 3778 praeter
1474 3712 1706 3763 lectiones
1754 3717 1976 3763 veterum
2023 3713 2354 3776 interpretum
2400 3711 2633 3776 Aquilae,
2684 3709 2986 3777 Symmachi
3031 3716 3074 3759 et

576 3800 950 3864 Theodotionis,
986 3806 1137 3850 notas
1162 3800 1367 3866 primae
1403 3816 1598 3861 manus,
1637 3815 1766 3864 quae
1792 3798 1988 3864 passim
2025 3797 2254 3861 referunt
2289 3797 2722 3863 interpretationes
2747 3797 3072 3864 allegoricas,

571 3889 889 3955 anaqayicm,
929 3888 1132 3950 ethicas,
1169 3905 1289 3937 raro
1324 3887 1563 3949 literales,
1598 3889 1654 3936 in
1693 3885 1872 3950 quibus
1898 3915 1962 3922 —
1988 3891 2198 3951 excepta
2211 3887 2392 3948 prima
2415 3901 2544 3950 quae
2575 3903 2615 3935 s.
2645 3885 2846 3936 Basilio
2885 3883 3075 3934 adscri-

574 3976 710 4025 bitur
746 4006 810 4013 —
846 3977 1051 4025 nomina
1104 3980 1363 4024 auctorum
1414 3974 1700 4024 reticentur.
1771 3972 1851 4037 Cf.
1900 3973 2254 4037 Montfaucon,
2306 3972 2438 4022 Bibl.
2493 3970 2646 4022 Coisl.
2691 3989 2744 4036 p.
2791 3975 2839 4020 1.
2891 3989 2932 4021 s.
2997 3972 3076 4021 De

578 4063 769 4114 Catena
801 4065 857 4112 in
886 4062 1126 4112 Psalmos.
1153 4061 1496 4112 Bibliothecae
1526 4059 1860 4110 Taurinensis
1895 4076 2022 4109 saec.
2058 4060 2203 4111 VIII.
2240 4059 2320 4108 vel
2343 4058 2439 4108 IX.
2477 4064 2686 4108 testatur
2715 4058 2768 4108 C.
2799 4058 2876 4108 M.
2905 4057 3072 4122 Psaffi

575 4149 697 4200 diss.
746 4151 880 4214 apol.
930 4147 994 4198 de
1037 4148 1347 4213 fragmentis
1395 4148 1597 4198 Irenaei
1652 4145 1912 4197 anecdotis
1965 4163 2050 4210 ap.
2101 4145 2300 4196 Stieren
2346 4145 2420 4207 ΙΙ,
2471 4147 2624 4206 427.,·
2675 4143 2740 4194 de
2787 4151 2975 4194 catena
3021 4144 3074 4192 in

575 4236 861 4303 Evanqelia
903 4253 1033 4287 saec.
1071 4235 1166 4285 IX.
1201 4235 1363 4299 fidem
1401 4235 1541 4299 facit
1580 4234 1807 4296 Cramer,
1856 4251 1883 4284 e
1929 4231 2211 4283 testimonio
2247 4231 2519 4294 G'aisfhrdi
2566 4232 2600 4281 I.
2637 4249 2678 4281 c.
2715 4249 2772 4296 p.
2817 4233 2893 4281 18.
2963 4231 3073 4291 Quo

575 4326 796 4374 iuniores
831 4330 995 4373 autem
1031 4329 1145 4372 sunt
1180 4328 1401 4384 catenae,
1447 4338 1505 4372 eo
1542 4323 1788 4386 copiosior
1823 4321 2035 4371 habetur
2070 4319 2124 4370 S.
2163 4319 2227 4369 P.
2267 4325 2313 4370 et
2349 4317 2402 4369 S.
2443 4319 2506 4368 E.
2544 4335 2571 4369 e
2608 4319 2787 4383 quibus
2823 4317 3071 4368 consarci-

575 4417 765 4461 nantur
787 4427 1025 4460 numerus
1034 4428 1054 4470 ‚·
1086 4412 1185 4459 imo
1219 4408 1522 4460 recentiores
1546 4407 1858 4458 Graecorum
1897 4407 2321 4478 Commentators?
2356 4405 2412 4454 N
2420 4406 2637 4468 icetas,
2675 4405 2728 4454 Ε
2738 4405 2851 4455 uth
2861 4404 2994 4472 ymi
3005 4422 3073 4454 us

578 4506 624 4548 et
660 4497 1002 4548 Macarius
1036 4496 1473 4562 interpretationes
1505 4513 1625 4545 suas
1662 4512 1760 4545 non
1795 4495 1900 4544 iam
1935 4494 2155 4560 amplius
2191 4511 2216 4544 e
2247 4495 2513 4558 perpetuis
2557 4493 2782 4544 Veterum
2827 4509 3069 4542 commen·

578 4585 725 4636 tariis
760 4584 1070 4650 colliqebant,
1107 4584 1197 4635 sed
1234 4600 1299 4634 eat
1333 4582 1492 4633 variis
1516 4580 1829 4650 fraqmentis
1863 4599 1956 4633 sua
1990 4580 2248 4633 industria
2282 4579 2611 4647 undecunque
2647 4578 2953 4646 conquisitis.
