3309 5300
1178 436 1323 477 Biblia
1350 448 1385 477 s.
1422 436 1463 477 a.
1494 436 1698 478 societat.
1729 435 1838 476 bibl.
2619 422 2748 487 249

259 614 313 683 τῇ
352 610 455 679 ἰδίᾳ
490 610 734 662 διαλέκτω
772 617 969 679 pateat.
1006 613 1247 677 Regiom.
1277 614 1427 662 1816.
1478 611 1541 661 G.
1580 612 1645 661 de
1683 611 1882 675 Felice,
1921 612 2060 661 essai
2095 627 2184 661 sur
2219 610 2252 661 l’
2277 613 2442 677 esprit
2478 616 2532 661 et
2565 611 2616 661 16
2655 614 2750 661 11111

262 700 324 749 (16
357 698 392 749 l'
415 702 721 751 institution
755 700 1011 765 biblique.
1046 700 1169 749 Par.
1210 700 1361 749 1824.
1422 698 1693 749 Thomson
1730 698 1836 749 and
1873 698 2050 761 Orme,
2087 699 2311 763 History
2347 698 2532 749 sketch
2571 699 2630 748 of
2661 698 2751 748 the

260 786 441 837 transl.
482 787 591 836 and
628 787 942 837 circulation
980 788 1039 837 of
1068 787 1157 836 the
1196 786 1306 836 Scr.
1342 787 1521 836 Perth.
1560 788 1712 836 1815.
1755 786 1841 836 W.
1865 787 1924 835 P.
1954 786 2276 849 Strickland‚
2312 787 2533 851 History
2571 786 2630 837 of
2660 786 2750 835 the

261 876 533 924 american
568 872 981 938 Bible·Society.
1019 874 1338 923 New-York.
1378 875 1527 923 1849.
1580 872 1641 923 G.
1681 873 1854 936 Thilo,
1893 872 2212 924 Geschichte
2249 874 2342 923 der
2378 873 2753 939 preussischen
2845 902 2856 913 ι

260 961 991 1026 Haupt-Bibelgesellschaft.
1046 960 1187 1009 Berl.
1249 962 1399 1011 1864.
1472 960 1628 1025 Alph.
1683 960 1974 1025 Esquiros,
2027 960 2106 1009 les
2159 961 2491 1011 Missionairs
2545 960 2753 1026 anglais

262 1046 308 1099 d’
330 1046 493 1114 apres
530 1048 649 1097 leur
684 1046 1159 1112 correspondance.
1198 1047 1383 1096 Revue
1420 1048 1486 1096 de
1522 1046 1927 1096 Deux-Mondes
1964 1047 2085 1096 Par.
2127 1048 2276 1097 1866.
2317 1048 2363 1109 7,
2403 1050 2451 1097 6.

470 1178 677 1229 Crescit
712 1194 882 1243 usque
918 1180 975 1227 in
999 1178 1138 1229 hanc
1168 1179 1304 1227 diem
1335 1176 1616 1228 Societatis
1642 1176 1939 1227 Bibliorum
1977 1178 2421 1243 divulgandorum
2459 1194 2746 1244 conamen3

260 1282 355 1317 nec
395 1268 563 1316 ferme
588 1266 731 1315 ullus
769 1281 938 1315 sermo
966 1269 1047 1315 est
1072 1264 1205 1315 adeo
1232 1265 1463 1315 incultus
1502 1271 1554 1314 et
1586 1265 1864 1327 barbarus,
1902 1268 1957 1313 in
1984 1281 2140 1331 quem
2167 1264 2218 1314 S.
2247 1266 2298 1315 S.
2326 1264 2612 1315 transferre
2639 1282 2747 1315 non

260 1357 510 1403 tentaret.
561 1352 778 1402 Clarum
814 1356 993 1401 autem
1030 1354 1157 1401 satis
1196 1358 1304 1401 est:
1354 1352 1685 1401 editiones
1725 1352 2087 1402 Societatis
2125 1353 2428 1403 Biblicae
2469 1370 2534 1402 ex
2571 1369 2752 1403 eorum

260 1454 483 1489 numero
510 1440 787 1489 habendas
814 1456 947 1501 esse,
982 1454 1119 1504 quae
1157 1439 1301 1504 lege
1337 1440 1586 1489 Indicis
1624 1439 2006 1505 prohibitae
2045 1456 2115 1489 su
2129 1444 2218 1501 nt,
2256 1445 2441 1506 utpote
2466 1441 2752 1491 Versiones

264 1526 579 1576 exhibentes
617 1526 863 1591 vulgares
902 1528 1015 1575 sine
1054 1527 1505 1576 annotationibus.
1570 1524 1677 1575 Sed
1713 1527 1855 1591 quod
1901 1526 2076 1575 adhuc
2119 1528 2270 1591 peius
2309 1533 2415 1577 est:
2463 1530 2601 1593 typis
2639 1528 2751 1577 vul-

261 1619 455 1679 gantur
495 1620 548 1663 et
584 1619 948 1679 propagantur
985 1612 1052 1663 ab
1092 1614 1173 1663 his
1221 1615 1598 1664 societatibus:
1646 1614 2130 1664 translationes
2175 1615 2402 1663 Divini
2451 1615 2754 1677 Codicis,

261 1703 313 1749 in
350 1702 551 1766 quibus
592 1717 847 1750 errores
884 1703 949 1749 in
984 1701 1179 1750 rebus
1218 1701 1380 1750 fidei
1419 1707 1615 1767 atque
1652 1718 1894 1751 morum
1931 1704 2371 1752 continentur.
2423 1702 2529 1752 Sed
2553 1703 2755 1752 Editio·

262 1804 355 1837 nes
403 1792 459 1837 et
505 1788 885 1837 translationes
933 1802 965 1837 a
1002 1789 1256 1836 societate
1295 1787 1508 1853 anglica
1543 1794 1784 1853 paratas,
1834 1790 1901 1838 ad
1949 1789 2272 1839 eruditorum
2322 1804 2534 1855 quoque
2571 1806 2756 1839 usum:

266 1876 509 1935 „minus
548 1890 739 1939 quam
774 1890 891 1939 par
928 1878 1097 1923 erat“
1144 1874 1588 1938 accommodatas,
1629 1876 1853 1925 candide
1880 1878 2077 1925 fatetur
2101 1876 2428 1927 acatholicus
2464 1878 2516 1926 J.
2544 1876 2757 1926 Gilde-

262 1964 553 2025 meister,
595 1962 660 2011 de
696 1962 903 2026 Evang.
940 1964 997 2010 in
1035 1962 1181 2011 arab.
1222 1978 1249 2010 e
1288 1962 1457 2027 simpl.
1498 1980 1601 2027 syr.
1638 1963 1825 2013 transl.
1857 1980 1908 2028 p.
1935 1966 2018 2012 42.
2069 1964 2417 2013 Versionibus
2453 1963 2757 2013 huiusmodi

264 2030 395 2113 proh
436 2048 617 2099 dolor!
667 2048 893 2112 refertae
939 2054 1064 2097 sunt
1110 2054 1375 2098 extremae
1426 2048 1656 2099 Orientis
1706 2049 2116 2114 occidentisque
2165 2066 2306 2100 orae.
2365 2051 2667 2101 Labor-atur
2705 2055 2758 2099 et

264 2136 606 2185 contenditur
631 2138 695 2184 iis
726 2138 971 2199 maxime,
1008 2141 1069 2184 ut
1092 2136 1193 2185 1166
1219 2138 1441 2199 16110116,
1468 2137 1912 2201 quemadmodum
1949 2137 2188 2187 asseclae
2216 2138 2544 2187 Societatum
2566 2138 2756 2187 harum

265 2221 467 2285 dicunt,
503 2222 714 2288 Religio
754 2222 949 2272 Christi
986 2222 1264 2287 dilatetur3
1314 2223 1401 2271 vel
1439 2225 1636 2273 rectius
1683 2230 1751 2273 ut
1797 2225 2181 2273 obstruatur
2225 2227 2332 2274 via
2379 2224 2755 2274 catholicae

262 2310 779 2375 praedicationi,
819 2325 959 2375 quae
982 2310 1285 2374 ingentibus
1312 2326 1473 2375 saepe
1500 2313 1768 2360 aerumnis
1795 2326 1826 2360 a
1851 2312 2205 2376 praeconibus
2230 2312 2531 2377 Evangelii,
2565 2327 2599 2361 a
2623 2311 2756 2376 legi-

266 2399 397 2447 tima
434 2398 753 2447 auctoritate
803 2397 880 2446 ad
931 2414 1147 2447 omnes
1185 2414 1219 2463 g
1233 2403 1441 2461 entes,
1488 2400 1636 2447 iuxta
1671 2399 1978 2448 mandatum
2026 2398 2248 2461 Christi,
2295 2400 2468 2447 missis
2507 2404 2759 2463 suscepta

270 2489 365 2537 est.
440 2485 676 2534 Narrant
730 2483 980 2534 catholici
1038 2485 1362 2534 Missionarii
1425 2485 1601 2533 nihil
1663 2502 1711 2533 111
1729 2487 1878 2551 agis
1940 2487 2018 2535 ob
2036 2502 2063 2533 e
2081 2501 2189 2535 sse
2245 2486 2456 2535 Verbi
2516 2485 2759 2534 Divini

270 2572 807 2634 annunciationi,
867 2585 1052 2636 (1116111
1108 2571 1449 2621 subdolam
1504 2571 1671 2621 hanc
1725 2571 2110 2621 Bibliorum
2173 2572 2757 2637 divulgationem,

270 2674 378 2724 qua
412 2658 703 2708 Librorum
740 2673 774 2708 a
808 2659 927 2708 Deo
964 2661 1338 2724 inspiratorum
1376 2661 1667 2718 auctoritas
1715 2664 1770 2709 et
1811 2658 2167 2724 intelligentia
2212 2661 2450 2709 funditus
2489 2662 2758 2708 evertitur.

268 2747 561 2799 Enimvero
613 2761 732 2796 cum
783 2746 978 2795 Sacrae
1028 2746 1243 2794 Literae
1291 2745 1456 2795 veluti
1504 2747 1694 2796 unicus
1744 2746 1864 2796 fons
1915 2746 2296 2796 credendorum
2343 2750 2396 2795 et
2433 2747 2761 2812 agendorum

270 2833 676 2898 praedicentur-3
716 2847 1007 2898 earumque
1038 2832 1339 2894 Volumina,
1381 2833 1510 2897 quin
1536 2832 1601 2881 de
1639 2832 1852 2882 lectoris
1891 2833 1962 2881 ad
1986 2848 2050 2882 ea
2076 2850 2192 2882 cum
2229 2833 2459 2883 utilitate
2494 2833 2762 2882 volvenda

268 2920 607 2969 institutione
659 2919 773 2968 11116
827 2934 955 2968 61116
1006 2919 1292 2982 habeatur,
1349 2919 1828 2968 convertendorum
1878 2921 2124 2969 manibus
2172 2921 2476 2983 tradantur,
2532 2921 2764 2969 maxima

270 3009 440 3056 oritur
478 3023 657 3056 rerum
692 3007 1037 3071 perturbatio,

484 3136 592 3187 Sed
615 3143 675 3187 ut
698 3136 768 3186 ad
794 3139 1154 3186 recentissima
1177 3139 1453 3186 veniamus
1481 3135 1821 3200 societatum,
1860 3152 1997 3202 quae
2024 3152 2082 3186 se
2108 3136 2343 3186 Biblicas
2370 3137 2570 3200 dicunt,
2604 3152 2762 3188 cona-

269 3227 433 3288 nima,
474 3225 675 3274 exarsit
709 3226 901 3273 nostris
932 3225 1013 3273 his
1040 3224 1226 3273 diebus
1252 3225 1481 3273 studium
1518 3225 1914 3288 impiissimum:
1953 3216 2259 3289 vulgares
2298 3225 2656 3274 Versiones
2694 3225 2760 3274 ab

271 3311 352 3360 his
380 3311 740 3361 Societatibus
780 3311 949 3360 editas
985 3313 1159 3360 inter
1197 3309 1583 3360 Catholicos
1622 3312 1854 3360 omnium
1891 3311 2196 3375 Regnorum
2229 3313 2498 3376 Europae,
2536 3313 2762 3376 cumpri-

270 3401 369 3450 mis
408 3399 847 3461 meridionalium,
885 3413 1197 3468 propagare.
1255 3399 1488 3448 Utuntur
1524 3398 1823 3447 Acatholici
1849 3396 2206 3448 Societatibus
2233 3394 2463 3464 Biblicis
2500 3415 2596 3464 pro
2633 3397 2762 3447 faci-

273 3485 426 3536 endis
456 3487 557 3534 sibi
584 3485 897 3550 proselytis3
934 3501 1124 3550 nempe
1151 3491 1211 3533 ut
1236 3486 1278 3534 si
1306 3485 1585 3534 consilium
1614 3486 1792 3549 reipsa
1817 3486 2146 3546 successerit,
2176 3484 2512 3534 Catholici
2549 3501 2762 3552 quoque

272 3572 587 3638 neglecta
623 3572 933 3622 Ecclesia
968 3572 1340 3638 Religionis
1379 3574 1713 3636 negotium
1745 3588 1858 3621 suo
1894 3573 2172 3636 quisque
2208 3573 2480 3636 ingenio
2509 3589 2604 3637 per
2629 3570 2681 3621 S.
2709 3571 2762 3620 S.

274 3659 587 3721 diiudicent,
627 3663 719 3708 aut
750 3675 783 3708 a
806 3657 1052 3724 dogmate
1092 3659 1355 3709 catholico
1396 3660 1554 3725 plane
1593 3658 1861 3708 deficiant.
1909 3658 2158 3708 Pericula
2193 3675 2319 3708 vero
2346 3659 2478 3708 haec
2508 3674 2571 3708 eo
2596 3659 2764 3724 magis

275 3752 569 3812 augentur,
608 3762 711 3810 quo
750 3747 921 3795 minus
959 3746 1199 3796 homines
1238 3745 1435 3810 plebeii
1472 3748 1584 3810 apti
1622 3752 1746 3795 sunt
1781 3746 1849 3795 ad
1888 3746 2312 3811 cognoscendam
2352 3745 2616 3807 fraudem,
2657 3760 2766 3812 qua

276 3834 781 3883 circumveniuntur.
818 3833 951 3882 Jure
970 3835 1153 3898 itaque
1181 3847 1244 3881 ac
1263 3835 1449 3882 merito
1476 3832 1716 3882 Biblicas
1743 3833 1840 3882 has
1868 3831 2163 3882 Societates
2191 3847 2476 3897 earumque
2503 3832 2762 3882 editiones

277 3919 481 3970 Summi
504 3919 795 3969 Pontifices
821 3920 1189 3984 reprobarunt,
1227 3919 1712 3985 translationesque
1751 3921 1817 3970 ab
1843 3918 1948 3969 illis
1987 3919 2286 3984 divulgatas
2323 3920 2764 3984 proscripserunt.

278 4005 368 4056 Sic
410 4007 571 4055 Pius
609 4006 725 4055 VII.
771 4005 938 4055 literis
986 4006 1053 4055 ad
1100 4007 1361 4071 Ignatium
1407 4005 1653 4071 Archiep.
1703 4005 1900 4055 Gnesn.
1949 4008 2033 4058 29.
2079 4007 2204 4055 Jun.
2247 4009 2396 4056 1816.
2437 4007 2484 4056 d.
2531 4007 2766 4072 adpellat

282 4093 655 4154 „vaferrimum
691 4094 982 4155 inventum,
1022 4108 1127 4158 quo
1154 4092 1240 4141 vel
1266 4095 1383 4158 ipsa
1417 4093 1692 4158 religionis
1728 4093 2078 4143 fundamenta
2114 4093 2564 4158 labefactantur“;
2606 4099 2765 4159 atque

278 4182 334 4229 in
379 4181 533 4230 brevi
578 4181 647 4228 ad
697 4179 1022 4230 Stanislaum
1071 4196 1242 4244 eppm.
1281 4179 1535 4229 Mohilov.
1581 4181 1757 4245 inquit
1801 4183 1849 4228 3.
1899 4178 2042 4244 Sept.
2093 4197 2136 4229 e.
2188 4195 2236 4230 a.
2290 4197 2386 4242 „ex
2436 4180 2652 4245 perlatis
2699 4182 2766 4230 ad

280 4283 377 4318 nos
426 4267 732 4317 huiusmodi
780 4267 1117 4318 versionibus
1164 4268 1649 4329 animadvertimus,
1703 4283 1819 4316 eam
1867 4268 1923 4315 in
1960 4269 2186 4332 purioris
2243 4267 2517 4318 doctrinae
2572 4269 2766 4318 sancti-

279 4360 443 4404 tatem
481 4355 660 4420 parari
696 4355 1003 4419 perniciem,
1040 4359 1101 4404 ut
1131 4354 1288 4403 facile
1326 4353 1509 4403 fideles
1550 4369 1613 4403 ex
1638 4355 1704 4404 iis
1730 4354 1966 4404 fontibus
2000 4354 2197 4404 lethale
2225 4353 2446 4404 ebibant
2482 4371 2765 4417 venenum,

282 4457 312 4490 e
348 4443 544 4506 quibus
578 4442 791 4490 haurire
830 4441 1141 4492 debuissent
1175 4456 1341 4506 aquas
1367 4443 1662 4506 sapientiae
1689 4441 1987 4491 salutaris.“
2041 4441 2192 4503 Quae
2229 4443 2440 4506 repetiit
2468 4442 2763 4506 Encyclica

284 4543 384 4578 sua
416 4529 549 4577 Leo
596 4528 716 4577 XII.
756 4528 804 4577 d.
844 4531 891 4577 3.
929 4529 1274 4592 Maii-1824.;
1322 4529 1474 4577 Pius
1513 4529 1660 4577 vm.
1699 4530 1780 4578 24.
1819 4527 1949 4578 Maii
1999 4531 2176 4592 1829.;
2225 4509 2587 4593 eregoiius
2623 4529 2766 4578 xvl.

286 4617 367 4664 15.
398 4615 537 4680 Aug.
580 4616 729 4665 1840.
790 4615 939 4666 Idem
981 4630 1136 4683 porro
1177 4615 1465 4679 Gregorius
1503 4616 1645 4664 XVI.
1684 4618 1732 4665 8.
1770 4617 1900 4667 Maii
1939 4618 2090 4666 1844.
2136 4617 2302 4665 literis
2352 4617 2528 4677 „Inter
2563 4617 2767 4684 praeci·-
