3309 5300
1135 437 1198 479 De
1225 437 1395 479 canone
1422 438 1464 479 S.
1495 438 1662 480 Libror.
1693 438 1800 479 Nor.
1831 438 1949 480 Test.
2694 426 2779 491 53

396 720 456 799 ἓ.
511 720 610 784 16.
677 718 794 782 De
839 717 1252 805 Tempore,
1303 740 1447 805 quo
1494 718 2016 806 fragmentum
2064 730 2467 787 exaratum
2512 721 2661 786 fuit

1278 832 1793 919 disquiritur?
2308 840 2313 843 ’

490 1050 904 1118 Scriptorem
956 1052 1154 1101 huius
1207 1054 1584 1102 testimonii
1637 1052 2037 1116 Anonymum
2086 1053 2168 1102 ad
2222 1053 2461 1105 ultima
2509 1057 2775 1106 saeculi

273 1142 556 1190 secundi
595 1146 912 1205 tempora;
951 1141 1061 1190 vel
1083 1142 1279 1190 initia
1304 1140 1562 1191 saeculi
1597 1142 1787 1189 tertii
1822 1140 2246 1189 referendum
2272 1158 2449 1204 esse,
2477 1142 2773 1209 efflagitare

271 1227 528 1277 videntur
559 1233 874 1293 argumenta
900 1228 1162 1293 quaedam
1197 1230 1459 1277 interna
1494 1228 1714 1277 totidem
1751 1229 1943 1277 aetatis
1978 1227 2121 1276 illius
2146 1228 2357 1279 indicia.
2408 1245 2457 1279 a.
2483 1230 2767 1280 Desidera-

273 1321 360 1364 tur
386 1316 442 1363 in
469 1315 574 1365 hoc
613 1316 914 1366 testimonio
940 1314 1260 1365 vocabulum
1292 1314 1579 1376 „Canon“
1611 1319 1665 1363 et
1693 1314 2158 1379 „Canonicus“;
2192 1316 2333 1380 quod
2371 1316 2562 1365 deinde
2588 1318 2773 1367 seriori

273 1406 518 1468 tempore
543 1404 600 1451 in
626 1403 1026 1467 quaestionibus
1053 1402 1118 1450 de
1145 1401 1196 1451 S.
1219 1401 1270 1451 S.
1293 1401 1569 1451 authentia
1595 1407 1648 1451 et
1673 1403 2004 1463 auctoritate,
2032 1403 2185 1467 quasi
2210 1402 2429 1452 solenne
2450 1409 2502 1453 et
2522 1409 2770 1453 constans

276 1492 467 1539 evasit.
505 1489 587 1538 cf.
610 1489 830 1551 Suiceri,
857 1490 1015 1538 Thes.
1038 1488 1163 1538 eccl.
1187 1504 1228 1537 s.
1248 1505 1298 1537 v.
1325 1486 1561 1547 κανονίζω
1588 1493 1642 1537 et
1666 1484 1911 1547 κανονικός
1930 1489 1998 1551 11,
2020 1490 2097 1538 34.
2124 1490 2207 1538 35.
2230 1490 2347 1539 coll.
2366 1490 2409 1553 I,
2432 1492 2549 1540 687.
2586 1492 2769 1541 Domi-

273 1578 385 1626 nici
409 1578 598 1639 Macri,
619 1577 916 1625 Melitensis
942 1592 1024 1641 eq.
1047 1591 1176 1639 aur„
1203 1576 1582 1626 Hierolexicon
1607 1592 1648 1625 s.
1669 1593 1717 1628 v.
1743 1575 1946 1625 Canon.
1967 1592 2018 1640 p.
2044 1578 2156 1627 141.
2184 1577 2253 1626 H.
2273 1576 2495 1639 Planck,
2516 1578 2583 1627 de
2608 1580 2770 1644 signi-

269 1664 441 1713 ficatu
469 1664 706 1713 Canonis
742 1666 797 1712 in
823 1664 1070 1713 Ecclesia
1095 1669 1201 1713 ant.
1226 1681 1278 1728 p.
1306 1666 1422 1713 209.
1451 1680 1492 1713 s.
1543 1663 1602 1713 C.
1629 1664 1690 1712 A.
1720 1663 1972 1726 Credner,
2012 1662 2203 1726 Gesch,
2232 1664 2280 1714 d.
2307 1669 2533 1714 neutest.
2558 1666 2767 1715 Kanon.

267 1768 322 1815 p.
345 1753 433 1801 26.
455 1768 498 1801 s.
525 1754 609 1802 98.
631 1768 674 1801 s.
711 1752 1093 1817 Argumentum
1129 1752 1270 1800 istud
1296 1750 1636 1801 confirmatur
1671 1752 1720 1801 b.
1750 1753 2367 1801 commemoratione
2406 1752 2769 1803 haeretico-

267 1854 443 1902 rum3
495 1854 719 1903 quorum
758 1840 850 1904 qui
890 1840 1191 1888 nominibus
1229 1840 1338 1888 suis
1376 1838 1720 1901 advocantur,
1768 1838 2005 1888 nullus
2051 1844 2205 1903 post
2252 1839 2524 1889 saeculi
2572 1842 2768 1889 tertii

267 1927 429 1975 initia
465 1928 708 1975 surrexit.
770 1926 971 1987 Quodsi
1008 1927 1230 1990 scriptor
1265 1930 1460 1987 noster,
1495 1928 1614 1990 pari
1650 1926 1805 1975 modo
1844 1942 1908 1975 ac
1933 1926 2175 1988 Hermas,
2213 1926 2563 1976 Montanistas
2600 1928 2769 1992 impu·

269 2028 463 2077 gnans,
500 2012 707 2062 tardius
743 2013 984 2076 vixisset3
1023 2013 1202 2078 aliquo
1242 2013 1395 2062 modo
1423 2013 1567 2062 facta
1593 2015 1861 2063 mentione
1893 2013 2117 2063 aliorum
2144 2029 2355 2078 quoque
2381 2014 2769 2064 haereticorum

269 2107 330 2150 et
367 2101 622 2150 librorum
650 2102 717 2150 ab
743 2102 808 2149 iis
833 2101 1222 2165 suppositorum
1249 2116 1440 2149 aevum
1466 2116 1620 2150 suum
1643 2101 1977 2165 prodidisset.
2024 2118 2069 2150 c.
2097 2101 2231 2150 Cum
2254 2100 2564 2166 Anonymus
2589 2107 2771 2151 noster

269 2188 448 2237 dicat:
527 2189 906 2248 „Pastorem
965 2203 1125 2236 vero
1186 2190 1567 2253 nuperrime
1628 2190 2047 2253 temporibus
2118 2190 2401 2251 nostris,
2474 2190 2542 2238 in
2600 2189 2767 2238 urbe

269 2276 482 2325 Roma
517 2276 768 2324 Herma
816 2276 1260 2340 conscripsit,
1307 2276 1592 2325 sedente
1641 2274 1980 2325 Cathedra
2016 2276 2217 2326 Urbis
2253 2277 2497 2326 Romae
2541 2276 2767 2327 Eccle-

271 2365 420 2412 siae
457 2363 581 2412 Pio
617 2364 964 2427 Episcopo
1002 2362 1209 2411 fratre
1248 2364 1453 2427 eius“;
1492 2379 1549 2413 se
1585 2365 1761 2428 ipsum
1797 2364 2030 2412 Hermae
2068 2363 2179 2412 fere
2216 2378 2473 2413 coaevum
2508 2363 2769 2429 perhibet,

270 2456 330 2499 et
365 2455 598 2500 aetatem
637 2466 745 2515 qua
779 2449 1082 2515 catalogum
1119 2451 1426 2515 compilavit
1461 2451 1637 2500 verbis
1674 2450 1834 2515 longe
1873 2450 2175 2499 clarissimis
2211 2451 2482 2501 indicavit.
2540 2450 2767 2501 Saeculo

271 2536 512 2587 secundo
553 2521 818 2587 exstitisse
855 2538 1128 2587 Pastorem
1167 2554 1195 2587 e
1235 2539 1484 2588 Veterum
1521 2540 1837 2587 testimoniis
1874 2538 2103 2587 confecit
2130 2538 2339 2601 Hefele,
2380 2538 2513 2603 prol.
2539 2556 2589 2604 p.
2617 2540 2699 2588 95.
2726 2554 2767 2587 s.

269 2626 424 2676 Idem
461 2642 618 2692 porro
656 2628 738 2675 vir
763 2625 1098 2675 doctissimus
1136 2624 1412 2688 subtiliter,
1449 2628 1525 2675 uti
1553 2627 1845 2689 consuevit,
1884 2625 2122 2675 defendit
2151 2625 2365 2676 fratrem
2389 2626 2471 2675 Pii
2496 2626 2537 2676 Ι.
2573 2626 2768 2677 librum

271 2715 418 2764 hunc
457 2715 851 2779 conscripsisse.
891 2714 1041 2774 Quae
1079 2729 1199 2762 cum
1235 2715 1312 2762 ita
1346 2715 1467 2776 sint,
1505 2715 1836 2778 scriptorque
1872 2714 2157 2778 fragmenti
2191 2714 2256 2763 de
2282 2731 2339 2764 re
2364 2716 2467 2764 ista
2501 2714 2765 2779 loquatur,

273 2803 724 2868 quemadmodum
777 2802 840 2850 de
889 2803 1047 2850 rebus
1097 2800 1383 2866 divulgatis
1422 2802 1748 2866 quibuslibet
1784 2801 1932 2866 loqui
1970 2803 2088 2866 quis
2126 2801 2286 2865 solet3
2336 2803 2496 2867 plane
2532 2804 2770 2867 sequitur

270 2889 423 2938 illum
461 2891 676 2939 omnino
716 2905 831 2938 esse
867 2889 1294 2937 veterrimum
1333 2894 1384 2937 et
1417 2890 1525 2938 iam
1571 2891 1758 2938 circa
1794 2887 2060 2938 saeculi
2097 2889 2378 2938 secundi
2415 2889 2765 2939 dimidium

275 2979 490 3029 vixisse.
546 2977 722 3041 Vulgo
766 2977 907 3025 enim
943 2976 1027 3024 Pii
1063 2975 1106 3024 I.
1144 2975 1492 3026 Pontificatus
1530 2977 1759 3040 spatium
1806 2977 1945 3025 inter
1982 2991 2029 3025 a.
2072 2978 2186 3029 142.
2225 2983 2279 3026 et
2318 2979 2431 3027 157.
2471 2978 2765 3042 explevisse

274 3066 515 3113 sumitur.
553 3065 710 3112 Patet
732 3064 894 3128 igitur
917 3079 981 3112 ex
1017 3063 1118 3112 hac
1155 3064 1528 3112 annotatione:
1568 3077 1769 3112 annum
1802 3063 2008 3112 circiter
2045 3065 2159 3113 160.
2196 3068 2405 3128 tempus
2443 3064 2623 3126 fuisse,
2661 3080 2765 3128 quo

273 3152 564 3201 testimonii
601 3151 758 3200 huius
799 3151 896 3211 „de
934 3150 1156 3199 Canone
1191 3165 1232 3199 s.
1269 3150 1541 3199 Romanae
1567 3149 1877 3199 Ecclesiae“
1920 3155 2105 3199 auctor
2141 3149 2273 3199 illud
2309 3151 2487 3200 edidit.
2527 3151 2763 3216 Scriptor

273 3241 392 3304 quis
447 3239 612 3288 fuerit
662 3254 772 3288 non
821 3242 1045 3300 constat,
1101 3239 1398 3288 Romanum
1444 3236 1534 3286 vel
1587 3237 1775 3286 saltem
1823 3236 2014 3286 Italum
2062 3238 2252 3301 fuisse3
2306 3254 2416 3287 non
2464 3239 2767 3304 spernenda

275 3327 517 3377 efficiunt
553 3331 881 3392 argumenta.
919 3326 1166 3375 Profecto
1207 3342 1250 3374 α.
1291 3326 1487 3375 diserta
1523 3327 1719 3374 mentio
1758 3342 1799 3374 s.
1824 3341 1866 3374 8.
1902 3325 2275 3390 Apostolorum
2311 3326 2456 3375 Petri
2494 3331 2547 3376 et
2581 3326 2765 3391 Pauli3

273 3413 317 3481 β.
351 3415 470 3464 laus
497 3417 581 3464 Pii
617 3415 872 3480 Episcopi
907 3413 1161 3477 Romani3
1202 3417 1254 3462 et
1289 3431 1334 3481 γ.
1373 3413 1661 3478 adpellatio
1705 3412 1970 3474 „Urbis“
2011 3409 2114 3461 κατ’
2155 3409 2342 3482 ἐξοχὴν,
2380 3414 2582 3465 Romae
2619 3417 2765 3464 attri-

271 3505 419 3565 buta,
472 3508 622 3552 extra
672 3517 881 3551 omnem
927 3503 1165 3550 veritatis
1203 3499 1375 3549 aleam
1421 3505 1653 3565 ponunt:
1693 3504 1964 3550 auctorem
2000 3501 2282 3566 fragmenti
2318 3500 2407 3550 vel
2440 3502 2643 3552 Romae
2678 3502 2767 3552 vel

275 3591 523 3640 adminus
578 3591 634 3638 in
679 3589 838 3638 Italia
883 3590 1092 3638 vixisse.
1155 3588 1302 3637 Idem
1348 3586 1392 3637 δ.
1433 3589 1712 3639 coniicitur
1760 3605 1824 3638 ex
1872 3589 2071 3651 ordine,
2129 3604 2233 3654 quo
2281 3588 2333 3638 S.
2371 3591 2563 3640 Libros
2600 3591 2663 3641 N.
2702 3592 2764 3640 Τ.

271 3683 534 3739 recenset,
587 3678 677 3742 qui
725 3677 794 3725 ab
843 3676 1208 3741 antiquissimo
1262 3675 1385 3724 inde
1434 3681 1670 3740 tempore
1714 3677 1771 3724 in
1806 3675 2054 3725 Ecclesia
2092 3676 2424 3727 Occidentali
2471 3678 2763 3727 obtinuisse

269 3765 499 3827 videtur,
537 3781 611 3814 sc.
649 3769 707 3813 ut
730 3764 875 3813 Actis
901 3763 998 3828 Ap.
1038 3765 1211 3812 statim
1249 3763 1540 3812 succedant
1575 3763 1851 3828 Epistolae
1886 3763 2162 3812 Paulinae.
2202 3764 2359 3824 Quod
2395 3771 2760 3829 argumentum

267 3867 380 3902 non
415 3853 593 3900 minus
630 3851 838 3900 firmum
874 3848 1271 3913 manen-'etiam
1295 3853 1338 3899 si
1365 3851 1506 3916 Hug,
1541 3850 1684 3899 Einl.
1710 3851 1753 3912 I,
1783 3851 1897 3898 124.
1944 3849 2138 3912 Routh,
2176 3851 2410 3912 Bunsen,
2446 3851 2621 3913 Nolte,
2648 3852 2761 3901 Hil-

269 3938 490 4004 genfeld
513 3938 549 3988 l.
578 3955 622 3988 c.
649 3944 792 3988 recte
819 3939 1025 4004 opinari
1052 3943 1232 3987 essent
1259 3939 1527 4000 censendi,
1566 3940 1658 4002 qui
1684 3942 1883 3986 textum
1910 3953 2067 4002 quem
2092 3953 2235 3987 nunc
2260 3937 2517 3988 habemus
2542 3939 2763 3990 latinum

270 4043 300 4076 e
339 4042 536 4092 graeco
577 4026 862 4090 archetypo
899 4025 1213 4075 translatum
1251 4041 1368 4075 esse
1405 4030 1718 4074 statuerunt.
1757 4025 1877 4085 Qua
1909 4026 1967 4072 in
1990 4041 2047 4074 re
2072 4026 2239 4090 magis
2276 4027 2565 4091 ingenium,
2604 4043 2763 4091 quam

269 4115 582 4179 opinionem
619 4129 770 4163 suam
804 4113 1112 4178 probarunt.
1171 4113 1419 4162 Ceterum
1467 4112 1630 4162 latino
1670 4127 1913 4162 sermone
1950 4127 2068 4162 esse
2106 4118 2377 4162 exaratum
2413 4113 2579 4163 hocce
2616 4115 2763 4165 testi-

269 4202 509 4250 monium
560 4218 588 4250 e
637 4203 1022 4266 paronomasiis
1061 4229 1126 4237 —
1160 4217 1210 4249 v.
1249 4216 1293 4249 c.
1331 4201 1606 4265 principia,
1662 4198 1966 4265 principali3
2016 4199 2089 4248 fel
2137 4215 2256 4249 cum
2300 4200 2457 4250 melle
2491 4230 2558 4236 —
2595 4203 2651 4249 in
2697 4217 2761 4251 eo

271 4289 445 4338 obviis
497 4288 600 4338 sibi
650 4287 1062 4353 deprehendisse
1111 4288 1257 4336 visus
1296 4293 1376 4338 est
1413 4286 1576 4350 Gilse,
1613 4287 1648 4336 l.
1690 4303 1733 4336 c.
1770 4304 1822 4351 p.
1862 4289 1945 4336 26.
2008 4286 2113 4336 Sed
2162 4303 2332 4337 sermo
2372 4293 2451 4338 est
2487 4287 2761 4350 barbarus,

269 4377 530 4440 impurus,
579 4379 748 4425 scatet
783 4375 985 4424 mendis
1025 4379 1077 4425 et
1113 4375 1468 4439 soloecismis,
1519 4380 1681 4440 atque
1718 4375 2070 4437 librariorum,
2107 4376 2186 4424 uti
2224 4391 2405 4424 omnes
2454 4381 2761 4441 queruntur,

269 4462 542 4528 imperitia
580 4466 855 4527 corruptus
894 4467 946 4511 et
983 4462 1226 4512 foedatus
1265 4466 1360 4512 est.

485 4550 586 4600 His
612 4551 822 4600 interim
846 4566 954 4599 non
979 4555 1258 4600 contentus
1282 4551 1715 4612 Muratorius,
1743 4550 1965 4600 ulterius
1990 4565 2301 4616 progressus
2328 4555 2408 4600 est
2431 4550 2465 4600 l.
2491 4566 2537 4600 c.
2564 4567 2614 4616 p.
2640 4551 2759 4601 852.

280 4637 550 4688 scribens:
611 4636 700 4700 „Si
736 4638 1092 4687 coniecturam
1129 4653 1300 4688 meam
1338 4653 1552 4688 exerere
1589 4638 1671 4687 fas
1710 4643 1806 4702 est,
1852 4640 1907 4687 in
1952 4637 2095 4687 illam
2134 4638 2435 4703 opinionem
2480 4639 2637 4702 feror,
2672 4641 2760 4688 tri-
