3309 5300
540 353 663 416 106
1268 363 1503 404 comment.
1533 362 1587 402 (le
1616 362 1660 402 S.
1682 361 1821 412 Scrip.
1853 371 1946 412 cap.
1976 373 2064 402 sec.
2093 362 2220 402 tract.
2249 361 2285 400 Ι.

536 533 875 590 intellexere:
925 537 1194 588 codices
1232 537 1309 586 ab
1356 553 1428 587 eo
1480 535 1559 586 ad
1608 538 2232 602 interpretationem
2281 535 2650 585 faciendam
2699 548 3033 600 compara-

520 631 652 676 ·tos.
704 624 860 685 Quod
896 624 965 674 ad
1001 629 1314 688 argumenta
1346 623 1575 685 illorum,
1614 625 1707 687 qui
1733 623 2015 688 Origenem
2045 623 2272 672 Textum
2297 621 2350 672 S.
2377 619 2432 670 S.
2468 623 2804 671 recensuisse
2841 621 3036 670 dicunt

538 713 749 774 attinet,
799 726 865 760 ea
910 710 1051 762 ultra
1096 710 1270 760 levem
1318 709 1713 776 probabilitatis
1762 710 1984 774 gradum
2031 711 2121 758 vix
2175 713 2494 774 exsurgunt:
2544 709 2858 773 praesertim
2907 723 3035 758 cum

538 813 587 849 a.
624 797 770 848 haud
818 811 1005 862 parum
1054 795 1263 846 differat
1308 797 1444 847 ratio
1496 796 1811 846 emendatae
1858 797 2119 846 versionis
2165 795 2265 846 τῶν
2301 790 2346 857 ό,
2396 809 2431 844 a
2480 795 2795 844 recensione
2843 795 3036 844 critica

540 899 648 950 qua
684 884 967 949 Origenem
1006 884 1070 932 N.
1108 884 1170 933 T.
1215 888 1417 933 textum
1462 884 1756 948 castigasse
1803 883 2002 932 volunt.
2064 884 2132 932 D.
2170 883 2528 946 Hieronymus
2573 880 2788 946 quidem
2825 880 3036 946 aliquot

537 971 745 1020 vicibus
784 969 852 1019 ad
888 968 1264 1019 stabiliendam
1297 969 1598 1031 lectionem,
1639 984 1778 1034 quae
1815 969 1920 1034 ipsi
1957 971 2149 1018 ceteris
2183 968 2539 1035 praeferenda
2576 983 2694 1018 esse
2733 967 3034 1028 videbatur,

538 1058 703 1107 utitur
737 1057 1043 1106 testimonio
1082 1056 1325 1106 codicum
1348 1056 1669 1117 Adamantii,
1710 1070 1909 1120 eosque
1946 1054 2066 1104 aliis
2089 1081 2158 1090 —
2188 1053 2510 1119 exemplaria
2547 1055 2744 1120 quibus
2780 1070 2912 1104 usus
2951 1059 3038 1103 est

545 1159 586 1194 s.
616 1143 821 1192 Doctor
844 1158 910 1192 ea
945 1143 1064 1208 ipsa
1100 1147 1241 1194 certe
1277 1143 1443 1204 fuere,
1484 1156 1621 1206 quae
1658 1147 1849 1206 postea
1883 1156 1994 1190 una
2017 1157 2137 1191 cum
2175 1142 2425 1206 operibus
2453 1140 2811 1206 Origenianis,
2850 1141 3036 1205 sing-u-

546 1229 648 1279 lari
683 1229 861 1278 studio
900 1230 1215 1294 conquisita,
1262 1231 1317 1277 in
1353 1227 1690 1278 Bibliotheca
1726 1226 2076 1278 Caesareensi
2110 1229 2350 1293 reposuit
2387 1227 2714 1292 Pamphilus.
2751 1255 2815 1262 —
2854 1229 3035 1276 minus

548 1317 798 1366 correctis
849 1317 1139 1381 anteponit.
1213 1313 1317 1364 Sed
1357 1331 1421 1364 ex
1459 1330 1522 1364 eo
1561 1314 1706 1379 quod
1742 1314 2048 1364 Adamantii
2084 1319 2138 1363 et
2173 1315 2335 1363 Pierii
2373 1312 2702 1379 exemplaria
2737 1313 3035 1378 coniungit,

545 1408 690 1454 recte
714 1401 966 1452 infertur:
1004 1401 1228 1452 eandem
1258 1403 1423 1452 fuisse
1448 1402 1710 1450 rationem
1736 1401 2116 1466 exemplarium
2141 1400 2390 1466 Origenis
2417 1405 2470 1449 et
2493 1400 2671 1462 Pierii,
2698 1400 3038 1465 eandemque

545 1488 993 1539 denominationis
1032 1503 1267 1539 causam.
1313 1487 1611 1552 Ecquidem
1638 1488 1958 1537 assentimur
1979 1487 2384 1551 interpretibus:
2423 1487 2516 1551 qui
2540 1491 2757 1535 sumunt
2781 1486 3036 1552 Origenis

542 1553 755 1626 codices
793 1570 1006 1643 ,,ἀκριβῆ’
1044 1569 1363 1643 ἀντίγραφαίῑ,
1402 1590 1507 1639 quo
1545 1575 1760 1623 nomine
1798 1589 1890 1623 eos
1925 1574 2214 1637 Eusebius,
2252 1574 2391 1624 Hist.
2430 1573 2560 1624 eccl.
2585 1574 2680 1622 VI.
2707 1575 2791 1623 23.
2828 1591 2881 1638 p.
2910 1575 3036 1624 224.

546 1667 600 1711 et
637 1664 720 1712 32.
759 1678 810 1727 p.
838 1663 956 1711 231.
1002 1661 1215 1723 salutat,
1263 1660 1369 1709 dici
1404 1661 1678 1710 meruisse.
1738 1658 2092 1709 Concedimus
2129 1661 2289 1709 etiam
2323 1661 2496 1710 virum
2533 1657 2897 1726 κριτικώτατον,
2939 1661 3037 1725 qui

545 1749 800 1814 plurimos
840 1747 1063 1797 contulit
1098 1747 1327 1808 codices,
1375 1747 1727 1807 membranas,
1766 1761 1900 1811 quas
1946 1747 2003 1795 in
2047 1748 2578 1811 interpretationibus
2617 1748 2727 1796 suis
2766 1747 3036 1808 adhibuit,

544 1835 615 1884 ad
652 1835 1011 1899 antiquiorum
1049 1839 1103 1883 et
1136 1833 1413 1883 meliorum
1452 1833 1834 1898 exemplarium
1869 1832 2028 1882 fidem
2065 1835 2374 1896 correxisse,
2421 1838 2475 1882 et
2511 1848 2650 1899 quae
2694 1833 3040 1883 librariorum

542 1923 674 1970 vitio
722 1925 950 1987 peccata
994 1921 1223 1985 putabat
1267 1920 1596 1970 emendasse.
1671 1919 1776 1970 Sed
1821 1920 1914 1984 qui
1960 1920 2252 1971 emendatis
2299 1920 2571 1970 codicibus
2617 1921 2696 1968 uti
2741 1919 3038 1981 malebant,

543 2024 652 2058 non
706 2011 932 2074 possunt
985 2006 1088 2055 dici
1143 2020 1337 2056 novam
1392 2007 1592 2056 Textus
1645 2007 1713 2055 N.
1767 2006 1829 2055 Τ.
1884 2008 2251 2056 recensionem
2305 2007 2624 2070 adornasse3
2681 2021 2838 2056 secus
2894 2007 3042 2056 enim

541 2096 853 2144 innumerae
889 2093 1001 2143 fere
1038 2093 1213 2142 forent
1260 2094 1324 2142 N.
1362 2094 1423 2142 Τ.
1462 2094 1820 2154 recensiones,
1872 2106 2096 2158 quarum
2148 2093 2286 2142 aliae
2323 2095 2410 2142 vix
2449 2093 2770 2158 quibusdam
2805 2095 2863 2142 in
2898 2092 3041 2143 locis

544 2196 579 2230 a
616 2181 803 2230 ceteris
842 2180 1125 2242 differrent,
1164 2179 1302 2228 aliae
1338 2195 1465 2228 vero
1501 2179 1692 2228 mirum
1724 2184 1982 2244 quantum
2009 2194 2043 2228 a
2066 2179 2286 2244 reliquis
2317 2180 2560 2229 diversae
2597 2185 2793 2230 essent.
2840 2181 2889 2229 E
2915 2195 3040 2229 sen-

545 2269 712 2316 tentia
749 2266 1064 2316 Criticorum
1098 2267 1143 2316 is
1180 2271 1385 2315 tantum
1422 2267 1751 2316 recensionis
1799 2271 1984 2316 auctor
2028 2267 2213 2316 haberi
2259 2271 2460 2332 potest:
2518 2269 2630 2332 qui
2675 2267 2781 2316 vel
2827 2271 3041 2316 totum

542 2355 609 2403 N.
647 2355 726 2415 Τ.,
764 2353 867 2403 vel
916 2353 1187 2418 aliquod
1235 2353 1523 2403 eiusdem
1570 2353 1900 2416 volumen,
1951 2355 2030 2402 ab
2073 2354 2273 2403 initio
2324 2354 2404 2402 ad
2439 2353 2638 2402 finem
2684 2369 2890 2418 usque
2939 2355 3044 2402 ita

546 2439 627 2489 ad
665 2453 933 2490 examen
968 2445 1268 2489 revocat:
1305 2444 1375 2488 ut
1402 2441 1795 2505 optimarum
1831 2440 2193 2489 lectionum
2229 2440 2410 2489 facto
2448 2440 2736 2502 delectu,
2763 2441 3041 2489 Textum

544 2527 671 2576 sibi
710 2527 960 2591 privum
988 2541 1061 2575 ac
1086 2528 1416 2591 proprium
1444 2527 1824 2576 constituat.
1873 2525 2096 2576 Accedit
2119 2526 2170 2576 b.
2197 2528 2243 2578 si
2271 2526 2530 2592 Origenes
2556 2541 2746 2576 revera
2771 2522 3039 2587 ,,ἔκδοσιν“

545 2615 611 2664 N.
648 2613 709 2663 F.
746 2617 1101 2679 procurasset,
1150 2614 1324 2683 ipsum
1370 2615 1526 2664 etiam
1574 2619 1966 2679 consequenter
2012 2618 2214 2663 textum
2263 2613 2360 2664 abs
2397 2629 2456 2667 se
2495 2613 2832 2664 emendatum
2881 2616 3041 2680 sequi

548 2702 873 2766 oportuisse3
912 2701 1007 2750 sed
1044 2702 1199 2750 aliter
1234 2718 1345 2751 rem
1377 2717 1434 2751 se
1460 2701 1660 2751 habere
1687 2700 2197 2752 Commentariorum
2222 2702 2526 2751 Adamantii
2562 2702 2769 2750 ratione
2808 2702 3040 2750 evictum

547 2788 790 2837 habetur.
841 2787 921 2838 Cf.
961 2787 1271 2850 Griesbach,
1308 2788 1345 2837 l.
1384 2804 1429 2837 c.
1465 2804 1517 2853 p.
1556 2790 1676 2838 244.
1713 2805 1754 2841 s.
1803 2787 2065 2853 Origenes
2111 2788 2298 2838 eadem
2349 2787 2585 2853 anegata
2621 2804 2650 2837 e
2686 2792 2836 2836 textu
2871 2787 2937 2836 N.
2977 2787 3042 2835 T.

545 2875 735 2925 iisdem
770 2875 826 2923 in
864 2874 1029 2937 libris,
1078 2876 1264 2939 paucis
1314 2889 1474 2939 saepe
1521 2876 1812 2925 interiectis
1859 2876 2208 2925 commatibus
2248 2875 2602 2926 diversimodo
2647 2874 2859 2937 laudat3
2909 2875 3042 2939 quin

548 2962 812 3025 quaedam
833 2960 1066 3026 allegata
1083 2962 1139 3009 in
1162 2961 1309 3009 libris
1329 2962 1591 3026 prioribus
1612 2966 1908 3011 consonant
1929 2963 2012 3024 iis,
2040 2977 2178 3027 quae
2202 2962 2260 3011 in
2279 2962 2659 3027 posterioribus
2684 2962 3040 3026 reperiuntur,

550 3050 792 3112 quamvis
828 3050 885 3097 in
922 3048 1173 3113 operibus
1220 3049 1535 3098 intermedio
1572 3053 1810 3113 tempore
1847 3050 2181 3099 concinnatis
2219 3049 2406 3098 eadem
2441 3048 2678 3113 allegata
2713 3048 2868 3097 aliter
2903 3049 3039 3097 reci-

546 3139 741 3183 tentur.
778 3134 845 3183 In
868 3136 1095 3200 scriptis,
1124 3150 1263 3201 quae
1300 3151 1463 3185 senex
1501 3142 1828 3198 exaraverat,
1867 3136 2129 3186 interdum
2153 3138 2396 3201 sequitur
2420 3136 2696 3198 lectiones,
2736 3150 2870 3200 quas
2908 3135 3038 3184 olim

547 3222 944 3286 reprobaverat.
1005 3222 1081 3271 Ut
1128 3222 1261 3272 adeo
1311 3223 1446 3273 istae
1496 3222 1888 3287 discrepantiae
1936 3224 2065 3273 satis
2115 3238 2383 3289 superque
2431 3227 2718 3274 testentur:
2767 3221 2920 3271 null
2938 3237 3039 3271 am

549 3323 829 3373 unquam
876 3309 955 3357 ab
1004 3308 1291 3374 Origene
1340 3311 1802 3359 recensionem
1847 3310 1912 3360 N.
1950 3310 2010 3358 Τ.
2054 3314 2375 3360 tentatam
2423 3310 2606 3361 fuisse.
2671 3308 2781 3358 Cur
2817 3308 3038 3357 tandem

551 3410 595 3443 c.
633 3409 789 3443 nemo
820 3394 1075 3445 Veterum
1111 3395 1298 3446 laudat
1334 3411 1515 3446 curam
1548 3396 1794 3461 Origenis
1833 3398 1976 3446 circa
2002 3397 2229 3447 Textum
2267 3396 2318 3447 S.
2345 3398 2408 3447 N.
2435 3396 2524 3459 F.;
2563 3412 2658 3445 cur
2681 3396 2952 3445 Eusebius
2983 3396 3041 3443 in

548 3479 822 3531 tradendis
872 3487 1108 3531 ceterum
1154 3482 1459 3533 Adamantii
1504 3484 1666 3533 rebus
1715 3482 2148 3549 diligentissimus
2188 3511 2249 3521 -
2290 3483 2512 3549 Origeni
2552 3487 2697 3533 totus
2740 3482 2854 3531 fere
2903 3482 3044 3531 liber

551 3571 730 3617 sextus
767 3568 1038 3618 Historiae
1074 3569 1491 3619 Ecclesiasticae
1529 3573 1611 3619 est
1647 3570 1871 3619 dicatus.
1899 3598 1963 3607 —-
1989 3586 2058 3620 ne
2087 3570 2244 3621 litera
2277 3570 2492 3635 quidem
2515 3570 2673 3619 huius
2709 3570 3042 3619 recensionis

550 3653 819 3703 meminit?
855 3670 973 3703 cum
1010 3659 1188 3705 tamen
1225 3655 1292 3705 de
1328 3656 1622 3721 Hexaplari
1661 3670 1821 3721 opere
1847 3660 2097 3707 accurate
2133 3661 2438 3722 exponeret.
2493 3656 2592 3705 His
2627 3657 2706 3705 ita
2741 3672 2800 3706 se
2836 3656 3044 3706 haben-

551 3741 718 3791 tibus:
768 3744 1221 3792 recensionem
1271 3742 1581 3808 Origenis
1628 3758 1756 3793 non
1804 3743 2233 3806 admittimus,
2291 3738 2551 3809 διόρθωσιν
2598 3748 2780 3793 autem
2836 3743 3043 3793 codicis

552 3828 829 3879 cuiusdam
864 3830 929 3879 N.
966 3829 1028 3878 F.
1067 3830 1164 3879 abs
1202 3845 1265 3879 eo
1301 3830 1500 3879 factam
1534 3830 1781 3880 lubenter
1814 3829 2082 3895 largimur.

759 3907 982 3981 Neq'ue
1038 3916 1538 3967 existimandum
1596 3921 1723 3967 est:
1780 3917 2146 3967 Lucianum
2192 3918 2674 3967 Antiochenum
2723 3923 2787 3967 et
2835 3918 3042 3982 Hesy-

552 4000 765 4051 chium
804 4002 1227 4068 Aegyptium,
1279 4006 1684 4069 episcopum,
1736 4004 1964 4054 eodem
2003 4004 2276 4054 saeculo
2325 4005 2526 4054 tertio
2564 4032 2630 4041 -—
2668 4004 2764 4053 sed
2803 4010 3042 4054 extremo

553 4117 619 4125 —
657 4090 999 4153 viventes,
1061 4092 1527 4140 recensionem
1586 4091 1730 4140 sive
1796 4093 2006 4156 magis
2068 4090 2435 4141 editionem
2491 4092 2557 4141 N.
2617 4092 2705 4153 Τ.,
2767 4096 3048 4156 recepta

550 4176 762 4226 multo
797 4176 1266 4241 perfectiorem
1290 4179 1368 4228 ita
1392 4191 1708 4242 aggresso
1727 4193 1752 4226 s
1788 4177 1978 4241 fuisse3
2014 4183 2075 4228 ut
2099 4178 2224 4228 inde
2247 4178 2742 4229 Alexandrinae
2770 4179 2839 4228 ab
2867 4179 3045 4242 Hesy-

552 4262 689 4326 chio,
716 4267 770 4313 et
793 4263 1209 4328 Byzantinae
1233 4279 1268 4313 a
1290 4265 1551 4327 Luciano,
1577 4265 1692 4315 sive
1717 4265 1987 4315 Asiaticae
2013 4265 2256 4315 codicum
2280 4265 2516 4315 familiae
2542 4266 2800 4331 originem
2825 4266 3044 4314 ducant.

552 4350 648 4398 Vir
683 4350 879 4400 multae
917 4350 1231 4401 eruditionis
1266 4351 1318 4400 J.
1352 4352 1415 4401 L.
1448 4351 1591 4417 Hug,
1628 4351 1664 4400 1.
1689 4367 1734 4400 c.
1773 4368 1824 4417 p.
1851 4354 1969 4402 203.
1995 4369 2056 4415 s.,
2093 4351 2150 4401 id
2188 4352 2332 4417 quod
2370 4351 2420 4401 d.
2457 4352 2834 4415 Hieronymus,
2873 4352 3045 4415 praef.

551 4438 609 4485 in
655 4436 974 4502 Paralipom.
1029 4437 1270 4487 fortassis
1328 4438 1611 4503 „hyperb
1627 4438 1847 4500 olice“,
1897 4438 1963 4487 de
2011 4438 2208 4503 triplici
2257 4440 2321 4489 V.
2370 4439 2432 4487 Τ.
2481 4437 2647 4487 LXX.
2685 4439 3046 4502 interpretum

553 4525 863 4573 recensione
921 4524 1131 4574 scribit:
1191 4524 1649 4587 „Alexandria
1710 4530 1775 4575 et
1828 4525 2186 4591 Aegyptus
2245 4526 2314 4574 in
2369 4524 2840 4589 Septuaginta
2901 4524 3046 4573 suis
