3309 5300
1124 429 1188 469 De
1216 429 1389 471 canone
1416 429 1460 469 S.
1481 428 1649 469 Libror.
1678 428 1775 470 Vet.
1806 428 1927 469 Test.
2690 413 2767 478 11

269 608 447 670 niina
515 605 744 670 Sacra.
837 605 1006 671 Cum
1067 604 1313 671 Judaei
1378 605 1643 668 interitu
1702 602 2106 688 reipublicae
2168 624 2323 667 suae
2385 603 2767 686 gravissime

266 720 520 802 afflicti,
552 729 694 784 toto
741 722 957 784 animo
1005 718 1092 785 ad
1138 718 1520 803 religionem
1567 726 1719 781 ante
1765 717 1891 780 hac
1928 716 2137 781 levius
2176 714 2463 779 habitam
2496 739 2769 781 conver-

267 842 607 899 terentur:
640 822 656 833 .
688 832 1038 897 Librorum
1095 854 1357 917 quoque
1420 830 1772 895 Sacrorum
1831 831 2122 893 maxima
2184 830 2429 895 exstitit
2488 852 2646 895 cura
2707 839 2773 893 et

271 949 678 1031 aestimatio;
731 970 860 1012 nec
919 956 1140 1011 tamen
1197 944 1280 1009 de
1338 945 1534 1029 vulgo
1593 944 1885 1009 homines
1946 945 2166 1029 prisca
2238 942 2499 1029 Scripta
2564 941 2769 1007 Sacra

269 1061 554 1146 aliaque,
589 1083 762 1147 quae
795 1059 1106 1145 deinceps
1139 1057 1564 1141 accedebant,
1595 1080 1717 1143 per
1750 1057 1924 1122 exilii
1969 1067 2227 1141 tempus
2271 1058 2527 1140 integra
2558 1079 2763 1120 asser-

269 1197 465 1239 vasse
501 1173 816 1239 censendi
847 1182 1014 1237 sunt.
1077 1172 1430 1242 Enimvero
1467 1171 1532 1236 S.
1564 1171 1935 1235 Literarum
1984 1171 2392 1234 conservatio
2439 1170 2602 1232 tanti
2646 1168 2767 1233 fuit

268 1289 612 1371 momenti,
658 1297 732 1351 ut
759 1287 938 1371 vulgi
969 1285 1234 1350 arbitrio
1267 1287 1584 1371 permissa
1613 1284 1789 1349 nullo
1821 1283 2018 1348 modo
2064 1283 2244 1347 credi
2287 1285 2511 1369 possit.
2572 1284 2767 1350 Certe

269 1401 554 1466 aderant
595 1411 756 1465 tunc
801 1399 1174 1485 Prophetae
1221 1396 1599 1462 Ezechiel
1647 1406 1723 1461 et
1756 1397 2080 1480 Daniel,
2139 1398 2250 1482 qui
2301 1396 2466 1461 haec
2513 1396 2771 1482 Scripta

271 1524 344 1579 et
389 1514 880 1598 diligentissime
940 1514 1066 1598 ipsi
1127 1512 1559 1594 custodirent,
1623 1521 1689 1575 et
1739 1512 2111 1597 praecipuis
2170 1510 2560 1596 quibusdam
2616 1512 2770 1575 viris

271 1627 712 1692 Theocratiae
750 1636 900 1713 post
928 1627 1054 1691 hac
1102 1624 1533 1691 custodienda
1580 1626 2011 1689 comitterent.
2074 1624 2162 1689 Et
2208 1647 2364 1688 sane
2402 1624 2609 1707 DeuS,
2658 1625 2769 1709 qui

269 1750 574 1826 tempore
637 1740 811 1805 exilii
851 1744 870 1783 ¹
938 1762 1138 1825 saepe
1205 1739 1560 1824 Religionis
1618 1737 1702 1802 de
1766 1761 1965 1803 causa
2023 1738 2220 1803 modo
2289 1734 2769 1801 interveniebat

271 1853 819 1935 extraordinario,
850 1852 1110 1917 videtur
1157 1874 1550 1937 quocunque
1595 1851 1866 1916 tandem
1910 1850 2107 1916 modo
2156 1851 2472 1933 effecisse,
2504 1858 2576 1914 ut
2604 1851 2765 1914 inte-

271 1990 394 2053 gra
437 1968 686 2031 Divina
729 1966 1083 2031 Volumina
1129 1975 1564 2030 servarentur.

488 2079 1067 2145 Collectionem
1098 2102 1256 2144 vero
1289 2078 1466 2143 illam
1505 2077 1571 2143 S.
1603 2078 1953 2143 Librorum
1981 2077 2242 2142 Veteris
2272 2075 2591 2141 Foederis
2622 2099 2769 2139 nec

273 2193 604 2257 Esdram
647 2215 814 2276 ,nec
849 2192 1352 2277 Synagogam
1382 2192 1743 2277 Magnam
1776 2189 2255 2273 absolvisse3
2296 2189 2487 2276 plura
2531 2198 2769 2254 testan-

273 2317 380 2371 tur
409 2306 561 2370 loca
594 2305 854 2370 Codicis
886 2304 1129 2370 Divini.
1183 2305 1272 2369 Et
1303 2304 1567 2390 quidem
1601 2305 1887 2390 opinioni
1920 2303 2257 2368 Canonem
2292 2302 2357 2367 S.
2394 2301 2767 2388 Scripturae

273 2420 358 2483 ab
388 2419 607 2483 Esdra
627 2418 1114 2504 Synagogaque
1132 2418 1380 2502 Magna
1403 2417 1773 2482 absolutum
1796 2416 2017 2499 fuisse,
2040 2425 2368 2501 repugnat
2390 2424 2651 2500 praeter
2671 2437 2769 2498 ea,

273 2554 450 2617 quae
483 2554 542 2595 a.
581 2531 662 2595 de
695 2532 860 2596 libro
893 2531 1281 2596 Estherae
1324 2541 1389 2595 et
1421 2533 1560 2595 eius
1592 2530 1878 2616 dupplici
1908 2531 2291 2594 recensione
2323 2530 2690 2593 notavimus
2710 2530 2769 2611 23

268 2646 335 2710 b.
389 2647 674 2710 narratio
722 2644 870 2710 libri
914 2646 1105 2731 primi
1134 2644 1705 2730 Paralipomenon,
1750 2667 1881 2730 qua
1910 2641 2338 2709 Zorobabelis
2383 2641 2772 2728 genealogia

271 2759 364 2822 ad
412 2758 748 2824 saeculum
792 2781 1002 2844 usque
1035 2761 1350 2844 quintum,
1383 2761 1450 2821 in
1497 2757 1658 2822 duas
1691 2768 1839 2844 post
1868 2757 2252 2822 Nehemiam
2291 2757 2773 2842 generationeS,

268 2871 668 2956 producitur
687 2875 728 2936 3.
776 2871 927 2936 Huc
960 2880 1215 2956 spectat
1247 2894 1302 2935 c.
1337 2870 1612 2935 alterum
1645 2870 1822 2955 quod
1852 2872 2173 2956 reperitur
2204 2893 2243 2934 a
2265 2870 2326 2933 N
2331 2870 2585 2934 ehemia
2617 2891 2767 2933 con-

269 2987 608 3068 signatum
638 2986 1101 3067 testimonium,
1136 2986 1317 3048 cuius
1356 2984 1484 3048 fide
1523 2984 1904 3048 Levitarum
1942 2986 2259 3069 primores
2305 2982 2391 3046 ad
2437 2981 2771 3046 saeculum

268 3120 487 3183 usque
515 3107 818 3184 quartum
844 3108 995 3162 ante
1023 3098 1260 3163 Christi
1282 3098 1548 3180 Natales
1570 3107 1992 3162 recensentur
2004 3102 2048 3162 4.
2095 3097 2387 3162 Probant
2409 3096 2572 3160 haec
2597 3095 2771 3159 testi-

493 3309 528 3375 1)
575 3311 650 3360 Ut
698 3310 787 3359 vel
836 3326 900 3359 ex
948 3312 1064 3376 ipso
1121 3311 1365 3360 Danielis
1423 3311 1558 3362 libro
1613 3316 1838 3361 constat.
1912 3311 1951 3376 2)
2011 3312 2079 3360 H.
2122 3311 2186 3359 R.
2229 3311 2296 3359 D.
2340 3311 2404 3359 V.
2448 3311 2509 3358 T.
2558 3327 2611 3374 p.
2651 3312 2769 3359 510.

270 3397 316 3460 3)
370 3396 582 3446 Collato
623 3398 762 3445 enim
799 3398 840 3445 Ι.
880 3398 1001 3446 Par.
1039 3400 1088 3460 3,
1130 3400 1348 3448 19—24.
1389 3405 1442 3448 et
1476 3399 1518 3448 Ι.
1557 3399 1713 3448 Esdr.
1753 3400 1803 3460 8,
1843 3401 1919 3449 2.:
1969 3399 2183 3460 HattuS,
2233 3399 2325 3462 qui
2358 3398 2400 3446 I.
2439 3398 2562 3447 Par.
2600 3399 2649 3458 3,
2689 3399 2772 3446 22.

272 3482 525 3547 Semejae
578 3483 720 3532 filius
770 3489 825 3533 et
872 3485 1103 3534 Naariae
1157 3485 1321 3534 frater
1366 3484 1578 3548 dicitur,
1637 3502 1666 3534 e
1712 3487 1875 3550 stirpe
1912 3486 2137 3536 Davidis
2194 3485 2447 3534 oriundus
2496 3499 2608 3533 una
2654 3499 2773 3532 cum

267 3571 454 3619 Esdra
487 3572 543 3618 in
581 3572 811 3635 patriam
847 3572 1166 3636 remigravit.
1227 3573 1460 3622 Naar-iae
1497 3579 1978 3622 commemorantur
2013 3590 2063 3622 v.
2102 3575 2186 3622 23.
2219 3572 2315 3622 filii
2351 3577 2489 3636 tres;
2525 3571 2775 3620 Elioenai

269 3658 616 3722 primogeniti
647 3673 774 3707 vero
803 3675 850 3707 v.
878 3661 960 3707 24.
999 3665 1216 3723 septem.
1259 3659 1339 3708 Cf.
1373 3658 1616 3720 Calmeti,
1660 3659 1844 3709 Comm
1880 3659 1957 3709 lit.
1985 3676 2031 3709 a.
2058 3660 2108 3709 h.
2141 3660 2175 3709 l.
2200 3661 2291 3708 IV.
2318 3661 2437 3709 531.
2486 3659 2772 3720 Bertheau‚

273 3745 365 3793 die
401 3743 614 3793 Biicher
653 3744 747 3793 der
785 3744 1038 3794 Chronik.
1075 3762 1128 3809 p.
1167 3748 1250 3795 35.
1323 3747 1364 3810 ⁴)
1412 3747 1664 3811 Legimus
1704 3747 1843 3796 enim
1878 3748 1948 3796 II.
1985 3747 2140 3797 Esdr.
2181 3749 2262 3809 12,
2306 3749 2385 3796 10.
2427 3748 2507 3795 11.
2573 3745 2771 3807 „Josue

271 3835 456 3880 autem
504 3832 692 3895 genuit
741 3832 968 3893 Joacim,
1020 3837 1074 3881 et
1118 3833 1328 3882 Joacim
1378 3835 1562 3898 genuit
1609 3833 1831 3896 Elias-xib,
1884 3839 1937 3882 et
1970 3834 2177 3884 Eliasib
2226 3835 2410 3898 genuit
2445 3831 2668 3896 Jojada‚
2721 3837 2775 3882 et

271 3917 475 3981 Jojada
517 3919 704 3982 genuit
747 3918 1022 3968 Jonathan
1070 3923 1124 3968 et
1171 3919 1445 3969 Jonathan
1493 3923 1680 3984 genuit
1727 3921 1987 3970 Jeddoa.“
2062 3921 2109 3969 E
2162 3921 2355 3986 quibus
2402 3920 2774 3970 Eliasibum

269 4004 622 4068 aequalem
668 4005 879 4054 fuisse
915 4005 1270 4055 Nehemiae
1315 4006 1435 4057 coll.
1473 4007 1542 4056 ΙΙ.
1579 4007 1737 4056 Esdr.
1776 4009 1823 4066 3,
1866 4009 1909 4055 1.
1950 4010 2033 4058 20.
2079 4006 2277 4071 liquet;
2316 4007 2410 4058 sed
2454 4007 2775 4058 Jeddoam

272 4090 612 4141 sacerdotem
637 4107 899 4142 summum
924 4093 1090 4141 fuisse
1125 4097 1418 4160 tempore
1453 4093 1817 4143 Alexandri
1853 4094 2099 4160 Magni,
2140 4110 2169 4143 e
2193 4095 2435 4160 Josephi,
2473 4095 2651 4161 Antiq.
2678 4097 2771 4146 XI.

273 4180 323 4239 7,
352 4179 402 4226 2.
429 4179 546 4227 578.
584 4179 656 4228 ib.
684 4181 733 4241 8,
760 4181 808 4226 4.
847 4195 897 4243 p.
925 4180 1043 4229 580.
1083 4185 1320 4244 apparet.
1371 4179 1450 4229 Cf.
1489 4181 1775 4242 Bertheau‚
1813 4181 1847 4230 l.
1887 4198 1931 4231 c.
1970 4182 2103 4246 prol.
2143 4199 2191 4248 p.
2218 4183 2410 4232 XLVI.
2458 4184 2636 4234 Locos
2673 4183 2769 4234 hos

271 4265 473 4326 seriuS,
525 4264 706 4314 aliena
751 4281 913 4315 manu
959 4269 1278 4329 accessisse,
1329 4282 1458 4317 sane
1508 4283 1627 4317 cum
1678 4283 1875 4322 causae
1922 4269 2148 4318 idoneae
2186 4286 2294 4318 non
2332 4269 2523 4332 adsint,
2564 4285 2656 4319 cur
2698 4271 2776 4320 ita

273 4351 622 4416 opinaremur
677 4353 792 4400 sine
851 4352 960 4402 ullo
1010 4359 1321 4418 argumento
1369 4353 1736 4418 Ackerman-n‚
1789 4354 1889 4404 Int.
1940 4372 1990 4420 p.
2044 4359 2158 4406 196.
2210 4359 2326 4406 205.
2375 4365 2428 4408 et
2474 4359 2533 4406 B.
2578 4357 2774 4428 Welte‚

270 4437 424 4502 apud
447 4437 663 4487 Hei-bst.
691 4438 740 4486 h.
763 4439 842 4488 kr.
868 4439 1009 4488 Einl.
1029 4440 1071 4501 Ι,
1097 4441 1180 4489 49.
1209 4440 1468 4490 dixerunt.
1507 4442 1628 4490 Hoc
1653 4456 1785 4490 sane
1811 4457 1965 4492 nemo
1992 4443 2171 4492 facere
2198 4449 2527 4507 attentasset,
2556 4445 2775 4494 Canone

269 4523 336 4572 V.
375 4524 438 4572 Τ.
473 4525 580 4573 iam
618 4525 836 4590 publica
870 4528 1006 4575 tanti
1044 4527 1142 4576 viri
1179 4528 1264 4576 vel
1315 4528 1475 4593 plane
1521 4527 1736 4593 collegii
1773 4531 2093 4580 auctoritate
2130 4531 2401 4582 conclus0.
2466 4531 2773 4594 „Canonem

279 4625 320 4660 S.
369 4610 542 4662 Esrae
603 4617 780 4663 aetate
840 4613 1072 4664 nondum
1133 4615 1437 4666 absolutum
1497 4615 1687 4679 fuisse,
1756 4618 1990 4684 receptio
2051 4618 2304 4669 librorum
2360 4617 2758 4684 Chronicorum‚
