3309 5300
1274 421 1424 466 versio
1452 419 1551 470 τῶν
1583 423 1706 467 Lxx.
2625 405 2748 468 159

249 597 463 654 aetatis
494 598 827 656 narrationi
859 595 949 655 illi
982 599 1263 673 impressa
1292 603 1433 654 sunt
1460 599 1728 670 vestigia,
1787 619 1817 653 e
1833 599 2061 675 quibus
2092 597 2418 655 discernere
2448 617 2746 673 possumus

249 700 491 776 culpam
522 701 916 759 sublestorum
947 701 1255 758 natalium.
1289 702 1423 759 Non
1457 707 1702 777 apparet
1730 703 1973 759 interim
2005 723 2079 759 ex
2105 702 2198 760 his
2228 701 2480 768 indiciis,
2515 703 2748 780 quando

250 824 395 862 nam
439 806 703 880 praecise
731 807 830 862 hic
866 810 1069 880 partus
1102 805 1169 862 in
1205 805 1393 862 lucem
1424 806 1615 863 editus
1644 805 1754 862 sit?
1812 807 1941 864 Hoc
1971 811 2205 864 tantum
2241 807 2526 877 videmuS,
2561 811 2750 864 aetate

246 908 283 965 J
285 909 496 984 osephi
526 909 727 968 Flavii
758 930 893 968 eum
921 910 1039 966 iam
1070 915 1454 986 propagatum
1484 911 1725 982 dudum,
1767 915 2191 988 exceptumque
2232 911 2409 967 fuisse
2440 911 2506 967 in
2547 911 2748 967 Palae-

249 1013 417 1071 stina
446 1019 616 1072 tanto
648 1033 780 1070 cum
811 1033 1115 1090 consensu3
1148 1018 1218 1071 ut
1246 1015 1399 1070 hanc
1428 1013 1732 1088 epistolam
1763 1015 1800 1071 J
1803 1016 2047 1089 osephus
2076 1015 2236 1072 inter
2266 1017 2512 1092 antiqua
2541 1020 2600 1072 et
2629 1015 2748 1070 sin-

248 1136 395 1174 cera
420 1119 617 1192 gentis
647 1111 784 1175 suae
828 1119 1187 1175 monimenta
1226 1117 1517 1175 retulerit.
1580 1117 1746 1180 Quod
1794 1119 1926 1175 fieri
1971 1139 2088 1176 non
2134 1119 2432 1194 potuisset,
2487 1119 2535 1176 si
2583 1118 2751 1175 illam

248 1241 451 1297 nuper
479 1225 547 1280 in
578 1243 787 1279 manus
815 1222 1122 1279 hominum
1152 1223 1483 1297 pervenisse
1508 1224 1790 1280 historiae
1811 1223 1848 1280 J
1851 1223 2088 1280 udaicae
2111 1223 2378 1298 scriptor,
2414 1227 2518 1279 aut
2540 1241 2750 1300 aequa-

248 1325 337 1382 les
374 1329 503 1383 eius
534 1327 912 1384 meminisset.
960 1325 1023 1382 Si
1058 1346 1195 1384 vero
1241 1327 1622 1397 sciscitamur,
1673 1326 1915 1384 ubinam
1945 1328 2214 1399 gentium
2242 1328 2386 1384 haec
2415 1326 2660 1402 epistola
2685 1327 2750 1383 111

248 1429 457 1487 10011111
488 1429 828 1488 emerserit?
871 1431 936 1487 in
966 1435 1201 1506 promtu
1232 1435 1318 1488 est
1346 1430 1758 1488 Alexandrina
1788 1430 2167 1488 confictarum
2197 1430 2586 1516 scriptionum
2617 1430 2750 1486 offi-

250 1535 422 1604 cina3
484 1536 585 1592 ubi
633 1539 780 1592 teste
820 1534 1069 1592 Philone
1093 1533 1112 1572 ¹
1157 1536 1471 1613 quotannis
1514 1537 1578 1593 in
1623 1537 1967 1594 memoriam
2011 1535 2264 1593 feliciter
2305 1535 2528 1611 peracti
2577 1535 2753 1592 huius

248 1637 501 1710 laboris,
548 1640 781 1712 ingenti
818 1638 1123 1696 hilaritate
1170 1640 1291 1696 dies
1328 1639 1508 1696 festus
1550 1642 1852 1714 agebatur.
1900 1639 2277 1716 Quisounque
2325 1643 2522 1696 autem
2567 1639 2752 1696 fuerit

250 1743 540 1818 epistolae
594 1743 955 1818 compilator,
1008 1747 1193 1800 totam
1232 1749 1517 1820 quantam
1561 1744 1744 1801 finxit
1789 1745 1860 1801 ad
1906 1745 2234 1802 versionem
2282 1742 2754 1800 Alexandrinam

250 1849 815 1916 commendandam;
890 1848 1058 1925 quasi
1116 1867 1256 1904 non
1321 1849 1404 1904 ab
1463 1849 1772 1906 humano
1831 1848 2061 1906 solum
2115 1847 2418 1921 ingenio
2479 1847 2754 1922 profec-

254 1957 431 2022 tam,
492 1953 591 2008 sed
622 1952 874 2028 quodam
902 1952 1071 2010 velut
1098 1951 1365 2026 prodigio
1411 1957 1621 2009 extra
1665 1952 1996 2009 ordinem
2042 1957 2351 2009 naturae
2403 1955 2609 2008 ortam.

254 2244 318 2320 ξ.
378 2244 487 2308 73.
563 2241 1045 2322 Discutitur,
1108 2263 1261 2325 quo
1324 2250 1683 2326 tempore
1749 2241 1968 2303 facta
2028 2242 2128 2304 sit
2192 2241 2754 2325 interpretatio

1320 2377 1351 2414 τ
1363 2361 1408 2414 ὤ
1421 2377 1449 2413 ν
1494 2353 1708 2416 LXX.

479 2544 586 2607 De
634 2553 930 2628 tempore
979 2565 1107 2629 quo
1157 2544 1333 2607 facta
1378 2545 1488 2626 sit,
1555 2545 1840 2607 maxime
1902 2543 2091 2608 nobis
2153 2543 2396 2607 arridet
2439 2543 2761 2606 sententia

256 2658 389 2719 viri
439 2658 840 2742 sagacissimi
900 2656 961 2720 J.
1006 2656 1086 2735 L.
1132 2657 1451 2742 Hugii2:
1512 2680 1671 2721 vero
1718 2678 2038 2743 perquam
2104 2680 2244 2721 esse
2293 2656 2496 2721 simile
2540 2654 2756 2719 Ptole-

256 2792 558 2851 maeum,
633 2792 767 2834 non
826 2769 1323 2856 Philadelphum
1386 2769 1504 2833 sed
1547 2770 1716 2855 Lagi
1760 2770 1961 2833 filium
2008 2780 2342 2835 auctorem
2389 2770 2618 2852 fuisse3
2687 2778 2760 2831 ut

255 2880 421 2945 Lex
450 2904 569 2945 seu
611 2882 1248 2964 ,Pentateuchus‘
1286 2891 1670 2947 verteretur.
1718 2882 1892 2946 Huic
1922 2884 2018 2947 rei
2048 2882 2206 2946 illud
2236 2882 2572 2969 politicum
2607 2905 2756 2945 con-

257 3128 313 3177 J.
340 3128 616 3188 Usserius,
655 3128 721 3177 de
756 3144 951 3193 graeca
976 3127 1156 3194 Septv.
1194 3130 1409 3193 interpr.
1448 3130 1690 3178 versione
1729 3132 2025 3193 syntagma.
2049 3128 2222 3177 Lond.
2253 3128 2402 3176 1655.
2439 3128 2487 3176 J.
2517 3128 2757 3187 Vossius,

259 3214 329 3263 de
387 3213 567 3279 Septv.
617 3216 841 3279 Interpr.
892 3231 1182 3280 eorumque
1235 3215 1585 3265 translatione
1642 3220 1696 3263 et
1745 3214 2122 3279 chronologia.
2165 3216 2368 3279 'Hagae
2419 3214 2566 3263 Com.
2607 3214 2756 3263 1661.

260 3301 515 3366 Append.
568 3302 638 3349 ad
686 3301 720 3350 l.
760 3301 825 3351 (10
862 3301 1028 3351 LXX.
1077 3304 1293 3367 interpr.
1342 3303 1413 3351 ib.
1458 3304 1607 3351 1663.
1663 3302 1898 3363 VValton,
1949 3302 2090 3351 Prol.
2129 3302 2223 3362 IX,
2263 3302 2311 3350 4.
2348 3302 2418 3351 ΙΙ.
2461 3304 2540 3350 11.
2581 3318 2622 3349 s.
2677 3300 2756 3349 Le

262 3388 499 3451 Noui-ry,
540 3403 663 3453 app.
703 3387 771 3436 ad
808 3387 1059 3437 Biblioth.
1096 3388 1238 3437 MaX.
1276 3388 1334 3437 P.
1361 3388 1420 3437 Ρ.
1460 3388 1509 3436 (1.
1547 3389 1639 3436 XI.
1680 3389 1720 3449 Ι,
1762 3391 1878 3437 225.
1918 3405 1959 3438 s.
1999 3388 2079 3438 ed.
2111 3389 2231 3438 Par.
2263 3390 2411 3437 1703.
2449 3388 2548 3437 Τ11.
2574 3388 2757 3436 Holtz-

260 3473 418 3534 clau,
468 3474 640 3523 Instit.
692 3472 947 3540 Scriptur.
999 3492 1050 3539 p.
1102 3477 1215 3524 168.
1264 3490 1306 3524 s.
1363 3488 1555 3540 magno
1607 3480 1827 3536 conatu,
1885 3491 2038 3524 nemo
2096 3480 2272 3523 tamen
2321 3476 2521 3524 maiore
2571 3488 2757 3539 quam:

263 3561 537 3611 Simeon
586 3561 661 3610 (10
710 3562 1075 3625 Magistris,
1126 3561 1375 3627 apologia
1426 3562 1481 3609 P.
1522 3562 1580 3609 P.
1631 3561 1698 3610 (10
1735 3562 1898 3610 LXX.
1949 3562 2104 3610 virali
2151 3563 2397 3611 versione
2447 3561 2628 3611 addita
2677 3560 2756 3609 ed.

264 3648 517 3697 Danielis
556 3664 599 3697 s.
636 3648 801 3697 LXX.
841 3664 907 3697 ex
942 3647 1209 3713 Tetraplis
1248 3648 1511 3712 Origenis.
1551 3648 1702 3697 Rom.
1745 3650 1898 3717 1772..
1931 3666 1982 3714 p.
2021 3650 2137 3697 309.
2177 3664 2247 3710 s.;
2299 3663 2406 3712 qua
2441 3664 2548 3697 non
2587 3647 2760 3698 solum

266 3734 518 3785 Aristeae
543 3734 836 3783 Historiam
874 3734 1125 3796 defendit,
1162 3735 1257 3784 sed
1282 3736 1440 3783 etiam
1466 3734 1690 3783 cellulas
1717 3734 1841 3783 olim
1867 3736 1972 3783 iam
1999 3750 2032 3783 a
2062 3734 2182 3783 divo
2209 3735 2554 3798 Hieronymo,
2593 3734 2760 3799 praef.

264 3822 325 3869 in
370 3821 523 3870 Pent.
576 3823 786 3886 penitus
824 3822 1074 3871 subrutas
1121 3822 1455 3870 instauraret.
1516 3820 1765 3869 Attamen
1813 3820 2094 3869 laudamus
2142 3822 2307 3869 virum
2359 3821 2758 3870 celeberrimum

262 3908 409 3968 ideo,
450 3908 594 3972 quod
630 3909 846 3957 nimium
884 3908 1049 3956 Hodii
1084 3922 1169 3957 res
1206 3908 1455 3971 antiquas
1494 3907 1749 3973 carpendi
1787 3907 2018 3956 studium
2055 3908 2366 3957 coercuerit.
2422 3908 2542 3956 Hoc
2577 3912 2759 3957 nostro

266 3994 503 4059 denique
530 3994 751 4045 saeculo
783 3995 924 4045 idem
949 3999 1221 4059 praestare
1249 3994 1556 4043 voluerunt:
1596 3994 1653 4043 O.
1683 3994 2108 4056 OiconomoS,
2145 3991 2256 4061 περὶ
2279 3994 2376 4043 τῶν
2403 3989 2428 4042 ό
2455 3992 2759 4062 ἑρμηνευτῶν

262 4083 353 4144 τῆς
402 4078 617 4139 παλαιᾶς
667 4077 794 4139 θείας
840 4083 1027 4149 γραφῆς
1067 4079 1110 4147 β.
1151 4098 1193 4129 κ.
1231 4097 1273 4130 τ.
1310 4078 1358 4129 λ.
1399 4078 1577 4144 Ἀθήν.,
1616 4078 1780 4148 &top-5³
1819 4096 1860 4129 s.
1911 4086 1965 4129 et
2002 4080 2360 4143 Grinfield,
2410 4096 2478 4129 an
2518 4080 2761 4147 Apology

264 4169 349 4218 for
384 4168 479 4217 the
517 4167 885 4233 Septvaginta.
922 4167 1095 4217 Lond.
1138 4170 1287 4217 1850.

486 4255 523 4320 ¹)
562 4255 626 4304 L.
664 4271 706 4305 s.
744 4271 789 4303 c.
865 4255 906 4315 2)
954 4256 1037 4304 De
1083 4254 1439 4304 Pentateuchi
1472 4256 1733 4305 Versione
1782 4255 2142 4304 Alexandrina
2189 4256 2564 4305 commentatio
2612 4255 2761 4304 Frib.

271 4344 427 4392 1818.
467 4359 519 4406 p.
562 4344 607 4391 7.
646 4356 706 4403 8.,
758 4356 867 4406 qua
913 4341 1140 4391 mediam
1188 4342 1329 4391 viam
1372 4343 1670 4406 ingressus:
1721 4343 1892 4407 ipsam
1931 4342 2207 4407 epistolam
2244 4342 2510 4402 Aristeae,
2561 4356 2662 4390 nec
2703 4346 2764 4390 ut

269 4433 631 4478 commentum
666 4430 882 4493 penitus
919 4429 1113 4489 reiicit,
1162 4444 1263 4477 1100
1310 4430 1489 4477 omnia
1534 4442 1674 4493 quae
1720 4429 1819 4478 sub
1856 4428 2098 4477 Aristeae
2144 4430 2356 4477 nomine
2402 4429 2602 4493 scripta
2637 4432 2762 4477 sunt

266 4520 327 4565 ut
361 4530 498 4565 vera
536 4514 798 4577 defendit3
840 4514 935 4565 sed
974 4512 1109 4579 quae
1137 4516 1235 4565 sub
1266 4513 1569 4564 fabulamm
1607 4530 1799 4564 acervo
1837 4492 2154 4564 ahscondita
2179 4529 2348 4579 grana
2382 4520 2508 4564 sunt
2543 4515 2758 4579 detexit,

270 4608 325 4653 et
360 4604 422 4651 in
458 4602 733 4669 publicum
772 4602 999 4651 feliciter
1035 4608 1381 4666 conspectum
1417 4602 1681 4666 produxit.
