3309 5300
522 418 649 483 274
1220 435 1453 475 Commeat.
1484 434 1537 477 de
1566 438 1609 475 S.
1634 436 1844 486 Scriptur.
1875 449 1967 487 cap.
1998 438 2101 477 tert.
2130 438 2240 478 sect.
2269 434 2302 477 I.

521 609 641 667 Qua
677 608 882 656 ratione
909 622 1098 657 sensus
1133 608 1184 657 S.
1214 609 1606 674 Scripturarum
1642 611 1782 661 bene
1805 615 2102 675 perspecta,
2141 612 2400 661 refellitur
2423 628 2640 677 prorsus
2668 616 2846 679 opinio
2872 614 3024 665 falsa

521 710 561 743 ε.
591 694 639 742 d.
679 694 1307 757 Rationalistarum,
1348 698 1438 761 qui
1473 696 1791 761 Prophetias
1823 702 1878 746 et
1900 699 2081 763 Typos
2108 700 2170 748 V.
2195 699 2257 747 F.
2293 700 2347 748 in
2374 700 2440 747 N.
2466 699 2528 749 T.
2555 714 2589 748 a
2610 700 3020 765 Hagiographis

520 781 709 829 citatas
760 780 1160 845 allegatosque:
1216 799 1325 832 non
1375 798 1501 833 vero
1550 770 1953 833 sensu‘literali
1992 789 2045 833 et
2079 786 2285 850 typico,
2335 785 2431 834 sed
2467 784 2570 834 hoc
2607 787 3022 836 accommodato

520 868 861 931 accipiendas
901 884 1018 918 esse
1065 874 1269 934 putant.
1332 870 1512 932 Certe,
1551 876 1611 919 ut
1645 872 1832 936 paucis
1880 887 1992 920 rem
2029 871 2291 933 dicamus,
2341 872 2496 921 nefas
2545 877 2628 922 est
2675 875 3020 923 existimare:

520 953 813 1019 Scriptores
862 954 1061 1022 Spiritu
1109 957 1213 1005 Dei
1250 956 1467 1021 plenos,
1518 956 1900 1007 insufficientia
1949 962 2002 1007 et
2052 974 2086 1007 a
2120 974 2248 1008 vero
2295 974 2457 1008 sensu
2495 959 2672 1008 aliena
2705 960 3026 1009 testimonia

517 1039 781 1091 laudasse.
832 1043 982 1102 Quae
1006 1041 1201 1092 literali
1229 1044 1315 1092 vel
1340 1044 1602 1108 spirituali
1627 1060 1790 1094 sensu
1817 1045 1883 1094 ab
1909 1045 2307 1110 Hagiographis
2333 1046 2692 1110 proferuntur,
2721 1046 2786 1095 de
2809 1047 3022 1111 quibus

516 1128 714 1193 scripta
750 1135 888 1190 sunt,
929 1130 997 1178 ad
1035 1146 1157 1179 eum
1192 1129 1407 1179 modum
1444 1129 1670 1181 lectores
1707 1130 1968 1195 habeant3
2009 1146 2146 1197 quae
2174 1148 2302 1181 vero
2339 1147 2437 1197 per
2461 1132 3021 1182 accommodationem

516 1230 625 1271 non
669 1231 764 1279 per
810 1219 1187 1281 proprietatem
1235 1218 1615 1279 enunciantur,
1663 1219 1719 1266 in
1762 1218 1844 1269 his
1889 1220 2062 1283 pietas
2113 1224 2166 1267 et
2213 1218 2423 1268 devotio
2471 1220 2755 1283 quaeritur.
2814 1220 3019 1283 Neque

518 1302 657 1349 enim
680 1302 930 1351 Ecclesia
965 1304 1095 1366 vult,
1134 1304 1221 1353 vel
1248 1308 1427 1369 potest
1463 1303 1515 1354 S.
1544 1304 1851 1369 Scripturae
1887 1322 2100 1355 sensum
2137 1322 2320 1355 verum
2357 1299 2484 1354 κατὰ
2517 1302 2646 1363 λέξιν
2683 1306 3017 1367 adscribere,

516 1404 671 1451 quem
707 1389 803 1439 illa
836 1406 868 1438 a
895 1390 1096 1455 Spiritu
1132 1390 1183 1440 S.
1211 1392 1471 1442 intentum
1508 1408 1618 1441 non
1656 1394 1970 1441 contineret.
2017 1394 2216 1442 Verum
2255 1394 2523 1441 enimvero
2563 1398 2756 1441 cuncta
2781 1393 2832 1441 S.
2860 1393 3016 1442 Lite-

516 1488 692 1523 rarum
729 1479 952 1540 mystica
986 1478 1130 1538 loca,
1176 1494 1399 1543 quorum
1435 1478 1567 1528 fides
1605 1484 1933 1529 sustentatur
1967 1480 2034 1527 D.
2073 1480 2138 1527 N.
2175 1479 2226 1527 J.
2266 1479 2490 1541 Christi,
2537 1478 2914 1544 Apostolorum
2957 1482 3020 1527 et

515 1561 796 1611 Ecclesiae
844 1566 1188 1628 auctoritate3
1238 1566 1307 1615 ad
1350 1565 1615 1614 humanae
1657 1582 1801 1630 „pro
1844 1568 2163 1631 tempore“
2218 1566 2438 1615 rationis
2481 1565 2683 1629 placita
2728 1566 3014 1625 reducere,

513 1650 631 1697 ausi
657 1655 808 1711 suntq.
842 1652 895 1699 J.
923 1651 984 1700 G.
1010 1652 1396 1714 Rosenmiiller,
1433 1652 1499 1701 de
1536 1653 1820 1701 traditione
1846 1652 2256 1715 hermeneutica,
2284 1653 2432 1717 Lips.
2463 1654 2613 1701 1786.
2657 1652 2715 1701 C.
2743 1654 2808 1701 D.
2833 1652 3013 1712 Beck,

513 1734 577 1783 de
623 1738 838 1801 interpr.
884 1739 1061 1788 Veter.
1110 1739 1301 1803 Script.
1349 1740 1498 1804 Lips.
1551 1740 1700 1789 1791.
1763 1740 1836 1788 M.
1874 1740 2098 1802 Weber,
2149 1740 2215 1789 de
2263 1740 2418 1789 discr.
2467 1739 2568 1803 leg.
2608 1743 2662 1787 et
2699 1740 2838 1788 bene
2875 1738 3014 1787 fact.

510 1822 567 1869 in
612 1822 645 1870 l.
682 1823 747 1872 N.
785 1825 846 1873 Τ.
894 1841 1105 1890 propos,
1155 1826 1291 1891 negl.
1338 1828 1442 1875 Vit.
1494 1828 1644 1875 1792.
1708 1826 1767 1875 O.
1806 1828 1868 1875 L.
1906 1827 2150 1888 Nitzsch,
2199 1827 2264 1875 de
2311 1827 2418 1876 iud.
2464 1842 2590 1875 mor.
2633 1830 2903 1891 praecept.
2944 1826 3011 1873 in

509 1908 575 1957 N.
612 1910 673 1957 Τ.
710 1911 815 1959 Vit.
857 1914 1007 1961 1793.
1067 1914 1137 1962 Η.
1175 1913 1404 1975 Planck,
1452 1914 1517 1963 de
1563 1915 1732 1978 princ.
1783 1918 1837 1962 et
1883 1928 2030 1963 caus,
2079 1915 2294 1978 interpr.
2342 1913 2550 1962 Philon.
2596 1912 2812 1977 allegor.
2853 1911 3010 1961 Gott.

514 1997 664 2045 1806.
713 1997 995 2063 Anonymi,
1036 2001 1103 2049 de
1140 2002 1355 2065 interpr.
1394 2001 1427 2049 l.
1452 2001 1517 2050 N.
1544 2002 1605 2049 Τ.
1644 2001 1826 2051 histor.
1865 2018 1916 2050 n.
1942 2018 2032 2049 un.
2058 2016 2202 2050 vera.
2231 2000 2375 2050 Gott.
2403 2002 2552 2049 1807.
2594 2000 2658 2048 A.
2681 2000 2734 2049 J.
2763 2000 3012 2063 Onymus

518 2078 587 2145 [d.
626 2099 675 2147 q.
713 2101 762 2133 v.
800 2087 901 2134 viri
947 2087 1144 2151 praecl.
1181 2086 1395 2136 Ruland
1430 2086 1640 2149 librum,
1693 2088 1805 2136 Ser.
1842 2088 1987 2136 Prof.
2025 2088 2211 2137 Theol.
2257 2088 2422 2136 Wirc.
2471 2105 2522 2152 p.
2573 2086 2738 2153 180.],
2786 2086 2854 2135 de
2899 2101 3012 2135 usu

508 2168 724 2235 interpr.
763 2172 982 2237 allegor.
1022 2176 1076 2222 in
1112 2174 1176 2221 N.
1204 2174 1265 2221 F.
1302 2174 1515 2224 tabulis.
1552 2174 1738 2223 Bamb.
1780 2176 1929 2224 1809.
1978 2174 2068 2222 Fr.
2093 2174 2156 2223 B.
2181 2175 2422 2235 Koester,
2462 2173 2528 2223 de
2565 2174 2715 2237 relig.
2754 2187 2818 2221 ac
2850 2188 3008 2237 poes.

510 2255 701 2306 confin.
746 2258 923 2307 Kiliae
974 2260 1123 2309 1825.
1183 2262 1269 2309 W.
1309 2260 1371 2309 A.
1408 2259 1646 2325 Hengel,
1697 2276 1770 2309 or.
1818 2260 1884 2309 de
1932 2276 2147 2325 gramm.
2196 2261 2258 2308 L.
2307 2242 2358 2309 S.
2399 2261 2617 2323 interpr.
2665 2259 2840 2323 Lugd.
2878 2260 3009 2308 Bat.

512 2344 661 2393 1827.
724 2345 783 2394 C.
820 2346 908 2394 Fr.
946 2347 1238 2409 Fritzsche,
1283 2348 1349 2396 de
1390 2347 1756 2397 Revelationis
1795 2352 1905 2397 not.
1943 2347 2073 2397 bibl.
2117 2348 2266 2413 Lips.
2319 2350 2468 2397 1828.
2518 2347 2603 2395 Εἰ.
2642 2347 2706 2395 de
2743 2347 3012 2395 Rationa-

506 2429 659 2480 lismo
698 2448 883 2482 comm.
924 2433 967 2482 I.
1004 2434 1073 2482 ΙΙ.
1110 2434 1237 2484 Hal.
1278 2436 1428 2484 1838.
1482 2434 1802 2495 Uhlemann,
1852 2435 1917 2484 de
1953 2436 2106 2483 varia
2143 2433 2297 2482 Cant.
2337 2434 2395 2483 C.
2435 2434 2648 2498 interpr.
2685 2437 2781 2481 rat.
2819 2432 3010 2481 Berol.

510 2519 659 2567 1839.
698 2518 762 2569 G.
787 2520 934 2582 Mon,
963 2537 1037 2571 or.
1065 2522 1130 2571 de
1156 2524 1221 2571 iis
1248 2540 1297 2587 q.
1324 2539 1376 2570 n.
1403 2528 1506 2571 aet.
1541 2522 1577 2570 f.
1603 2523 1669 2571 E.
1695 2521 1887 2571 Antist.
1913 2523 2038 2570 min.
2071 2520 2212 2585 negl.
2241 2536 2282 2569 s.
2320 2520 2539 2569 Amstel.
2580 2521 2758 2583 1847.;
2796 2519 3011 2583 aliique

508 2619 733 2669 quorum
784 2624 988 2658 errores
1037 2609 1156 2676 plus
1206 2610 1371 2660 semel
1419 2613 1602 2659 taxare
1652 2609 1828 2658 coacti
1863 2623 2062 2658 sumus.

590 2957 986 3032 LEGES
1058 2957 1819 3032 SERVANDAE
1891 2955 2016 3028 IN
2088 2955 2919 3030 EXPLIOANDA

1322 3088 1395 3164 S.
1452 3087 2170 3162 SCRIPTURA.

504 3374 564 3452 ξ.
632 3373 777 3437 117.
852 3370 1145 3434 Norma
1211 3376 1428 3432 recte
1499 3365 1936 3452 quaerendi
2004 3388 2312 3429 sensum
2382 3364 2444 3429 S.
2511 3363 3001 3450 Scripturae.

709 3578 969 3661 Leges
1015 3574 1478 3660 explicandi
1516 3573 1581 3637 S.
1617 3572 2020 3658 Scripturam
2052 3582 2203 3636 sunt
2246 3573 2508 3659 proprie
2551 3581 3002 3657 praecepta

504 3691 994 3754 definientia
1039 3687 1339 3752 modum:
1389 3711 1665 3752 sensus
1713 3688 1980 3751 varios
2026 3686 2380 3750 verborum
2423 3687 2491 3748 in
2537 3684 2780 3748 Divino
2819 3683 2998 3748 Scri-

499 3813 687 3889 ptore
733 3812 907 3866 recte
954 3801 1435 3887 reperiendi.
1481 3801 1832 3864 Ducuntur
1878 3823 1994 3864 eae
2042 3801 2290 3884 primo
2342 3799 2605 3884 quidem
2638 3821 2673 3861 e
2706 3798 2998 3861 decretis

501 3916 582 3979 de
615 3925 846 3979 natura
878 3937 1123 3978 sensus».
1170 3913 1483 3976 Attamen
1514 3915 1859 3977 universae
1891 3911 2040 3975 illae
2081 3911 2573 3976 observationes
2614 3910 2706 3974 de
2747 3933 2999 3973 sensu

501 4031 821 4112 eiusque
864 4027 1215 4091 diversis
1254 4024 1682 4110 generibus
1724 4024 1810 4088 ad
1839 4025 1964 4089 hoc
1996 4047 2126 4088 non
2163 4024 2524 4106 sufficiunt3
2573 4024 2726 4116 quia
2757 4045 2998 4086 sensus

497 4140 847 4204 verborum
881 4139 1126 4225 pendet
1172 4137 1253 4203 ab
1296 4162 1437 4202 usu
1480 4137 1884 4221 loquendi3
1933 4138 2070 4200 sive
2105 4136 2584 4217 coniunctione,
2619 4157 2786 4220 quae
2819 4135 2998 4198 inter

495 4253 700 4316 verba
762 4262 827 4316 et
879 4252 1062 4315 ideas
1120 4251 1497 4315 intercedit:
1571 4272 1742 4335 quae
1805 4273 2025 4314 rursus
2091 4259 2233 4314 orta
2290 4257 2387 4312 est
2448 4247 2530 4312 ab
2577 4248 2992 4310 institutione

499 4365 805 4448 humana,
856 4367 1352 4448 contineturque
1402 4363 1896 4428 consuetudine.
1943 4361 2168 4426 Verba
2215 4363 2386 4425 enim
2430 4362 2497 4423 in
2544 4381 2614 4422 se
2659 4382 2796 4423 non
2841 4369 2998 4422 sunt

493 4477 814 4542 naturalia
840 4487 952 4541 aut
973 4477 1344 4541 necessaria
1375 4499 1591 4539 rerum
1626 4477 1838 4560 signa3
1871 4473 2048 4539 unde
2081 4473 2270 4538 facile
2296 4472 2690 4556 intelligitur,
2723 4471 2994 4556 regulas

496 4591 577 4656 de
611 4613 806 4654 sensu
832 4589 1207 4674 quaerendo
1241 4590 1525 4652 maxime
1560 4589 1802 4652 debere
1839 4587 2108 4651 definire
2139 4583 2425 4666 modum,
2461 4608 2588 4669 quo
2620 4584 2996 4670 reperiatur
