<?xml version="1.0" encoding="UTF-8"?>
<!DOCTYPE html PUBLIC "-//W3C//DTD XHTML 1.0 Transitional//EN"
    "http://www.w3.org/TR/xhtml1/DTD/xhtml1-transitional.dtd">
<html xmlns="http://www.w3.org/1999/xhtml" xml:lang="en" lang="en">
 <head>
  <title>
</title>
<meta http-equiv="Content-Type" content="text/html;charset=utf-8" />
  <meta name='ocr-system' content='tesseract 3.04.00' />
  <meta name='ocr-capabilities' content='ocr_page ocr_carea ocr_par ocr_line ocrx_word'/>
</head>
<body>
  <div class='ocr_page' id='page_1' title='image "./historiarevelat02dankgoog_0221.png"; bbox 0 0 3309 5300; ppageno 0'>
   <div class='ocr_carea' id='block_1_1' title="bbox 1242 359 2830 423">
    <p class='ocr_par' dir='ltr' id='par_1_1' title="bbox 1242 359 2830 423">
     <span class='ocr_line' id='line_1_1' title="bbox 1242 359 2830 423; baseline 0.011 -18"><span class='ocrx_word' id='word_1_1' title='bbox 1242 363 1305 405; x_wconf 89' lang='lat' dir='ltr'><strong>De</strong></span> <span class='ocrx_word' id='word_1_2' title='bbox 1333 364 1613 407; x_wconf 75' lang='lat' dir='ltr'>versionibus</span> <span class='ocrx_word' id='word_1_3' title='bbox 1639 366 1933 417; x_wconf 76' lang='lat' dir='ltr'><strong>Aegyptiacis.</strong></span> <span class='ocrx_word' id='word_1_4' title='bbox 2707 359 2830 423; x_wconf 81' lang='grc'><strong>199</strong></span> 
     </span>
    </p>
   </div>
   <div class='ocr_carea' id='block_1_2' title="bbox 336 538 2827 1046">
    <p class='ocr_par' dir='ltr' id='par_1_2' title="bbox 336 538 2827 1046">
     <span class='ocr_line' id='line_1_2' title="bbox 338 538 2826 610; baseline 0.004 -24"><span class='ocrx_word' id='word_1_5' title='bbox 338 538 749 602; x_wconf 78' lang='lat' dir='ltr'><strong>occupationem</strong></span> <span class='ocrx_word' id='word_1_6' title='bbox 797 538 991 588; x_wconf 85' lang='lat' dir='ltr'><strong>fuisse:</strong></span> <span class='ocrx_word' id='word_1_7' title='bbox 1044 538 1097 589; x_wconf 92' lang='lat' dir='ltr'><strong>S.</strong></span> <span class='ocrx_word' id='word_1_8' title='bbox 1133 539 1358 590; x_wconf 91' lang='lat' dir='ltr'><strong>Biblia</strong></span> <span class='ocrx_word' id='word_1_9' title='bbox 1402 541 1472 589; x_wconf 91' lang='lat' dir='ltr'><strong>in</strong></span> <span class='ocrx_word' id='word_1_10' title='bbox 1519 539 1814 606; x_wconf 86' lang='lat' dir='ltr'><strong>linguam</strong></span> <span class='ocrx_word' id='word_1_11' title='bbox 1860 543 2032 607; x_wconf 87' lang='lat' dir='ltr'><strong>ipsis</strong></span> <span class='ocrx_word' id='word_1_12' title='bbox 2068 544 2400 608; x_wconf 82' lang='lat' dir='ltr'><strong>propriam</strong></span> <span class='ocrx_word' id='word_1_13' title='bbox 2434 546 2826 610; x_wconf 85' lang='lat' dir='ltr'><strong>transferre,</strong></span> 
     </span>
     <span class='ocr_line' id='line_1_3' title="bbox 338 626 2826 694; baseline 0.004 -21"><span class='ocrx_word' id='word_1_14' title='bbox 338 639 479 689; x_wconf 84' lang='lat' dir='ltr'><strong>quae</strong></span> <span class='ocrx_word' id='word_1_15' title='bbox 527 630 817 690; x_wconf 86' lang='lat' dir='ltr'><strong>prototypa</strong></span> <span class='ocrx_word' id='word_1_16' title='bbox 864 626 988 676; x_wconf 90' lang='lat' dir='ltr'><strong>dein</strong></span> <span class='ocrx_word' id='word_1_17' title='bbox 1025 627 1437 677; x_wconf 88' lang='lat' dir='ltr'><strong>succedentibus</strong></span> <span class='ocrx_word' id='word_1_18' title='bbox 1473 627 1705 678; x_wconf 87' lang='lat' dir='ltr'><strong>saeculis</strong></span> <span class='ocrx_word' id='word_1_19' title='bbox 1753 628 1846 678; x_wconf 88' lang='lat' dir='ltr'><strong>alii</strong></span> <span class='ocrx_word' id='word_1_20' title='bbox 1882 634 1936 678; x_wconf 91' lang='lat' dir='ltr'><strong>et</strong></span> <span class='ocrx_word' id='word_1_21' title='bbox 1972 629 2064 679; x_wconf 89' lang='lat' dir='ltr'><strong>alii</strong></span> <span class='ocrx_word' id='word_1_22' title='bbox 2110 630 2400 680; x_wconf 82' lang='lat' dir='ltr'><strong>identidem</strong></span> <span class='ocrx_word' id='word_1_23' title='bbox 2450 632 2826 694; x_wconf 88' lang='lat' dir='ltr'><strong>describentes,</strong></span> 
     </span>
     <span class='ocr_line' id='line_1_4' title="bbox 336 710 2825 783; baseline 0.003 -22"><span class='ocrx_word' id='word_1_24' title='bbox 336 726 618 761; x_wconf 87' lang='lat' dir='ltr'><strong>numerum</strong></span> <span class='ocrx_word' id='word_1_25' title='bbox 654 710 708 761; x_wconf 87' lang='lat' dir='ltr'><strong>S.</strong></span> <span class='ocrx_word' id='word_1_26' title='bbox 741 712 997 762; x_wconf 78' lang='lat' dir='ltr'><strong>Codicum</strong></span> <span class='ocrx_word' id='word_1_27' title='bbox 1033 713 1191 763; x_wconf 89' lang='lat' dir='ltr'><strong>valde</strong></span> <span class='ocrx_word' id='word_1_28' title='bbox 1228 719 1504 763; x_wconf 83' lang='lat' dir='ltr'><strong>auxerunt.</strong></span> <span class='ocrx_word' id='word_1_29' title='bbox 1551 715 1743 779; x_wconf 90' lang='lat' dir='ltr'><strong>ltaque</strong></span> <span class='ocrx_word' id='word_1_30' title='bbox 1767 715 2016 765; x_wconf 88' lang='lat' dir='ltr'><strong>monachi</strong></span> <span class='ocrx_word' id='word_1_31' title='bbox 2053 714 2106 766; x_wconf 91' lang='lat' dir='ltr'><strong>S.</strong></span> <span class='ocrx_word' id='word_1_32' title='bbox 2134 715 2434 783; x_wconf 79' lang='lat' dir='ltr'><strong>Scripturas</strong></span> <span class='ocrx_word' id='word_1_33' title='bbox 2474 724 2527 768; x_wconf 88' lang='lat' dir='ltr'><strong>et</strong></span> <span class='ocrx_word' id='word_1_34' title='bbox 2563 720 2825 769; x_wconf 87' lang='lat' dir='ltr'><strong>describe—</strong></span> 
     </span>
     <span class='ocr_line' id='line_1_5' title="bbox 336 798 2827 869; baseline 0.004 -23"><span class='ocrx_word' id='word_1_35' title='bbox 336 798 485 860; x_wconf 86' lang='lat' dir='ltr'><strong>bant,</strong></span> <span class='ocrx_word' id='word_1_36' title='bbox 513 803 567 847; x_wconf 89' lang='lat' dir='ltr'><strong>et</strong></span> <span class='ocrx_word' id='word_1_37' title='bbox 590 798 713 849; x_wconf 86' lang='lat' dir='ltr'><strong>illas</strong></span> <span class='ocrx_word' id='word_1_38' title='bbox 744 801 1047 850; x_wconf 79' lang='lat' dir='ltr'><strong>memoriter</strong></span> <span class='ocrx_word' id='word_1_39' title='bbox 1076 800 1359 851; x_wconf 86' lang='lat' dir='ltr'><strong>callebant.</strong></span> <span class='ocrx_word' id='word_1_40' title='bbox 1407 801 1732 851; x_wconf 88' lang='lat' dir='ltr'><strong>Retinebant</strong></span> <span class='ocrx_word' id='word_1_41' title='bbox 1757 802 1914 867; x_wconf 90' lang='lat' dir='ltr'><strong>Copti</strong></span> <span class='ocrx_word' id='word_1_42' title='bbox 1937 802 2070 852; x_wconf 87' lang='lat' dir='ltr'><strong>haec</strong></span> <span class='ocrx_word' id='word_1_43' title='bbox 2095 803 2274 853; x_wconf 89' lang='lat' dir='ltr'><strong>Biblia</strong></span> <span class='ocrx_word' id='word_1_44' title='bbox 2299 810 2353 854; x_wconf 91' lang='lat' dir='ltr'><strong>et</strong></span> <span class='ocrx_word' id='word_1_45' title='bbox 2381 805 2558 855; x_wconf 88' lang='lat' dir='ltr'><strong>adhuc</strong></span> <span class='ocrx_word' id='word_1_46' title='bbox 2581 808 2827 869; x_wconf 83' lang='lat' dir='ltr'><strong>retinent,</strong></span> 
     </span>
     <span class='ocr_line' id='line_1_6' title="bbox 338 884 2825 953; baseline 0.003 -18"><span class='ocrx_word' id='word_1_47' title='bbox 338 884 431 935; x_wconf 88' lang='lat' dir='ltr'><strong>sed</strong></span> <span class='ocrx_word' id='word_1_48' title='bbox 456 886 588 950; x_wconf 79' lang='lat' dir='ltr'><strong>quia</strong></span> <span class='ocrx_word' id='word_1_49' title='bbox 624 888 907 951; x_wconf 78' lang='lat' dir='ltr'><strong>perpaucis</strong></span> <span class='ocrx_word' id='word_1_50' title='bbox 939 889 1155 952; x_wconf 85' lang='lat' dir='ltr'><strong>cognita</strong></span> <span class='ocrx_word' id='word_1_51' title='bbox 1182 891 1297 936; x_wconf 88' lang='lat' dir='ltr'><strong>erat</strong></span> <span class='ocrx_word' id='word_1_52' title='bbox 1330 886 1515 953; x_wconf 88' lang='lat' dir='ltr'><strong>lingua</strong></span> <span class='ocrx_word' id='word_1_53' title='bbox 1553 887 1791 953; x_wconf 81' lang='lat' dir='ltr'><strong>Coptica,</strong></span> <span class='ocrx_word' id='word_1_54' title='bbox 1829 904 1996 939; x_wconf 89' lang='lat' dir='ltr'><strong>novas</strong></span> <span class='ocrx_word' id='word_1_55' title='bbox 2032 891 2304 939; x_wconf 84' lang='lat' dir='ltr'><strong>versiones</strong></span> <span class='ocrx_word' id='word_1_56' title='bbox 2330 890 2587 942; x_wconf 82' lang='lat' dir='ltr'><strong>Arabicas</strong></span> <span class='ocrx_word' id='word_1_57' title='bbox 2614 896 2825 943; x_wconf 89' lang='lat' dir='ltr'><strong>concin-</strong></span> 
     </span>
     <span class='ocr_line' id='line_1_7' title="bbox 336 972 2826 1046; baseline 0.004 -26"><span class='ocrx_word' id='word_1_58' title='bbox 336 972 568 1035; x_wconf 79' lang='lat' dir='ltr'><strong>nabant3</strong></span> <span class='ocrx_word' id='word_1_59' title='bbox 610 987 751 1037; x_wconf 87' lang='lat' dir='ltr'><strong>quae</strong></span> <span class='ocrx_word' id='word_1_60' title='bbox 790 989 820 1022; x_wconf 90' lang='lat' dir='ltr'><strong>e</strong></span> <span class='ocrx_word' id='word_1_61' title='bbox 854 975 1076 1039; x_wconf 86' lang='lat' dir='ltr'><strong>regione</strong></span> <span class='ocrx_word' id='word_1_62' title='bbox 1115 974 1457 1039; x_wconf 87' lang='lat' dir='ltr'><strong>Copticarum</strong></span> <span class='ocrx_word' id='word_1_63' title='bbox 1491 975 1653 1040; x_wconf 79' lang='lat' dir='ltr'><strong>vulgo</strong></span> <span class='ocrx_word' id='word_1_64' title='bbox 1692 974 2038 1038; x_wconf 85' lang='lat' dir='ltr'><strong>collocantur,</strong></span> <span class='ocrx_word' id='word_1_65' title='bbox 2075 982 2135 1025; x_wconf 91' lang='lat' dir='ltr'><strong>ut</strong></span> <span class='ocrx_word' id='word_1_66' title='bbox 2171 975 2222 1026; x_wconf 91' lang='lat' dir='ltr'><strong>S.</strong></span> <span class='ocrx_word' id='word_1_67' title='bbox 2255 975 2306 1026; x_wconf 89' lang='lat' dir='ltr'><strong>S.</strong></span> <span class='ocrx_word' id='word_1_68' title='bbox 2343 980 2549 1043; x_wconf 83' lang='lat' dir='ltr'><strong>possint</strong></span> <span class='ocrx_word' id='word_1_69' title='bbox 2582 980 2826 1046; x_wconf 82' lang='lat' dir='ltr'><strong>intelligi.</strong></span> 
     </span>
    </p>
   </div>
   <div class='ocr_carea' id='block_1_3' title="bbox 234 1058 2824 1133">
    <p class='ocr_par' dir='ltr' id='par_1_3' title="bbox 234 1058 2824 1133">
     <span class='ocr_line' id='line_1_8' title="bbox 234 1058 2824 1133; baseline 0.004 -27"><span class='ocrx_word' id='word_1_70' title='bbox 234 1086 241 1091; x_wconf 96' lang='lat'><em>-</em></span> <span class='ocrx_word' id='word_1_71' title='bbox 334 1058 447 1107; x_wconf 85' lang='lat' dir='ltr'><strong>Eas</strong></span> <span class='ocrx_word' id='word_1_72' title='bbox 484 1060 957 1124; x_wconf 80' lang='lat' dir='ltr'><strong>interpretationes</strong></span> <span class='ocrx_word' id='word_1_73' title='bbox 994 1060 1268 1123; x_wconf 88' lang='lat' dir='ltr'><strong>Arabicas,</strong></span> <span class='ocrx_word' id='word_1_74' title='bbox 1314 1063 1402 1126; x_wconf 90' lang='lat' dir='ltr'><strong>qui</strong></span> <span class='ocrx_word' id='word_1_75' title='bbox 1441 1077 1561 1110; x_wconf 90' lang='lat' dir='ltr'><strong>cum</strong></span> <span class='ocrx_word' id='word_1_76' title='bbox 1596 1061 1696 1110; x_wconf 83' lang='grc' dir='ltr'><strong>τῶν</strong></span> <span class='ocrx_word' id='word_1_77' title='bbox 1733 1062 1898 1111; x_wconf 90' lang='lat' dir='ltr'><strong>LXX.</strong></span> <span class='ocrx_word' id='word_1_78' title='bbox 1938 1062 2236 1126; x_wconf 88' lang='lat' dir='ltr'><strong>contulerit,</strong></span> <span class='ocrx_word' id='word_1_79' title='bbox 2273 1065 2555 1116; x_wconf 87' lang='lat' dir='ltr'><strong>manifesto</strong></span> <span class='ocrx_word' id='word_1_80' title='bbox 2594 1082 2659 1116; x_wconf 87' lang='lat' dir='ltr'><strong>ex</strong></span> <span class='ocrx_word' id='word_1_81' title='bbox 2696 1069 2824 1133; x_wconf 89' lang='lat' dir='ltr'><strong>ipsis</strong></span> 
     </span>
    </p>
   </div>
   <div class='ocr_carea' id='block_1_4' title="bbox 320 1143 2826 4604">
    <p class='ocr_par' dir='ltr' id='par_1_4' title="bbox 331 1143 2826 1297">
     <span class='ocr_line' id='line_1_9' title="bbox 331 1143 2826 1219; baseline 0.004 -26"><span class='ocrx_word' id='word_1_82' title='bbox 331 1143 507 1195; x_wconf 80' lang='lat' dir='ltr'><strong>factas</strong></span> <span class='ocrx_word' id='word_1_83' title='bbox 556 1145 935 1211; x_wconf 87' lang='lat' dir='ltr'><strong>deprehendet.</strong></span> <span class='ocrx_word' id='word_1_84' title='bbox 996 1148 1095 1197; x_wconf 88' lang='lat' dir='ltr'><strong>His</strong></span> <span class='ocrx_word' id='word_1_85' title='bbox 1143 1149 1303 1212; x_wconf 86' lang='lat' dir='ltr'><strong>igitur</strong></span> <span class='ocrx_word' id='word_1_86' title='bbox 1349 1149 1427 1197; x_wconf 90' lang='lat' dir='ltr'><strong>ita</strong></span> <span class='ocrx_word' id='word_1_87' title='bbox 1472 1147 1786 1199; x_wconf 81' lang='lat' dir='ltr'><strong>declaratis:</strong></span> <span class='ocrx_word' id='word_1_88' title='bbox 1838 1153 2046 1199; x_wconf 89' lang='lat' dir='ltr'><strong>constat</strong></span> <span class='ocrx_word' id='word_1_89' title='bbox 2095 1150 2395 1200; x_wconf 87' lang='lat' dir='ltr'><strong>versionem</strong></span> <span class='ocrx_word' id='word_1_90' title='bbox 2441 1152 2826 1219; x_wconf 84' lang='lat' dir='ltr'><strong>Aegyptiacam</strong></span> 
     </span>
     <span class='ocr_line' id='line_1_10' title="bbox 332 1233 937 1297; baseline 0.003 -16"><span class='ocrx_word' id='word_1_91' title='bbox 332 1233 765 1297; x_wconf 81' lang='lat' dir='ltr'><strong>antiquissimam</strong></span> <span class='ocrx_word' id='word_1_92' title='bbox 802 1250 937 1284; x_wconf 88' lang='lat' dir='ltr'><strong>esse.</strong></span> 
     </span>
    </p>

    <p class='ocr_par' dir='ltr' id='par_1_5' title="bbox 320 1318 2825 4604">
     <span class='ocr_line' id='line_1_11' title="bbox 546 1318 2821 1389; baseline 0.004 -20"><span class='ocrx_word' id='word_1_93' title='bbox 546 1318 655 1369; x_wconf 89' lang='lat' dir='ltr'><strong>Sed</strong></span> <span class='ocrx_word' id='word_1_94' title='bbox 680 1324 847 1371; x_wconf 89' lang='lat' dir='ltr'><strong>restat</strong></span> <span class='ocrx_word' id='word_1_95' title='bbox 869 1325 1063 1371; x_wconf 83' lang='lat' dir='ltr'><strong>vexata</strong></span> <span class='ocrx_word' id='word_1_96' title='bbox 1087 1322 1325 1387; x_wconf 84' lang='lat' dir='ltr'><strong>quaestio</strong></span> <span class='ocrx_word' id='word_1_97' title='bbox 1346 1320 1621 1383; x_wconf 84' lang='lat' dir='ltr'><strong>solvenda,</strong></span> <span class='ocrx_word' id='word_1_98' title='bbox 1648 1336 1720 1370; x_wconf 91' lang='lat' dir='ltr'><strong>an</strong></span> <span class='ocrx_word' id='word_1_99' title='bbox 1739 1323 1916 1387; x_wconf 87' lang='lat' dir='ltr'><strong>prisca</strong></span> <span class='ocrx_word' id='word_1_100' title='bbox 1934 1321 2030 1371; x_wconf 92' lang='lat' dir='ltr'><strong>illa</strong></span> <span class='ocrx_word' id='word_1_101' title='bbox 2047 1324 2221 1373; x_wconf 82' lang='lat' dir='ltr'><strong>versio</strong></span> <span class='ocrx_word' id='word_1_102' title='bbox 2243 1324 2308 1373; x_wconf 91' lang='lat' dir='ltr'><strong>de</strong></span> <span class='ocrx_word' id='word_1_103' title='bbox 2329 1339 2436 1389; x_wconf 91' lang='lat' dir='ltr'><strong>qua</strong></span> <span class='ocrx_word' id='word_1_104' title='bbox 2455 1325 2508 1376; x_wconf 91' lang='lat' dir='ltr'><strong>S.</strong></span> <span class='ocrx_word' id='word_1_105' title='bbox 2528 1326 2588 1375; x_wconf 90' lang='lat' dir='ltr'><strong>P.</strong></span> <span class='ocrx_word' id='word_1_106' title='bbox 2610 1332 2662 1376; x_wconf 90' lang='lat' dir='ltr'><strong>et</strong></span> <span class='ocrx_word' id='word_1_107' title='bbox 2681 1325 2732 1376; x_wconf 90' lang='lat' dir='ltr'><strong>S.</strong></span> <span class='ocrx_word' id='word_1_108' title='bbox 2753 1328 2821 1377; x_wconf 82' lang='lat' dir='ltr'><strong>E.</strong></span> 
     </span>
     <span class='ocr_line' id='line_1_12' title="bbox 330 1405 2825 1474; baseline 0.003 -20"><span class='ocrx_word' id='word_1_109' title='bbox 330 1405 629 1471; x_wconf 86' lang='lat' dir='ltr'><strong>loquuntur</strong></span> <span class='ocrx_word' id='word_1_110' title='bbox 652 1409 897 1472; x_wconf 85' lang='lat' dir='ltr'><strong>supersit,</strong></span> <span class='ocrx_word' id='word_1_111' title='bbox 932 1414 985 1457; x_wconf 89' lang='lat' dir='ltr'><strong>et</strong></span> <span class='ocrx_word' id='word_1_112' title='bbox 1006 1413 1181 1457; x_wconf 88' lang='lat' dir='ltr'><strong>utrum</strong></span> <span class='ocrx_word' id='word_1_113' title='bbox 1208 1407 1436 1473; x_wconf 82' lang='lat' dir='ltr'><strong>Coptica</strong></span> <span class='ocrx_word' id='word_1_114' title='bbox 1458 1423 1529 1457; x_wconf 87' lang='lat' dir='ltr'><strong>an</strong></span> <span class='ocrx_word' id='word_1_115' title='bbox 1554 1408 1806 1458; x_wconf 90' lang='lat' dir='ltr'><strong>Sahidica</strong></span> <span class='ocrx_word' id='word_1_116' title='bbox 1840 1410 2110 1474; x_wconf 84' lang='lat' dir='ltr'><strong>antiquior</strong></span> <span class='ocrx_word' id='word_1_117' title='bbox 2133 1410 2381 1460; x_wconf 90' lang='lat' dir='ltr'><strong>habenda</strong></span> <span class='ocrx_word' id='word_1_118' title='bbox 2405 1414 2540 1461; x_wconf 83' lang='lat' dir='ltr'><strong>erit?</strong></span> <span class='ocrx_word' id='word_1_119' title='bbox 2586 1412 2719 1463; x_wconf 88' lang='lat' dir='ltr'><strong>Cum</strong></span> <span class='ocrx_word' id='word_1_120' title='bbox 2755 1414 2825 1462; x_wconf 91' lang='lat' dir='ltr'><strong>ad</strong></span> 
     </span>
     <span class='ocr_line' id='line_1_13' title="bbox 330 1492 2823 1562; baseline 0.004 -22"><span class='ocrx_word' id='word_1_121' title='bbox 330 1492 433 1543; x_wconf 87' lang='lat' dir='ltr'><strong>hos</strong></span> <span class='ocrx_word' id='word_1_122' title='bbox 472 1508 645 1558; x_wconf 86' lang='lat' dir='ltr'><strong>usque</strong></span> <span class='ocrx_word' id='word_1_123' title='bbox 673 1494 785 1543; x_wconf 89' lang='lat' dir='ltr'><strong>dies</strong></span> <span class='ocrx_word' id='word_1_124' title='bbox 809 1496 972 1543; x_wconf 89' lang='lat' dir='ltr'><strong>unica</strong></span> <span class='ocrx_word' id='word_1_125' title='bbox 1006 1499 1211 1544; x_wconf 89' lang='lat' dir='ltr'><strong>tantum</strong></span> <span class='ocrx_word' id='word_1_126' title='bbox 1240 1494 1466 1559; x_wconf 88' lang='lat' dir='ltr'><strong>Coptica</strong></span> <span class='ocrx_word' id='word_1_127' title='bbox 1500 1494 1776 1545; x_wconf 87' lang='lat' dir='ltr'><strong>translatio</strong></span> <span class='ocrx_word' id='word_1_128' title='bbox 1814 1497 2046 1560; x_wconf 88' lang='lat' dir='ltr'><strong>penitius</strong></span> <span class='ocrx_word' id='word_1_129' title='bbox 2081 1497 2386 1560; x_wconf 87' lang='lat' dir='ltr'><strong>innotuerit,</strong></span> <span class='ocrx_word' id='word_1_130' title='bbox 2426 1498 2643 1549; x_wconf 89' lang='lat' dir='ltr'><strong>alterius</strong></span> <span class='ocrx_word' id='word_1_131' title='bbox 2681 1516 2823 1562; x_wconf 81' lang='lat' dir='ltr'><strong>vere,</strong></span> 
     </span>
     <span class='ocr_line' id='line_1_14' title="bbox 330 1580 2823 1652; baseline 0.003 -24"><span class='ocrx_word' id='word_1_132' title='bbox 330 1581 364 1629; x_wconf 91' lang='lat' dir='ltr'><strong>i.</strong></span> <span class='ocrx_word' id='word_1_133' title='bbox 388 1595 439 1629; x_wconf 84' lang='lat' dir='ltr'><strong>e.</strong></span> <span class='ocrx_word' id='word_1_134' title='bbox 460 1580 750 1631; x_wconf 87' lang='lat' dir='ltr'><strong>Sahidicae</strong></span> <span class='ocrx_word' id='word_1_135' title='bbox 774 1582 1072 1647; x_wconf 89' lang='lat' dir='ltr'><strong>fragmenta</strong></span> <span class='ocrx_word' id='word_1_136' title='bbox 1097 1582 1288 1647; x_wconf 84' lang='lat' dir='ltr'><strong>exigua</strong></span> <span class='ocrx_word' id='word_1_137' title='bbox 1306 1584 1361 1631; x_wconf 87' lang='lat' dir='ltr'><strong>in</strong></span> <span class='ocrx_word' id='word_1_138' title='bbox 1378 1581 1551 1631; x_wconf 90' lang='lat' dir='ltr'><strong>lucem</strong></span> <span class='ocrx_word' id='word_1_139' title='bbox 1575 1587 1847 1646; x_wconf 89' lang='lat' dir='ltr'><strong>protracta</strong></span> <span class='ocrx_word' id='word_1_140' title='bbox 1870 1583 2090 1647; x_wconf 81' lang='lat' dir='ltr'><strong>fuerint3</strong></span> <span class='ocrx_word' id='word_1_141' title='bbox 2116 1584 2172 1632; x_wconf 89' lang='lat' dir='ltr'><strong>in</strong></span> <span class='ocrx_word' id='word_1_142' title='bbox 2199 1583 2421 1633; x_wconf 87' lang='lat' dir='ltr'><strong>diversis</strong></span> <span class='ocrx_word' id='word_1_143' title='bbox 2447 1585 2550 1635; x_wconf 89' lang='lat' dir='ltr'><strong>hoc</strong></span> <span class='ocrx_word' id='word_1_144' title='bbox 2576 1586 2642 1636; x_wconf 89' lang='lat' dir='ltr'><strong>de</strong></span> <span class='ocrx_word' id='word_1_145' title='bbox 2668 1602 2823 1652; x_wconf 85' lang='lat' dir='ltr'><strong>argu-</strong></span> 
     </span>
     <span class='ocr_line' id='line_1_15' title="bbox 330 1667 2825 1738; baseline 0.003 -23"><span class='ocrx_word' id='word_1_146' title='bbox 330 1672 512 1716; x_wconf 88' lang='lat' dir='ltr'><strong>mento</strong></span> <span class='ocrx_word' id='word_1_147' title='bbox 541 1668 867 1717; x_wconf 89' lang='lat' dir='ltr'><strong>eruditorum</strong></span> <span class='ocrx_word' id='word_1_148' title='bbox 897 1670 1191 1731; x_wconf 83' lang='lat' dir='ltr'><strong>sententiis,</strong></span> <span class='ocrx_word' id='word_1_149' title='bbox 1222 1685 1290 1718; x_wconf 88' lang='lat' dir='ltr'><strong>ne</strong></span> <span class='ocrx_word' id='word_1_150' title='bbox 1318 1668 1633 1718; x_wconf 78' lang='lat' dir='ltr'><strong>conficiendi</strong></span> <span class='ocrx_word' id='word_1_151' title='bbox 1658 1667 1871 1733; x_wconf 90' lang='lat' dir='ltr'><strong>quidem</strong></span> <span class='ocrx_word' id='word_1_152' title='bbox 1898 1682 2096 1731; x_wconf 89' lang='lat' dir='ltr'><strong>verum,</strong></span> <span class='ocrx_word' id='word_1_153' title='bbox 2125 1684 2296 1733; x_wconf 84' lang='lat' dir='ltr'><strong>aequo</strong></span> <span class='ocrx_word' id='word_1_154' title='bbox 2326 1686 2501 1721; x_wconf 89' lang='lat' dir='ltr'><strong>rerum</strong></span> <span class='ocrx_word' id='word_1_155' title='bbox 2523 1673 2825 1738; x_wconf 77' lang='lat' dir='ltr'><strong>indagaturi</strong></span> 
     </span>
     <span class='ocr_line' id='line_1_16' title="bbox 330 1752 2819 1823; baseline 0.003 -22"><span class='ocrx_word' id='word_1_156' title='bbox 330 1752 565 1804; x_wconf 77' lang='lat' dir='ltr'><strong>facultas</strong></span> <span class='ocrx_word' id='word_1_157' title='bbox 601 1755 791 1805; x_wconf 87' lang='lat' dir='ltr'><strong>relicta</strong></span> <span class='ocrx_word' id='word_1_158' title='bbox 826 1754 1050 1807; x_wconf 86' lang='lat' dir='ltr'><strong>videtur.</strong></span> <span class='ocrx_word' id='word_1_159' title='bbox 1108 1755 1334 1805; x_wconf 87' lang='lat' dir='ltr'><strong>Codices</strong></span> <span class='ocrx_word' id='word_1_160' title='bbox 1381 1756 1524 1804; x_wconf 91' lang='lat' dir='ltr'><strong>mssi.</strong></span> <span class='ocrx_word' id='word_1_161' title='bbox 1561 1756 1618 1803; x_wconf 88' lang='lat' dir='ltr'><strong>in</strong></span> <span class='ocrx_word' id='word_1_162' title='bbox 1654 1754 1994 1804; x_wconf 88' lang='lat' dir='ltr'><strong>Bibliotheca</strong></span> <span class='ocrx_word' id='word_1_163' title='bbox 2030 1756 2386 1819; x_wconf 88' lang='lat' dir='ltr'><strong>Vaticana,</strong></span> <span class='ocrx_word' id='word_1_164' title='bbox 2428 1786 2490 1793; x_wconf 97' lang='lat'><strong>—</strong></span> <span class='ocrx_word' id='word_1_165' title='bbox 2530 1773 2664 1823; x_wconf 88' lang='lat' dir='ltr'><strong>quos</strong></span> <span class='ocrx_word' id='word_1_166' title='bbox 2703 1758 2819 1809; x_wconf 90' lang='lat' dir='ltr'><strong>dili-</strong></span> 
     </span>
     <span class='ocr_line' id='line_1_17' title="bbox 330 1842 2821 1909; baseline 0.003 -20"><span class='ocrx_word' id='word_1_167' title='bbox 330 1846 523 1904; x_wconf 84' lang='lat' dir='ltr'><strong>genter</strong></span> <span class='ocrx_word' id='word_1_168' title='bbox 570 1846 819 1893; x_wconf 88' lang='lat' dir='ltr'><strong>recenset</strong></span> <span class='ocrx_word' id='word_1_169' title='bbox 852 1842 1093 1905; x_wconf 87' lang='lat' dir='ltr'><strong>Kircher,</strong></span> <span class='ocrx_word' id='word_1_170' title='bbox 1129 1842 1165 1891; x_wconf 95' lang='lat' dir='ltr'><strong>l.</strong></span> <span class='ocrx_word' id='word_1_171' title='bbox 1204 1859 1249 1892; x_wconf 89' lang='lat' dir='ltr'><strong>c.</strong></span> <span class='ocrx_word' id='word_1_172' title='bbox 1287 1860 1339 1908; x_wconf 89' lang='lat' dir='ltr'><strong>p.</strong></span> <span class='ocrx_word' id='word_1_173' title='bbox 1380 1844 1494 1892; x_wconf 97' lang='grc'><strong>187.</strong></span> <span class='ocrx_word' id='word_1_174' title='bbox 1532 1857 1575 1892; x_wconf 92' lang='lat' dir='ltr'><strong>s.</strong></span> <span class='ocrx_word' id='word_1_175' title='bbox 1604 1868 1672 1878; x_wconf 91' lang='lat'><strong>—</strong></span> <span class='ocrx_word' id='word_1_176' title='bbox 1697 1842 2030 1907; x_wconf 89' lang='lat' dir='ltr'><strong>Borgiana</strong></span> <span class='ocrx_word' id='word_1_177' title='bbox 2064 1871 2130 1879; x_wconf 88' lang='lat'><em>-</em></span> <span class='ocrx_word' id='word_1_178' title='bbox 2154 1860 2205 1892; x_wconf 91' lang='lat' dir='ltr'><strong>v.</strong></span> <span class='ocrx_word' id='word_1_179' title='bbox 2244 1844 2438 1909; x_wconf 85' lang='lat' dir='ltr'><strong>Zoega‚</strong></span> <span class='ocrx_word' id='word_1_180' title='bbox 2477 1844 2647 1895; x_wconf 87' lang='lat' dir='ltr'><strong>Catal.</strong></span> <span class='ocrx_word' id='word_1_181' title='bbox 2690 1845 2821 1897; x_wconf 93' lang='lat' dir='ltr'><strong>Cod.</strong></span> 
     </span>
     <span class='ocr_line' id='line_1_18' title="bbox 332 1928 2824 1997; baseline 0.002 -20"><span class='ocrx_word' id='word_1_182' title='bbox 332 1928 543 1993; x_wconf 86' lang='lat' dir='ltr'><strong>Coptic.</strong></span> <span class='ocrx_word' id='word_1_183' title='bbox 582 1930 713 1980; x_wconf 88' lang='lat' dir='ltr'><strong>Mss.</strong></span> <span class='ocrx_word' id='word_1_184' title='bbox 750 1932 808 1980; x_wconf 88' lang='lat' dir='ltr'><strong>in</strong></span> <span class='ocrx_word' id='word_1_185' title='bbox 841 1931 1065 1980; x_wconf 86' lang='lat' dir='ltr'><strong>Musaeo</strong></span> <span class='ocrx_word' id='word_1_186' title='bbox 1103 1932 1387 1997; x_wconf 79' lang='lat' dir='ltr'><strong>Borgiauo,</strong></span> <span class='ocrx_word' id='word_1_187' title='bbox 1438 1931 1589 1979; x_wconf 88' lang='lat' dir='ltr'><strong>Rom.</strong></span> <span class='ocrx_word' id='word_1_188' title='bbox 1632 1931 1781 1979; x_wconf 87' lang='lat'><strong>1810.</strong></span> <span class='ocrx_word' id='word_1_189' title='bbox 1809 1958 1892 1991; x_wconf 90' lang='lat'><strong>—,</strong></span> <span class='ocrx_word' id='word_1_190' title='bbox 1930 1930 2299 1980; x_wconf 85' lang='lat' dir='ltr'><strong>Parisiensi</strong></span> <span class='ocrx_word' id='word_1_191' title='bbox 2334 1960 2401 1967; x_wconf 97' lang='lat'><strong>—</strong></span> <span class='ocrx_word' id='word_1_192' title='bbox 2435 1932 2534 1981; x_wconf 89' lang='lat' dir='ltr'><strong>hos</strong></span> <span class='ocrx_word' id='word_1_193' title='bbox 2571 1932 2824 1983; x_wconf 86' lang='lat' dir='ltr'><strong>describit</strong></span> 
     </span>
     <span class='ocr_line' id='line_1_19' title="bbox 330 2016 2820 2085; baseline 0.002 -21"><span class='ocrx_word' id='word_1_194' title='bbox 330 2016 639 2079; x_wconf 87' lang='lat' dir='ltr'><strong>Renaudot,</strong></span> <span class='ocrx_word' id='word_1_195' title='bbox 686 2017 812 2067; x_wconf 87' lang='lat' dir='ltr'><strong>diss.</strong></span> <span class='ocrx_word' id='word_1_196' title='bbox 849 2017 916 2066; x_wconf 90' lang='lat' dir='ltr'><strong>de</strong></span> <span class='ocrx_word' id='word_1_197' title='bbox 954 2034 1087 2067; x_wconf 88' lang='lat' dir='ltr'><strong>vers.</strong></span> <span class='ocrx_word' id='word_1_198' title='bbox 1128 2018 1312 2069; x_wconf 90' lang='lat' dir='ltr'><strong>orient.</strong></span> <span class='ocrx_word' id='word_1_199' title='bbox 1362 2034 1414 2083; x_wconf 88' lang='lat' dir='ltr'><strong>p.</strong></span> <span class='ocrx_word' id='word_1_200' title='bbox 1454 2018 1570 2066; x_wconf 80' lang='lat'><strong>568.</strong></span> <span class='ocrx_word' id='word_1_201' title='bbox 1608 2044 1694 2078; x_wconf 89' lang='lat'><strong>——,</strong></span> <span class='ocrx_word' id='word_1_202' title='bbox 1736 2016 2102 2067; x_wconf 87' lang='lat' dir='ltr'><strong>Oxoniensi</strong></span> <span class='ocrx_word' id='word_1_203' title='bbox 2151 2023 2313 2083; x_wconf 87' lang='lat' dir='ltr'><strong>atque</strong></span> <span class='ocrx_word' id='word_1_204' title='bbox 2361 2019 2820 2085; x_wconf 81' lang='lat' dir='ltr'><strong>Berolinensi3</strong></span> 
     </span>
     <span class='ocr_line' id='line_1_20' title="bbox 328 2103 2822 2170; baseline 0.002 -18"><span class='ocrx_word' id='word_1_205' title='bbox 328 2104 721 2168; x_wconf 80' lang='lat' dir='ltr'><strong>antiquissimis</strong></span> <span class='ocrx_word' id='word_1_206' title='bbox 758 2103 979 2154; x_wconf 84' lang='lat' dir='ltr'><strong>Graecis</strong></span> <span class='ocrx_word' id='word_1_207' title='bbox 1015 2104 1165 2155; x_wconf 89' lang='lat' dir='ltr'><strong>libris</strong></span> <span class='ocrx_word' id='word_1_208' title='bbox 1200 2120 1357 2168; x_wconf 88' lang='lat' dir='ltr'><strong>pares</strong></span> <span class='ocrx_word' id='word_1_209' title='bbox 1395 2110 1572 2154; x_wconf 88' lang='lat' dir='ltr'><strong>aetate</strong></span> <span class='ocrx_word' id='word_1_210' title='bbox 1611 2104 1906 2167; x_wconf 80' lang='lat' dir='ltr'><strong>habentur3</strong></span> <span class='ocrx_word' id='word_1_211' title='bbox 1955 2104 2098 2154; x_wconf 88' lang='lat' dir='ltr'><strong>unde</strong></span> <span class='ocrx_word' id='word_1_212' title='bbox 2135 2104 2387 2170; x_wconf 84' lang='lat' dir='ltr'><strong>colligere</strong></span> <span class='ocrx_word' id='word_1_213' title='bbox 2424 2105 2505 2156; x_wconf 88' lang='lat' dir='ltr'><strong>fas</strong></span> <span class='ocrx_word' id='word_1_214' title='bbox 2544 2112 2640 2168; x_wconf 90' lang='lat' dir='ltr'><strong>est,</strong></span> <span class='ocrx_word' id='word_1_215' title='bbox 2693 2123 2822 2156; x_wconf 89' lang='lat' dir='ltr'><strong>ver·</strong></span> 
     </span>
     <span class='ocr_line' id='line_1_21' title="bbox 328 2190 2822 2259; baseline 0.001 -19"><span class='ocrx_word' id='word_1_216' title='bbox 328 2192 592 2241; x_wconf 87' lang='lat' dir='ltr'><strong>sionem</strong></span> <span class='ocrx_word' id='word_1_217' title='bbox 641 2190 979 2256; x_wconf 88' lang='lat' dir='ltr'><strong>Copticam</strong></span> <span class='ocrx_word' id='word_1_218' title='bbox 1024 2194 1258 2257; x_wconf 90' lang='lat' dir='ltr'><strong>quinto</strong></span> <span class='ocrx_word' id='word_1_219' title='bbox 1304 2191 1536 2242; x_wconf 89' lang='lat' dir='ltr'><strong>saltem</strong></span> <span class='ocrx_word' id='word_1_220' title='bbox 1583 2190 1856 2240; x_wconf 88' lang='lat' dir='ltr'><strong>saeculo</strong></span> <span class='ocrx_word' id='word_1_221' title='bbox 1908 2192 2032 2241; x_wconf 88' lang='lat' dir='ltr'><strong>iam</strong></span> <span class='ocrx_word' id='word_1_222' title='bbox 2070 2191 2385 2242; x_wconf 88' lang='lat' dir='ltr'><strong>adfuisse.</strong></span> <span class='ocrx_word' id='word_1_223' title='bbox 2449 2192 2571 2242; x_wconf 90' lang='lat' dir='ltr'><strong>Hoc</strong></span> <span class='ocrx_word' id='word_1_224' title='bbox 2609 2192 2822 2259; x_wconf 87' lang='lat' dir='ltr'><strong>quidem</strong></span> 
     </span>
     <span class='ocr_line' id='line_1_22' title="bbox 329 2277 2822 2345; baseline 0.001 -18"><span class='ocrx_word' id='word_1_225' title='bbox 329 2283 537 2327; x_wconf 86' lang='lat' dir='ltr'><strong>certum</strong></span> <span class='ocrx_word' id='word_1_226' title='bbox 574 2284 671 2329; x_wconf 85' lang='lat' dir='ltr'><strong>est.</strong></span> <span class='ocrx_word' id='word_1_227' title='bbox 727 2277 832 2328; x_wconf 86' lang='lat' dir='ltr'><strong>Sed</strong></span> <span class='ocrx_word' id='word_1_228' title='bbox 870 2282 925 2327; x_wconf 91' lang='lat' dir='ltr'><strong>et</strong></span> <span class='ocrx_word' id='word_1_229' title='bbox 964 2283 1291 2345; x_wconf 87' lang='lat' dir='ltr'><strong>argumenta,</strong></span> <span class='ocrx_word' id='word_1_230' title='bbox 1330 2294 1469 2343; x_wconf 90' lang='lat' dir='ltr'><strong>quae</strong></span> <span class='ocrx_word' id='word_1_231' title='bbox 1502 2277 1840 2328; x_wconf 87' lang='lat' dir='ltr'><strong>laudavimus</strong></span> <span class='ocrx_word' id='word_1_232' title='bbox 1877 2277 2032 2327; x_wconf 87' lang='lat' dir='ltr'><strong>simul</strong></span> <span class='ocrx_word' id='word_1_233' title='bbox 2069 2284 2257 2342; x_wconf 89' lang='lat' dir='ltr'><strong>sumta,</strong></span> <span class='ocrx_word' id='word_1_234' title='bbox 2294 2279 2452 2329; x_wconf 91' lang='lat' dir='ltr'><strong>valde</strong></span> <span class='ocrx_word' id='word_1_235' title='bbox 2488 2279 2822 2344; x_wconf 87' lang='lat' dir='ltr'><strong>probabilem</strong></span> 
     </span>
     <span class='ocr_line' id='line_1_23' title="bbox 329 2365 2818 2431; baseline 0 -16"><span class='ocrx_word' id='word_1_236' title='bbox 329 2365 540 2415; x_wconf 79' lang='lat' dir='ltr'><strong>faciunt</strong></span> <span class='ocrx_word' id='word_1_237' title='bbox 594 2368 937 2415; x_wconf 88' lang='lat' dir='ltr'><strong>sententiam:</strong></span> <span class='ocrx_word' id='word_1_238' title='bbox 1001 2366 1077 2415; x_wconf 91' lang='lat' dir='ltr'><strong>de</strong></span> <span class='ocrx_word' id='word_1_239' title='bbox 1130 2367 1373 2415; x_wconf 89' lang='lat' dir='ltr'><strong>maiore</strong></span> <span class='ocrx_word' id='word_1_240' title='bbox 1429 2365 1642 2415; x_wconf 88' lang='lat' dir='ltr'><strong>adhuc</strong></span> <span class='ocrx_word' id='word_1_241' title='bbox 1691 2366 2078 2415; x_wconf 88' lang='lat' dir='ltr'><strong>Versionem</strong></span> <span class='ocrx_word' id='word_1_242' title='bbox 2139 2367 2546 2431; x_wconf 89' lang='lat' dir='ltr'><strong>copticarum</strong></span> <span class='ocrx_word' id='word_1_243' title='bbox 2601 2382 2818 2431; x_wconf 88' lang='lat' dir='ltr'><strong>super—</strong></span> 
     </span>
     <span class='ocr_line' id='line_1_24' title="bbox 330 2452 2823 2518; baseline 0.001 -17"><span class='ocrx_word' id='word_1_244' title='bbox 330 2454 561 2503; x_wconf 88' lang='lat' dir='ltr'><strong>stitum</strong></span> <span class='ocrx_word' id='word_1_245' title='bbox 598 2458 847 2517; x_wconf 80' lang='lat' dir='ltr'><strong>aetate3</strong></span> <span class='ocrx_word' id='word_1_246' title='bbox 887 2455 1014 2517; x_wconf 88' lang='lat' dir='ltr'><strong>quin</strong></span> <span class='ocrx_word' id='word_1_247' title='bbox 1038 2455 1209 2518; x_wconf 84' lang='lat' dir='ltr'><strong>ipsam</strong></span> <span class='ocrx_word' id='word_1_248' title='bbox 1240 2453 1665 2517; x_wconf 87' lang='lat' dir='ltr'><strong>antiquissimam</strong></span> <span class='ocrx_word' id='word_1_249' title='bbox 1697 2452 1862 2513; x_wconf 88' lang='lat' dir='ltr'><strong>illam,</strong></span> <span class='ocrx_word' id='word_1_250' title='bbox 1890 2452 1957 2499; x_wconf 91' lang='lat' dir='ltr'><strong>de</strong></span> <span class='ocrx_word' id='word_1_251' title='bbox 1983 2467 2090 2516; x_wconf 86' lang='lat' dir='ltr'><strong>qua</strong></span> <span class='ocrx_word' id='word_1_252' title='bbox 2113 2454 2380 2502; x_wconf 87' lang='lat' dir='ltr'><strong>veterrimi</strong></span> <span class='ocrx_word' id='word_1_253' title='bbox 2405 2459 2567 2503; x_wconf 87' lang='lat' dir='ltr'><strong>testes</strong></span> <span class='ocrx_word' id='word_1_254' title='bbox 2602 2458 2823 2503; x_wconf 88' lang='lat' dir='ltr'><strong>narrant</strong></span> 
     </span>
     <span class='ocr_line' id='line_1_25' title="bbox 328 2539 2821 2605; baseline 0 -17"><span class='ocrx_word' id='word_1_255' title='bbox 328 2539 756 2602; x_wconf 84' lang='lat' dir='ltr'><strong>translationem,</strong></span> <span class='ocrx_word' id='word_1_256' title='bbox 804 2543 863 2589; x_wconf 92' lang='lat' dir='ltr'><strong>in</strong></span> <span class='ocrx_word' id='word_1_257' title='bbox 912 2542 1184 2590; x_wconf 88' lang='lat' dir='ltr'><strong>codicibus</strong></span> <span class='ocrx_word' id='word_1_258' title='bbox 1240 2539 1524 2605; x_wconf 85' lang='lat' dir='ltr'><strong>divulgatis</strong></span> <span class='ocrx_word' id='word_1_259' title='bbox 1574 2545 1627 2589; x_wconf 88' lang='lat' dir='ltr'><strong>et</strong></span> <span class='ocrx_word' id='word_1_260' title='bbox 1675 2540 1963 2605; x_wconf 89' lang='lat' dir='ltr'><strong>aliquando</strong></span> <span class='ocrx_word' id='word_1_261' title='bbox 2019 2540 2157 2590; x_wconf 84' lang='lat' dir='ltr'><strong>forte</strong></span> <span class='ocrx_word' id='word_1_262' title='bbox 2194 2539 2531 2605; x_wconf 88' lang='lat' dir='ltr'><strong>divulgandis</strong></span> <span class='ocrx_word' id='word_1_263' title='bbox 2584 2542 2821 2605; x_wconf 87' lang='lat' dir='ltr'><strong>reperiri.</strong></span> 
     </span>
     <span class='ocr_line' id='line_1_26' title="bbox 328 2626 2819 2693; baseline -0 -15"><span class='ocrx_word' id='word_1_264' title='bbox 328 2626 525 2678; x_wconf 86' lang='lat' dir='ltr'><strong>Plures</strong></span> <span class='ocrx_word' id='word_1_265' title='bbox 586 2627 888 2678; x_wconf 88' lang='lat' dir='ltr'><strong>adhucdum</strong></span> <span class='ocrx_word' id='word_1_266' title='bbox 948 2630 1005 2678; x_wconf 89' lang='lat' dir='ltr'><strong>in</strong></span> <span class='ocrx_word' id='word_1_267' title='bbox 1060 2629 1333 2679; x_wconf 88' lang='lat' dir='ltr'><strong>coenobiis</strong></span> <span class='ocrx_word' id='word_1_268' title='bbox 1382 2627 1612 2693; x_wconf 83' lang='lat' dir='ltr'><strong>Aegypti</strong></span> <span class='ocrx_word' id='word_1_269' title='bbox 1671 2626 1863 2691; x_wconf 88' lang='lat' dir='ltr'><strong>latent,</strong></span> <span class='ocrx_word' id='word_1_270' title='bbox 1924 2628 2003 2677; x_wconf 92' lang='lat' dir='ltr'><strong>uti</strong></span> <span class='ocrx_word' id='word_1_271' title='bbox 2056 2631 2322 2677; x_wconf 86' lang='lat' dir='ltr'><strong>testantur</strong></span> <span class='ocrx_word' id='word_1_272' title='bbox 2380 2628 2819 2693; x_wconf 87' lang='lat' dir='ltr'><strong>peregrinatores.</strong></span> 
     </span>
     <span class='ocr_line' id='line_1_27' title="bbox 330 2713 2822 2780; baseline 0 -17"><span class='ocrx_word' id='word_1_273' title='bbox 330 2713 585 2764; x_wconf 86' lang='lat' dir='ltr'><strong>Ceterum</strong></span> <span class='ocrx_word' id='word_1_274' title='bbox 622 2713 881 2780; x_wconf 88' lang='lat' dir='ltr'><strong>Copticae</strong></span> <span class='ocrx_word' id='word_1_275' title='bbox 905 2717 968 2765; x_wconf 92' lang='lat' dir='ltr'><strong>V.</strong></span> <span class='ocrx_word' id='word_1_276' title='bbox 995 2717 1056 2766; x_wconf 87' lang='grc' dir='ltr'><strong>Τ.</strong></span> <span class='ocrx_word' id='word_1_277' title='bbox 1094 2718 1367 2766; x_wconf 86' lang='lat' dir='ltr'><strong>versiones</strong></span> <span class='ocrx_word' id='word_1_278' title='bbox 1405 2732 1471 2764; x_wconf 85' lang='lat' dir='ltr'><strong>ex</strong></span> <span class='ocrx_word' id='word_1_279' title='bbox 1498 2714 1708 2764; x_wconf 80' lang='lat' dir='ltr'><strong>Graeca</strong></span> <span class='ocrx_word' id='word_1_280' title='bbox 1730 2715 1896 2763; x_wconf 87' lang='lat' dir='ltr'><strong>LXX.</strong></span> <span class='ocrx_word' id='word_1_281' title='bbox 1923 2716 2278 2764; x_wconf 87' lang='lat' dir='ltr'><strong>concinnatae</strong></span> <span class='ocrx_word' id='word_1_282' title='bbox 2303 2715 2546 2778; x_wconf 81' lang='lat' dir='ltr'><strong>fuerunt3</strong></span> <span class='ocrx_word' id='word_1_283' title='bbox 2583 2730 2685 2764; x_wconf 89' lang='lat' dir='ltr'><strong>nec</strong></span> <span class='ocrx_word' id='word_1_284' title='bbox 2709 2715 2822 2764; x_wconf 88' lang='lat' dir='ltr'><strong>ulla</strong></span> 
     </span>
     <span class='ocr_line' id='line_1_28' title="bbox 326 2802 2817 2869; baseline 0 -19"><span class='ocrx_word' id='word_1_285' title='bbox 326 2816 571 2866; x_wconf 85' lang='lat' dir='ltr'><strong>unquam</strong></span> <span class='ocrx_word' id='word_1_286' title='bbox 594 2804 745 2851; x_wconf 83' lang='lat' dir='ltr'><strong>iuxta</strong></span> <span class='ocrx_word' id='word_1_287' title='bbox 767 2807 969 2852; x_wconf 85' lang='lat' dir='ltr'><strong>textum</strong></span> <span class='ocrx_word' id='word_1_288' title='bbox 994 2805 1335 2869; x_wconf 87' lang='lat' dir='ltr'><strong>originarium</strong></span> <span class='ocrx_word' id='word_1_289' title='bbox 1370 2803 1530 2864; x_wconf 88' lang='lat' dir='ltr'><strong>facta,</strong></span> <span class='ocrx_word' id='word_1_290' title='bbox 1570 2803 1639 2851; x_wconf 89' lang='lat' dir='ltr'><strong>ad</strong></span> <span class='ocrx_word' id='word_1_291' title='bbox 1663 2808 1872 2852; x_wconf 87' lang='lat' dir='ltr'><strong>nostros</strong></span> <span class='ocrx_word' id='word_1_292' title='bbox 1897 2817 2064 2867; x_wconf 92' lang='lat' dir='ltr'><strong>usque</strong></span> <span class='ocrx_word' id='word_1_293' title='bbox 2090 2803 2202 2851; x_wconf 91' lang='lat' dir='ltr'><strong>dies</strong></span> <span class='ocrx_word' id='word_1_294' title='bbox 2227 2804 2447 2852; x_wconf 90' lang='lat' dir='ltr'><strong>inventa</strong></span> <span class='ocrx_word' id='word_1_295' title='bbox 2480 2802 2596 2851; x_wconf 86' lang='lat' dir='ltr'><strong>fuit.</strong></span> <span class='ocrx_word' id='word_1_296' title='bbox 2647 2802 2817 2851; x_wconf 90' lang='lat' dir='ltr'><strong>Vetu-</strong></span> 
     </span>
     <span class='ocr_line' id='line_1_29' title="bbox 330 2889 2819 2953; baseline -0.001 -15"><span class='ocrx_word' id='word_1_297' title='bbox 330 2890 568 2939; x_wconf 84' lang='lat' dir='ltr'><strong>stissima</strong></span> <span class='ocrx_word' id='word_1_298' title='bbox 603 2905 733 2939; x_wconf 89' lang='lat' dir='ltr'><strong>sane</strong></span> <span class='ocrx_word' id='word_1_299' title='bbox 770 2895 853 2940; x_wconf 88' lang='lat' dir='ltr'><strong>est</strong></span> <span class='ocrx_word' id='word_1_300' title='bbox 886 2891 1164 2940; x_wconf 88' lang='lat' dir='ltr'><strong>Pentate</strong></span> <span class='ocrx_word' id='word_1_301' title='bbox 1178 2890 1332 2940; x_wconf 89' lang='lat' dir='ltr'><strong>uehi</strong></span> <span class='ocrx_word' id='word_1_302' title='bbox 1366 2890 1629 2940; x_wconf 86' lang='lat' dir='ltr'><strong>traductio</strong></span> <span class='ocrx_word' id='word_1_303' title='bbox 1667 2889 1767 2938; x_wconf 84' lang='grc' dir='ltr'><strong>τῶν</strong></span> <span class='ocrx_word' id='word_1_304' title='bbox 1803 2889 1985 2950; x_wconf 70' lang='lat' dir='ltr'>LXX„</span> <span class='ocrx_word' id='word_1_305' title='bbox 2023 2904 2157 2953; x_wconf 92' lang='lat' dir='ltr'><strong>quos</strong></span> <span class='ocrx_word' id='word_1_306' title='bbox 2193 2889 2454 2937; x_wconf 89' lang='lat' dir='ltr'><strong>tenaciter</strong></span> <span class='ocrx_word' id='word_1_307' title='bbox 2489 2889 2728 2952; x_wconf 90' lang='lat' dir='ltr'><strong>sequitur</strong></span> <span class='ocrx_word' id='word_1_308' title='bbox 2760 2889 2819 2936; x_wconf 91' lang='lat' dir='ltr'><strong>in</strong></span> 
     </span>
     <span class='ocr_line' id='line_1_30' title="bbox 328 2974 2814 3042; baseline 0 -18"><span class='ocrx_word' id='word_1_309' title='bbox 328 2977 579 3026; x_wconf 86' lang='lat' dir='ltr'><strong>omnibus</strong></span> <span class='ocrx_word' id='word_1_310' title='bbox 617 2983 869 3026; x_wconf 86' lang='lat' dir='ltr'><strong>accurate</strong></span> <span class='ocrx_word' id='word_1_311' title='bbox 892 2977 1251 3042; x_wconf 84' lang='lat' dir='ltr'><strong>respondens3</strong></span> <span class='ocrx_word' id='word_1_312' title='bbox 1291 2993 1451 3042; x_wconf 89' lang='lat' dir='ltr'><strong>quam</strong></span> <span class='ocrx_word' id='word_1_313' title='bbox 1476 2982 1757 3042; x_wconf 89' lang='lat' dir='ltr'><strong>postquam</strong></span> <span class='ocrx_word' id='word_1_314' title='bbox 1789 2977 1937 3024; x_wconf 84' lang='grc'><strong>1716.</strong></span> <span class='ocrx_word' id='word_1_315' title='bbox 1966 2991 1995 3023; x_wconf 94' lang='lat' dir='ltr'><strong>e</strong></span> <span class='ocrx_word' id='word_1_316' title='bbox 2020 2991 2144 3024; x_wconf 89' lang='lat' dir='ltr'><strong>mss.</strong></span> <span class='ocrx_word' id='word_1_317' title='bbox 2169 2974 2496 3036; x_wconf 89' lang='lat' dir='ltr'><strong>Bodleianis,</strong></span> <span class='ocrx_word' id='word_1_318' title='bbox 2522 2975 2814 3036; x_wconf 88' lang='lat' dir='ltr'><strong>Vaticanis,</strong></span> 
     </span>
     <span class='ocr_line' id='line_1_31' title="bbox 324 3061 2818 3128; baseline 0 -18"><span class='ocrx_word' id='word_1_319' title='bbox 324 3062 727 3114; x_wconf 87' lang='lat' dir='ltr'><strong>Parisiensibus</strong></span> <span class='ocrx_word' id='word_1_320' title='bbox 774 3065 983 3114; x_wconf 87' lang='lat' dir='ltr'><strong>Novum</strong></span> <span class='ocrx_word' id='word_1_321' title='bbox 1019 3065 1417 3114; x_wconf 87' lang='lat' dir='ltr'><strong>Testamentum</strong></span> <span class='ocrx_word' id='word_1_322' title='bbox 1453 3065 1773 3128; x_wconf 86' lang='lat' dir='ltr'><strong>Aegyptium</strong></span> <span class='ocrx_word' id='word_1_323' title='bbox 1811 3062 2006 3112; x_wconf 85' lang='lat' dir='ltr'><strong>Oxonii</strong></span> <span class='ocrx_word' id='word_1_324' title='bbox 2052 3062 2394 3126; x_wconf 88' lang='lat' dir='ltr'><strong>publicasset,</strong></span> <span class='ocrx_word' id='word_1_325' title='bbox 2443 3061 2609 3112; x_wconf 87' lang='lat' dir='ltr'><strong>latine</strong></span> <span class='ocrx_word' id='word_1_326' title='bbox 2657 3064 2818 3111; x_wconf 88' lang='lat' dir='ltr'><strong>vertit</strong></span> 
     </span>
     <span class='ocr_line' id='line_1_32' title="bbox 326 3147 2816 3213; baseline 0 -16"><span class='ocrx_word' id='word_1_327' title='bbox 326 3155 384 3198; x_wconf 85' lang='lat' dir='ltr'><strong>et</strong></span> <span class='ocrx_word' id='word_1_328' title='bbox 436 3149 602 3198; x_wconf 90' lang='lat' dir='ltr'><strong>edidit</strong></span> <span class='ocrx_word' id='word_1_329' title='bbox 646 3151 885 3200; x_wconf 89' lang='lat' dir='ltr'><strong>Davides</strong></span> <span class='ocrx_word' id='word_1_330' title='bbox 922 3150 1154 3202; x_wconf 83' lang='lat' dir='ltr'><strong>Wilkins</strong></span> <span class='ocrx_word' id='word_1_331' title='bbox 1203 3151 1437 3200; x_wconf 88' lang='lat' dir='ltr'><strong>Londini</strong></span> <span class='ocrx_word' id='word_1_332' title='bbox 1476 3152 1626 3200; x_wconf 85' lang='grc'><strong>1731.</strong></span> <span class='ocrx_word' id='word_1_333' title='bbox 1663 3150 1756 3198; x_wconf 90' lang='lat' dir='ltr'><strong>IV.</strong></span> <span class='ocrx_word' id='word_1_334' title='bbox 1810 3149 2159 3213; x_wconf 86' lang='lat' dir='ltr'><strong>Interpretem</strong></span> <span class='ocrx_word' id='word_1_335' title='bbox 2197 3147 2428 3213; x_wconf 92' lang='lat' dir='ltr'><strong>Coptum</strong></span> <span class='ocrx_word' id='word_1_336' title='bbox 2465 3149 2816 3198; x_wconf 89' lang='lat' dir='ltr'><strong>Pentateuchi</strong></span> 
     </span>
     <span class='ocr_line' id='line_1_33' title="bbox 322 3234 2815 3300; baseline 0 -15"><span class='ocrx_word' id='word_1_337' title='bbox 322 3251 513 3285; x_wconf 86' lang='lat' dir='ltr'><strong>rursus</strong></span> <span class='ocrx_word' id='word_1_338' title='bbox 562 3236 731 3286; x_wconf 90' lang='lat' dir='ltr'><strong>edidit</strong></span> <span class='ocrx_word' id='word_1_339' title='bbox 775 3237 839 3287; x_wconf 89' lang='lat' dir='ltr'><strong>A.</strong></span> <span class='ocrx_word' id='word_1_340' title='bbox 882 3237 1130 3300; x_wconf 87' lang='lat' dir='ltr'><strong>Fallet,</strong></span> <span class='ocrx_word' id='word_1_341' title='bbox 1186 3238 1235 3287; x_wconf 91' lang='lat' dir='ltr'><strong>h.</strong></span> <span class='ocrx_word' id='word_1_342' title='bbox 1286 3243 1323 3288; x_wconf 92' lang='lat' dir='ltr'><strong>t.</strong></span> <span class='ocrx_word' id='word_1_343' title='bbox 1378 3238 1461 3286; x_wconf 87' lang='lat' dir='ltr'><strong>La</strong></span> <span class='ocrx_word' id='word_1_344' title='bbox 1505 3237 1719 3286; x_wconf 88' lang='lat' dir='ltr'><strong>version</strong></span> <span class='ocrx_word' id='word_1_345' title='bbox 1757 3235 1948 3300; x_wconf 89' lang='lat' dir='ltr'><strong>cophte</strong></span> <span class='ocrx_word' id='word_1_346' title='bbox 2003 3235 2076 3284; x_wconf 90' lang='lat' dir='ltr'><strong>du</strong></span> <span class='ocrx_word' id='word_1_347' title='bbox 2127 3235 2498 3300; x_wconf 85' lang='lat' dir='ltr'><strong>Pentateuque</strong></span> <span class='ocrx_word' id='word_1_348' title='bbox 2547 3252 2600 3300; x_wconf 91' lang='lat' dir='ltr'><strong>p.</strong></span> <span class='ocrx_word' id='word_1_349' title='bbox 2649 3234 2815 3300; x_wconf 89' lang='lat' dir='ltr'><strong>d&#39;apr.</strong></span> 
     </span>
     <span class='ocr_line' id='line_1_34' title="bbox 320 3321 2818 3389; baseline -0 -17"><span class='ocrx_word' id='word_1_350' title='bbox 320 3336 596 3372; x_wconf 80' lang='lat' dir='ltr'><strong>manuscr.</strong></span> <span class='ocrx_word' id='word_1_351' title='bbox 636 3323 702 3372; x_wconf 89' lang='lat' dir='ltr'><strong>de</strong></span> <span class='ocrx_word' id='word_1_352' title='bbox 750 3323 807 3372; x_wconf 92' lang='lat' dir='ltr'><strong>la</strong></span> <span class='ocrx_word' id='word_1_353' title='bbox 852 3323 981 3374; x_wconf 90' lang='lat' dir='ltr'><strong>bibl.</strong></span> <span class='ocrx_word' id='word_1_354' title='bbox 1030 3326 1154 3389; x_wconf 93' lang='lat' dir='ltr'><strong>imp.</strong></span> <span class='ocrx_word' id='word_1_355' title='bbox 1193 3324 1259 3373; x_wconf 90' lang='lat' dir='ltr'><strong>de</strong></span> <span class='ocrx_word' id='word_1_356' title='bbox 1295 3324 1417 3372; x_wconf 88' lang='lat' dir='ltr'><strong>Par.</strong></span> <span class='ocrx_word' id='word_1_357' title='bbox 1467 3337 1603 3372; x_wconf 85' lang='lat' dir='ltr'><strong>avec</strong></span> <span class='ocrx_word' id='word_1_358' title='bbox 1637 3323 1689 3372; x_wconf 90' lang='lat' dir='ltr'><strong>d.</strong></span> <span class='ocrx_word' id='word_1_359' title='bbox 1726 3337 1837 3371; x_wconf 85' lang='lat' dir='ltr'><strong>var.</strong></span> <span class='ocrx_word' id='word_1_360' title='bbox 1877 3326 1931 3371; x_wconf 91' lang='lat' dir='ltr'><strong>et</strong></span> <span class='ocrx_word' id='word_1_361' title='bbox 1966 3321 2015 3370; x_wconf 85' lang='lat' dir='ltr'><strong>d.</strong></span> <span class='ocrx_word' id='word_1_362' title='bbox 2053 3327 2162 3370; x_wconf 87' lang='lat' dir='ltr'><strong>not.</strong></span> <span class='ocrx_word' id='word_1_363' title='bbox 2212 3322 2333 3370; x_wconf 91' lang='lat' dir='ltr'><strong>Par.</strong></span> <span class='ocrx_word' id='word_1_364' title='bbox 2375 3323 2524 3371; x_wconf 82' lang='lat'><strong>1854.</strong></span> <span class='ocrx_word' id='word_1_365' title='bbox 2579 3321 2818 3373; x_wconf 87' lang='lat' dir='ltr'><strong>Alteram</strong></span> 
     </span>
     <span class='ocr_line' id='line_1_35' title="bbox 322 3407 2815 3476; baseline 0 -19"><span class='ocrx_word' id='word_1_366' title='bbox 322 3423 546 3474; x_wconf 85' lang='lat' dir='ltr'><strong>quoque</strong></span> <span class='ocrx_word' id='word_1_367' title='bbox 600 3410 665 3458; x_wconf 88' lang='lat' dir='ltr'><strong>V.</strong></span> <span class='ocrx_word' id='word_1_368' title='bbox 715 3411 777 3460; x_wconf 88' lang='grc' dir='ltr'><strong>Τ.</strong></span> <span class='ocrx_word' id='word_1_369' title='bbox 834 3415 1035 3476; x_wconf 86' lang='lat' dir='ltr'><strong>partem</strong></span> <span class='ocrx_word' id='word_1_370' title='bbox 1098 3425 1237 3476; x_wconf 87' lang='lat' dir='ltr'><strong>quae</strong></span> <span class='ocrx_word' id='word_1_371' title='bbox 1295 3425 1454 3461; x_wconf 89' lang='lat' dir='ltr'><strong>mssa.</strong></span> <span class='ocrx_word' id='word_1_372' title='bbox 1508 3412 1565 3459; x_wconf 89' lang='lat' dir='ltr'><strong>in</strong></span> <span class='ocrx_word' id='word_1_373' title='bbox 1616 3410 1893 3474; x_wconf 86' lang='lat' dir='ltr'><strong>Europam</strong></span> <span class='ocrx_word' id='word_1_374' title='bbox 1945 3410 2117 3470; x_wconf 90' lang='lat' dir='ltr'><strong>venit,</strong></span> <span class='ocrx_word' id='word_1_375' title='bbox 2179 3409 2426 3458; x_wconf 87' lang='lat' dir='ltr'><strong>nimirum</strong></span> <span class='ocrx_word' id='word_1_376' title='bbox 2479 3407 2815 3470; x_wconf 88' lang='lat' dir='ltr'><strong>Psalterium,</strong></span> 
     </span>
     <span class='ocr_line' id='line_1_36' title="bbox 320 3494 2816 3562; baseline -0.001 -16"><span class='ocrx_word' id='word_1_377' title='bbox 320 3495 615 3546; x_wconf 87' lang='lat' dir='ltr'><strong>Danielem</strong></span> <span class='ocrx_word' id='word_1_378' title='bbox 676 3502 729 3548; x_wconf 89' lang='lat' dir='ltr'><strong>et</strong></span> <span class='ocrx_word' id='word_1_379' title='bbox 782 3497 1077 3562; x_wconf 85' lang='lat' dir='ltr'><strong>Prophetas</strong></span> <span class='ocrx_word' id='word_1_380' title='bbox 1136 3498 1371 3547; x_wconf 90' lang='lat' dir='ltr'><strong>Minores</strong></span> <span class='ocrx_word' id='word_1_381' title='bbox 1431 3497 1570 3546; x_wconf 87' lang='lat' dir='ltr'><strong>idem</strong></span> <span class='ocrx_word' id='word_1_382' title='bbox 1628 3496 1996 3545; x_wconf 85' lang='lat' dir='ltr'><strong>meritissimus</strong></span> <span class='ocrx_word' id='word_1_383' title='bbox 2052 3496 2130 3544; x_wconf 91' lang='lat' dir='ltr'><strong>vir</strong></span> <span class='ocrx_word' id='word_1_384' title='bbox 2188 3495 2256 3544; x_wconf 91' lang='lat' dir='ltr'><strong>D.</strong></span> <span class='ocrx_word' id='word_1_385' title='bbox 2306 3494 2609 3544; x_wconf 89' lang='lat' dir='ltr'><strong>Wilkins</strong></span> <span class='ocrx_word' id='word_1_386' title='bbox 2669 3495 2816 3560; x_wconf 92' lang='lat' dir='ltr'><strong>prelo</strong></span> 
     </span>
     <span class='ocr_line' id='line_1_37' title="bbox 324 3580 2816 3648; baseline 0 -17"><span class='ocrx_word' id='word_1_387' title='bbox 324 3581 640 3648; x_wconf 82' lang='lat' dir='ltr'><strong>adaptavit3</strong></span> <span class='ocrx_word' id='word_1_388' title='bbox 678 3584 775 3634; x_wconf 88' lang='lat' dir='ltr'><strong>sed</strong></span> <span class='ocrx_word' id='word_1_389' title='bbox 811 3584 1054 3634; x_wconf 84' lang='lat' dir='ltr'><strong>defectus</strong></span> <span class='ocrx_word' id='word_1_390' title='bbox 1078 3590 1321 3634; x_wconf 89' lang='lat' dir='ltr'><strong>umtuum</strong></span> <span class='ocrx_word' id='word_1_391' title='bbox 1355 3583 1542 3633; x_wconf 85' lang='lat' dir='ltr'><strong>inediti</strong></span> <span class='ocrx_word' id='word_1_392' title='bbox 1579 3582 1889 3632; x_wconf 85' lang='lat' dir='ltr'><strong>haerebant.</strong></span> <span class='ocrx_word' id='word_1_393' title='bbox 1938 3580 2256 3632; x_wconf 87' lang='lat' dir='ltr'><strong>Psalterium</strong></span> <span class='ocrx_word' id='word_1_394' title='bbox 2295 3581 2816 3647; x_wconf 81' lang='lat' dir='ltr'><strong>Coptieo-arabicum</strong></span> 
     </span>
     <span class='ocr_line' id='line_1_38' title="bbox 324 3669 2814 3736; baseline 0 -18"><span class='ocrx_word' id='word_1_395' title='bbox 324 3669 534 3720; x_wconf 88' lang='lat' dir='ltr'><strong>Romae</strong></span> <span class='ocrx_word' id='word_1_396' title='bbox 574 3671 725 3720; x_wconf 81' lang='lat'><strong>1744.</strong></span> <span class='ocrx_word' id='word_1_397' title='bbox 765 3676 818 3720; x_wconf 86' lang='lat' dir='ltr'><strong>et</strong></span> <span class='ocrx_word' id='word_1_398' title='bbox 857 3673 1006 3720; x_wconf 82' lang='lat'><strong>1749.</strong></span> <span class='ocrx_word' id='word_1_399' title='bbox 1044 3673 1183 3736; x_wconf 84' lang='lat' dir='ltr'><strong>typis</strong></span> <span class='ocrx_word' id='word_1_400' title='bbox 1222 3671 1664 3736; x_wconf 87' lang='lat' dir='ltr'><strong>Congregationis</strong></span> <span class='ocrx_word' id='word_1_401' title='bbox 1701 3669 1768 3718; x_wconf 85' lang='lat' dir='ltr'><strong>de</strong></span> <span class='ocrx_word' id='word_1_402' title='bbox 1804 3669 2158 3735; x_wconf 74' lang='lat' dir='ltr'><strong>propaganda</strong></span> <span class='ocrx_word' id='word_1_403' title='bbox 2194 3669 2325 3718; x_wconf 85' lang='lat' dir='ltr'><strong>Fide</strong></span> <span class='ocrx_word' id='word_1_404' title='bbox 2364 3683 2671 3734; x_wconf 86' lang='lat' dir='ltr'><strong>expressum</strong></span> <span class='ocrx_word' id='word_1_405' title='bbox 2719 3674 2814 3732; x_wconf 88' lang='lat' dir='ltr'><strong>est,</strong></span> 
     </span>
     <span class='ocr_line' id='line_1_39' title="bbox 326 3755 2814 3823; baseline -0.001 -17"><span class='ocrx_word' id='word_1_406' title='bbox 326 3772 454 3806; x_wconf 83' lang='lat' dir='ltr'><strong>eum</strong></span> <span class='ocrx_word' id='word_1_407' title='bbox 488 3758 545 3805; x_wconf 88' lang='lat' dir='ltr'><strong>in</strong></span> <span class='ocrx_word' id='word_1_408' title='bbox 582 3755 769 3806; x_wconf 88' lang='lat' dir='ltr'><strong>finem:</strong></span> <span class='ocrx_word' id='word_1_409' title='bbox 818 3763 878 3806; x_wconf 90' lang='lat' dir='ltr'><strong>ut</strong></span> <span class='ocrx_word' id='word_1_410' title='bbox 912 3757 980 3808; x_wconf 85' lang='lat' dir='ltr'><strong>ad</strong></span> <span class='ocrx_word' id='word_1_411' title='bbox 1017 3759 1247 3823; x_wconf 81' lang='lat' dir='ltr'><strong>Aegypti</strong></span> <span class='ocrx_word' id='word_1_412' title='bbox 1292 3757 1493 3807; x_wconf 78' lang='lat' dir='ltr'><strong>incolas</strong></span> <span class='ocrx_word' id='word_1_413' title='bbox 1538 3757 1997 3818; x_wconf 87' lang='lat' dir='ltr'><strong>transmitteretur,</strong></span> <span class='ocrx_word' id='word_1_414' title='bbox 2045 3756 2338 3821; x_wconf 89' lang='lat' dir='ltr'><strong>usibusque</strong></span> <span class='ocrx_word' id='word_1_415' title='bbox 2375 3757 2607 3805; x_wconf 87' lang='lat' dir='ltr'><strong>virorum</strong></span> <span class='ocrx_word' id='word_1_416' title='bbox 2645 3756 2814 3805; x_wconf 90' lang='lat' dir='ltr'><strong>eccle-</strong></span> 
     </span>
     <span class='ocr_line' id='line_1_40' title="bbox 326 3842 2814 3908; baseline -0.001 -16"><span class='ocrx_word' id='word_1_417' title='bbox 326 3845 665 3894; x_wconf 86' lang='lat' dir='ltr'><strong>siasticorum</strong></span> <span class='ocrx_word' id='word_1_418' title='bbox 698 3846 971 3895; x_wconf 83' lang='lat' dir='ltr'><strong>inserviat.</strong></span> <span class='ocrx_word' id='word_1_419' title='bbox 1019 3845 1169 3894; x_wconf 87' lang='lat' dir='ltr'><strong>Idem</strong></span> <span class='ocrx_word' id='word_1_420' title='bbox 1205 3845 1272 3894; x_wconf 90' lang='lat' dir='ltr'><strong>ad</strong></span> <span class='ocrx_word' id='word_1_421' title='bbox 1310 3845 1425 3894; x_wconf 88' lang='lat' dir='ltr'><strong>cod.</strong></span> <span class='ocrx_word' id='word_1_422' title='bbox 1460 3843 1548 3894; x_wconf 87' lang='lat' dir='ltr'><strong>fid.</strong></span> <span class='ocrx_word' id='word_1_423' title='bbox 1576 3859 1682 3893; x_wconf 89' lang='lat' dir='ltr'><strong>rec.</strong></span> <span class='ocrx_word' id='word_1_424' title='bbox 1722 3848 1776 3892; x_wconf 91' lang='lat' dir='ltr'><strong>et</strong></span> <span class='ocrx_word' id='word_1_425' title='bbox 1810 3843 1896 3892; x_wconf 89' lang='lat' dir='ltr'><strong>Ps.</strong></span> <span class='ocrx_word' id='word_1_426' title='bbox 1936 3858 2114 3908; x_wconf 89' lang='lat' dir='ltr'><strong>apocr.</strong></span> <span class='ocrx_word' id='word_1_427' title='bbox 2143 3842 2267 3892; x_wconf 85' lang='lat' dir='ltr'><strong>Sah.</strong></span> <span class='ocrx_word' id='word_1_428' title='bbox 2306 3842 2428 3891; x_wconf 88' lang='lat' dir='ltr'><strong>dial.</strong></span> <span class='ocrx_word' id='word_1_429' title='bbox 2468 3858 2671 3892; x_wconf 88' lang='lat' dir='ltr'><strong>conscr.</strong></span> <span class='ocrx_word' id='word_1_430' title='bbox 2710 3843 2814 3892; x_wconf 91' lang='lat' dir='ltr'><strong>adi.</strong></span> 
     </span>
     <span class='ocr_line' id='line_1_41' title="bbox 324 3929 2815 3996; baseline -0.001 -16"><span class='ocrx_word' id='word_1_431' title='bbox 324 3932 381 3980; x_wconf 87' lang='lat' dir='ltr'><strong>J.</strong></span> <span class='ocrx_word' id='word_1_432' title='bbox 416 3931 482 3980; x_wconf 90' lang='lat' dir='ltr'><strong>L.</strong></span> <span class='ocrx_word' id='word_1_433' title='bbox 518 3929 759 3980; x_wconf 85' lang='lat' dir='ltr'><strong>Ideler.</strong></span> <span class='ocrx_word' id='word_1_434' title='bbox 810 3930 987 3980; x_wconf 89' lang='lat' dir='ltr'><strong>Berol.</strong></span> <span class='ocrx_word' id='word_1_435' title='bbox 1028 3933 1179 3981; x_wconf 88' lang='grc'><strong>1837.</strong></span> <span class='ocrx_word' id='word_1_436' title='bbox 1240 3930 1391 3980; x_wconf 90' lang='lat' dir='ltr'><strong>Idem</strong></span> <span class='ocrx_word' id='word_1_437' title='bbox 1437 3946 1596 3996; x_wconf 88' lang='lat' dir='ltr'><strong>porro</strong></span> <span class='ocrx_word' id='word_1_438' title='bbox 1633 3929 1954 3980; x_wconf 88' lang='lat' dir='ltr'><strong>Psalterium</strong></span> <span class='ocrx_word' id='word_1_439' title='bbox 1987 3931 2044 3978; x_wconf 91' lang='lat' dir='ltr'><strong>in</strong></span> <span class='ocrx_word' id='word_1_440' title='bbox 2081 3929 2205 3979; x_wconf 89' lang='lat' dir='ltr'><strong>dial.</strong></span> <span class='ocrx_word' id='word_1_441' title='bbox 2245 3934 2382 3994; x_wconf 89' lang='lat' dir='ltr'><strong>copt.</strong></span> <span class='ocrx_word' id='word_1_442' title='bbox 2421 3929 2546 3993; x_wconf 91' lang='lat' dir='ltr'><strong>ling.</strong></span> <span class='ocrx_word' id='word_1_443' title='bbox 2583 3929 2815 3994; x_wconf 89' lang='lat' dir='ltr'><strong>Memph.</strong></span> 
     </span>
     <span class='ocr_line' id='line_1_42' title="bbox 326 4015 2814 4080; baseline -0.001 -14"><span class='ocrx_word' id='word_1_444' title='bbox 326 4016 514 4067; x_wconf 85' lang='lat' dir='ltr'><strong>transl.</strong></span> <span class='ocrx_word' id='word_1_445' title='bbox 552 4017 622 4066; x_wconf 88' lang='lat' dir='ltr'><strong>ad</strong></span> <span class='ocrx_word' id='word_1_446' title='bbox 658 4015 746 4067; x_wconf 89' lang='lat' dir='ltr'><strong>fid.</strong></span> <span class='ocrx_word' id='word_1_447' title='bbox 770 4022 834 4066; x_wconf 87' lang='lat' dir='ltr'><strong>tr.</strong></span> <span class='ocrx_word' id='word_1_448' title='bbox 862 4018 978 4068; x_wconf 91' lang='lat' dir='ltr'><strong>cod.</strong></span> <span class='ocrx_word' id='word_1_449' title='bbox 1016 4018 1191 4067; x_wconf 89' lang='lat' dir='ltr'><strong>Berol.</strong></span> <span class='ocrx_word' id='word_1_450' title='bbox 1230 4017 1313 4066; x_wconf 90' lang='lat' dir='ltr'><strong>ed.</strong></span> <span class='ocrx_word' id='word_1_451' title='bbox 1349 4019 1423 4067; x_wconf 87' lang='lat' dir='ltr'><strong>M.</strong></span> <span class='ocrx_word' id='word_1_452' title='bbox 1450 4017 1511 4067; x_wconf 76' lang='lat' dir='ltr'><strong>G.</strong></span> <span class='ocrx_word' id='word_1_453' title='bbox 1549 4016 1941 4066; x_wconf 87' lang='lat' dir='ltr'><strong>Schwartze.</strong></span> <span class='ocrx_word' id='word_1_454' title='bbox 1977 4016 2127 4080; x_wconf 91' lang='lat' dir='ltr'><strong>Lips.</strong></span> <span class='ocrx_word' id='word_1_455' title='bbox 2169 4017 2318 4064; x_wconf 88' lang='lat'><strong>1843.</strong></span> <span class='ocrx_word' id='word_1_456' title='bbox 2355 4015 2600 4064; x_wconf 88' lang='lat' dir='ltr'><strong>Danielis</strong></span> <span class='ocrx_word' id='word_1_457' title='bbox 2637 4032 2681 4065; x_wconf 90' lang='lat' dir='ltr'><strong>c.</strong></span> <span class='ocrx_word' id='word_1_458' title='bbox 2719 4016 2814 4064; x_wconf 87' lang='lat' dir='ltr'><strong>IX.</strong></span> 
     </span>
     <span class='ocr_line' id='line_1_43' title="bbox 328 4101 2813 4169; baseline -0.002 -15"><span class='ocrx_word' id='word_1_459' title='bbox 328 4104 549 4154; x_wconf 85' lang='lat' dir='ltr'><strong>exhibet</strong></span> <span class='ocrx_word' id='word_1_460' title='bbox 581 4105 670 4153; x_wconf 87' lang='lat' dir='ltr'><strong>Fr.</strong></span> <span class='ocrx_word' id='word_1_461' title='bbox 710 4105 990 4165; x_wconf 81' lang='lat' dir='ltr'><strong>Miinter,</strong></span> <span class='ocrx_word' id='word_1_462' title='bbox 1030 4105 1244 4169; x_wconf 84' lang='lat' dir='ltr'><strong>specim.</strong></span> <span class='ocrx_word' id='word_1_463' title='bbox 1287 4120 1424 4153; x_wconf 89' lang='lat' dir='ltr'><strong>vers.</strong></span> <span class='ocrx_word' id='word_1_464' title='bbox 1461 4103 1600 4153; x_wconf 88' lang='lat' dir='ltr'><strong>Dan.</strong></span> <span class='ocrx_word' id='word_1_465' title='bbox 1638 4108 1778 4168; x_wconf 90' lang='lat' dir='ltr'><strong>copt.</strong></span> <span class='ocrx_word' id='word_1_466' title='bbox 1815 4103 1966 4152; x_wconf 86' lang='lat' dir='ltr'><strong>Rom.</strong></span> <span class='ocrx_word' id='word_1_467' title='bbox 2008 4103 2157 4151; x_wconf 85' lang='grc'><strong>1786.</strong></span> <span class='ocrx_word' id='word_1_468' title='bbox 2225 4101 2507 4152; x_wconf 84' lang='lat' dir='ltr'><strong>Sahidicae</strong></span> <span class='ocrx_word' id='word_1_469' title='bbox 2554 4101 2813 4166; x_wconf 84' lang='lat' dir='ltr'><strong>reliquiae</strong></span> 
     </span>
     <span class='ocr_line' id='line_1_44' title="bbox 330 4187 2814 4256; baseline -0.002 -16"><span class='ocrx_word' id='word_1_470' title='bbox 330 4197 543 4241; x_wconf 84' lang='lat' dir='ltr'><strong>exstant</strong></span> <span class='ocrx_word' id='word_1_471' title='bbox 578 4191 721 4256; x_wconf 88' lang='lat' dir='ltr'><strong>apud</strong></span> <span class='ocrx_word' id='word_1_472' title='bbox 774 4191 1019 4240; x_wconf 88' lang='lat' dir='ltr'><strong>eundem.</strong></span> <span class='ocrx_word' id='word_1_473' title='bbox 1069 4192 1119 4240; x_wconf 89' lang='lat' dir='ltr'><strong>J.</strong></span> <span class='ocrx_word' id='word_1_474' title='bbox 1158 4192 1220 4239; x_wconf 89' lang='lat' dir='ltr'><strong>A.</strong></span> <span class='ocrx_word' id='word_1_475' title='bbox 1256 4190 1665 4255; x_wconf 88' lang='lat' dir='ltr'><strong>Mingarelli,</strong></span> <span class='ocrx_word' id='word_1_476' title='bbox 1714 4191 1942 4255; x_wconf 85' lang='lat' dir='ltr'><strong>Aegypt.</strong></span> <span class='ocrx_word' id='word_1_477' title='bbox 1993 4189 2110 4238; x_wconf 91' lang='lat' dir='ltr'><strong>cod.</strong></span> <span class='ocrx_word' id='word_1_478' title='bbox 2158 4189 2308 4254; x_wconf 90' lang='lat' dir='ltr'><strong>reliq.</strong></span> <span class='ocrx_word' id='word_1_479' title='bbox 2346 4189 2534 4238; x_wconf 87' lang='lat' dir='ltr'><strong>Venet.</strong></span> <span class='ocrx_word' id='word_1_480' title='bbox 2586 4189 2641 4235; x_wconf 91' lang='lat' dir='ltr'><strong>in</strong></span> <span class='ocrx_word' id='word_1_481' title='bbox 2676 4187 2814 4236; x_wconf 89' lang='lat' dir='ltr'><strong>Bibl.</strong></span> 
     </span>
     <span class='ocr_line' id='line_1_45' title="bbox 328 4274 2813 4339; baseline -0.002 -12"><span class='ocrx_word' id='word_1_482' title='bbox 328 4279 580 4328; x_wconf 88' lang='lat' dir='ltr'><strong>Naniana</strong></span> <span class='ocrx_word' id='word_1_483' title='bbox 639 4293 837 4328; x_wconf 88' lang='lat' dir='ltr'><strong>asserv.</strong></span> <span class='ocrx_word' id='word_1_484' title='bbox 900 4278 1105 4327; x_wconf 89' lang='lat' dir='ltr'><strong>Bonon.</strong></span> <span class='ocrx_word' id='word_1_485' title='bbox 1160 4278 1309 4327; x_wconf 84' lang='grc'><strong>1785.</strong></span> <span class='ocrx_word' id='word_1_486' title='bbox 1364 4278 1475 4326; x_wconf 88' lang='lat' dir='ltr'><strong>Jes.</strong></span> <span class='ocrx_word' id='word_1_487' title='bbox 1529 4279 1573 4339; x_wconf 85' lang='lat'><strong>1,</strong></span> <span class='ocrx_word' id='word_1_488' title='bbox 1627 4278 1794 4339; x_wconf 83' lang='lat'><strong>1.—5‚</strong></span> <span class='ocrx_word' id='word_1_489' title='bbox 1849 4278 1927 4325; x_wconf 88' lang='grc'><strong>18.</strong></span> <span class='ocrx_word' id='word_1_490' title='bbox 1979 4278 2080 4337; x_wconf 80' lang='grc'><strong>25.,</strong></span> <span class='ocrx_word' id='word_1_491' title='bbox 2139 4282 2192 4325; x_wconf 92' lang='lat' dir='ltr'><strong>et</strong></span> <span class='ocrx_word' id='word_1_492' title='bbox 2225 4276 2314 4325; x_wconf 92' lang='lat' dir='ltr'><strong>Fr.</strong></span> <span class='ocrx_word' id='word_1_493' title='bbox 2351 4274 2813 4339; x_wconf 85' lang='lat' dir='ltr'><strong>Engelbreth,</strong></span> 
     </span>
     <span class='ocr_line' id='line_1_46' title="bbox 326 4360 2816 4429; baseline -0.002 -15"><span class='ocrx_word' id='word_1_494' title='bbox 326 4365 656 4429; x_wconf 81' lang='lat' dir='ltr'><strong>Fragmenta</strong></span> <span class='ocrx_word' id='word_1_495' title='bbox 707 4364 1272 4429; x_wconf 89' lang='lat' dir='ltr'><strong>Basmurico-Coptica</strong></span> <span class='ocrx_word' id='word_1_496' title='bbox 1317 4366 1382 4413; x_wconf 92' lang='lat' dir='ltr'><strong>V.</strong></span> <span class='ocrx_word' id='word_1_497' title='bbox 1434 4370 1487 4413; x_wconf 88' lang='lat' dir='ltr'><strong>et</strong></span> <span class='ocrx_word' id='word_1_498' title='bbox 1532 4365 1597 4413; x_wconf 88' lang='lat' dir='ltr'><strong>N.</strong></span> <span class='ocrx_word' id='word_1_499' title='bbox 1635 4365 1698 4412; x_wconf 87' lang='grc' dir='ltr'><strong>Τ.</strong></span> <span class='ocrx_word' id='word_1_500' title='bbox 1750 4378 1886 4428; x_wconf 84' lang='lat' dir='ltr'><strong>quae</strong></span> <span class='ocrx_word' id='word_1_501' title='bbox 1935 4365 1990 4411; x_wconf 89' lang='lat' dir='ltr'><strong>in</strong></span> <span class='ocrx_word' id='word_1_502' title='bbox 2036 4363 2224 4412; x_wconf 91' lang='lat' dir='ltr'><strong>Museo</strong></span> <span class='ocrx_word' id='word_1_503' title='bbox 2273 4362 2540 4426; x_wconf 87' lang='lat' dir='ltr'><strong>Borgiano</strong></span> <span class='ocrx_word' id='word_1_504' title='bbox 2588 4360 2816 4410; x_wconf 88' lang='lat' dir='ltr'><strong>Veletris</strong></span> 
     </span>
     <span class='ocr_line' id='line_1_47' title="bbox 330 4446 2815 4515; baseline -0.002 -14"><span class='ocrx_word' id='word_1_505' title='bbox 330 4467 529 4501; x_wconf 85' lang='lat' dir='ltr'><strong>asserv.</strong></span> <span class='ocrx_word' id='word_1_506' title='bbox 554 4451 733 4501; x_wconf 87' lang='lat' dir='ltr'><strong>Havn.</strong></span> <span class='ocrx_word' id='word_1_507' title='bbox 764 4453 912 4500; x_wconf 91' lang='lat'><strong>1811.</strong></span> <span class='ocrx_word' id='word_1_508' title='bbox 950 4451 1261 4501; x_wconf 87' lang='lat' dir='ltr'><strong>Versionem</strong></span> <span class='ocrx_word' id='word_1_509' title='bbox 1287 4451 1530 4512; x_wconf 80' lang='lat' dir='ltr'><strong>Quatuor</strong></span> <span class='ocrx_word' id='word_1_510' title='bbox 1552 4450 1969 4515; x_wconf 87' lang='lat' dir='ltr'><strong>Evangeliorum</strong></span> <span class='ocrx_word' id='word_1_511' title='bbox 2006 4450 2075 4498; x_wconf 88' lang='lat' dir='ltr'><strong>ad</strong></span> <span class='ocrx_word' id='word_1_512' title='bbox 2100 4449 2215 4499; x_wconf 91' lang='lat' dir='ltr'><strong>cod.</strong></span> <span class='ocrx_word' id='word_1_513' title='bbox 2241 4464 2364 4498; x_wconf 90' lang='lat' dir='ltr'><strong>mss.</strong></span> <span class='ocrx_word' id='word_1_514' title='bbox 2393 4447 2544 4513; x_wconf 88' lang='lat' dir='ltr'><strong>Copt.</strong></span> <span class='ocrx_word' id='word_1_515' title='bbox 2583 4449 2640 4495; x_wconf 90' lang='lat' dir='ltr'><strong>in</strong></span> <span class='ocrx_word' id='word_1_516' title='bbox 2676 4446 2815 4496; x_wconf 91' lang='lat' dir='ltr'><strong>Bibl.</strong></span> 
     </span>
     <span class='ocr_line' id='line_1_48' title="bbox 326 4535 2820 4604; baseline -0.004 -13"><span class='ocrx_word' id='word_1_517' title='bbox 326 4539 663 4592; x_wconf 83' lang='lat' dir='ltr'><strong>Berolinens.</strong></span> <span class='ocrx_word' id='word_1_518' title='bbox 713 4538 871 4590; x_wconf 89' lang='lat' dir='ltr'><strong>fidem</strong></span> <span class='ocrx_word' id='word_1_519' title='bbox 918 4539 1082 4590; x_wconf 85' lang='lat' dir='ltr'><strong>edidit</strong></span> <span class='ocrx_word' id='word_1_520' title='bbox 1128 4540 1202 4590; x_wconf 89' lang='lat' dir='ltr'><strong>M.</strong></span> <span class='ocrx_word' id='word_1_521' title='bbox 1242 4538 1303 4592; x_wconf 82' lang='lat' dir='ltr'><strong>Gr.</strong></span> <span class='ocrx_word' id='word_1_522' title='bbox 1344 4537 1754 4602; x_wconf 82' lang='lat' dir='ltr'><strong>Schwartze,</strong></span> <span class='ocrx_word' id='word_1_523' title='bbox 1804 4538 1948 4604; x_wconf 90' lang='lat' dir='ltr'><strong>Lips.</strong></span> <span class='ocrx_word' id='word_1_524' title='bbox 1990 4538 2139 4587; x_wconf 82' lang='grc'><strong>1846.</strong></span> <span class='ocrx_word' id='word_1_525' title='bbox 2191 4541 2244 4585; x_wconf 86' lang='lat' dir='ltr'><strong>et</strong></span> <span class='ocrx_word' id='word_1_526' title='bbox 2281 4536 2430 4587; x_wconf 79' lang='lat'><strong>1847.</strong></span> <span class='ocrx_word' id='word_1_527' title='bbox 2492 4535 2820 4602; x_wconf 82' lang='lat' dir='ltr'><strong>Fragmenta</strong></span> 
     </span>
    </p>
   </div>
  </div>
 </body>
</html>
