3309 5300
964 427 1027 468 De
1054 426 1179 468 libris
1206 427 1463 478 apocryphis
1492 427 1543 468 V.
1574 429 1621 467 et
1648 427 1701 468 N.
1733 427 2018 468 Testamenti.
2639 416 2722 479 89

544 708 605 786 ξ.
656 708 761 772 32.
810 703 1285 806 Quaeritur
1334 705 1427 768 de
1473 727 1628 768 usu
1675 705 2413 792 apocryphorum?

447 901 753 959 Mirantur
775 901 1067 973 nonnulli,
1101 900 1281 958 libros
1304 902 1684 977 apocryphOS,
1719 902 1812 958 his
1836 901 1956 959 fere
1981 902 2202 974 diebus,
2232 901 2548 978 diligenter
2569 908 2724 962 trac-

262 1008 361 1068 tari
402 1010 458 1064 et
502 1007 663 1082 typis
710 1005 984 1076 describi,
1042 1024 1175 1063 cum
1234 1010 1429 1062 tamen
1490 1010 1692 1063 contra
1739 1007 1882 1063 haec
1925 1006 2202 1082 opuscula
2245 1007 2426 1065 faciat
2469 1010 2726 1083 prudens

260 1110 575 1185 Origenis
600 1108 641 1181 ¹,
692 1110 925 1184 regula:
978 1129 1145 1187 ,quae
1191 1108 1567 1185 appellantur
1597 1112 1981 1187 apocryphae,
2023 1131 2130 1186 pro
2161 1131 2226 1168 00
2258 1112 2412 1189 quod
2442 1111 2632 1170 multa
2661 1115 2727 1170 in

260 1219 321 1275 iis
348 1220 631 1291 corrupta,
682 1219 742 1271 et
772 1219 977 1272 contra
1005 1213 1181 1271 fidem
1211 1233 1413 1272 veram
1458 1214 1851 1272 inveniuntur
1879 1235 1915 1272 a
1947 1216 2268 1272 maioribus
2315 1217 2554 1288 tradita,
2606 1237 2724 1275 non

261 1321 458 1398 placuit
486 1319 561 1376 iis
591 1320 719 1376 dari
742 1319 951 1390 locum,
985 1338 1093 1375 nec
1122 1319 1355 1376 admitti
1380 1319 1453 1376 ad
1476 1321 1929 1377 auctoritatem.‘
1977 1319 2346 1396 Prophetica,
2387 1322 2725 1395 Apostolica

260 1427 349 1484 illa
368 1428 422 1482 et
442 1423 668 1480 sincera
690 1443 812 1482 non
834 1443 971 1494 esse,
998 1442 1195 1480 omnes
1220 1423 1390 1481 hodie
1422 1423 1796 1482 confitentur.
1843 1423 2157 1482 Neminem
2182 1425 2425 1483 interim
2456 1430 2727 1501 putamus

261 1531 509 1588 futurum
540 1547 657 1585 esse
692 1529 915 1602 priscae
946 1528 1323 1605 antiquitatis
1368 1528 1712 1599 studiosum,
1761 1521 1935 1606 quem
1979 1531 2277 1604 poenitere
2323 1535 2531 1606 posset,
2584 1547 2726 1606 opu-

238 1633 400 1692 -scula
442 1634 582 1690 haec
633 1631 945 1703 evolvisse,
996 1633 1165 1690 modo
1206 1633 1478 1690 advertat
1529 1633 1602 1690 ad
1650 1634 2150 1708 sapientissimum
2195 1635 2249 1690 d.
2294 1635 2729 1712 Hieronymi

263 1732 690 1816 praeceptum2:
755 1737 1083 1810 ,grandis
1152 1756 1298 1793 esse
1364 1739 1792 1812 prudentiae
1855 1757 2106 1795 aurum
2166 1740 2242 1795 in
2299 1741 2456 1797 luto
2525 1759 2727 1817 quae-

262 1844 439 1901 rere.‘
486 1841 671 1899 Suum
706 1844 907 1898 manet
934 1840 1149 1898 libellis
1172 1841 1302 1898 istis
1334 1841 1607 1917 pretium,
1641 1862 1763 1900 non
1793 1846 2028 1900 tantum
2074 1862 2180 1918 per
2209 1863 2268 1900 se
2299 1843 2598 1919 spectatis3
2631 1845 2730 1901 sed

263 1947 423 2008 etiam
450 1948 521 2004 ad
566 1945 886 2003 canonicos
918 1945 1127 2003 Libros
1157 1947 1537 2021 comparatis;
1570 1948 1723 2022 quod
1756 1951 1841 2004 est
1873 1948 2092 2023 partim
2139 1947 2481 2006 criticum
2511 1947 2729 2023 partim

263 2050 712 2126 exegeticum.
776 2049 1131 2107 Criticum
1174 2054 1533 2107 momentum
1578 2069 1782 2108 rursus
1821 2051 2082 2127 dupplex
2125 2039 2232 2123 est,
2278 2051 2729 2112 alterum‘enim

263 2158 325 2215 ad
365 2156 671 2213 Librorum
716 2155 1045 2226 Sacrorum,
1092 2156 1216 2212 sive
1260 2158 1411 2212 totos
1451 2156 1575 2214 sive
1619 2160 1814 2230 partes
1849 2160 2188 2231 spectemus,
2237 2157 2577 2214 authenti
2593 2177 2727 2227 am;

264 2261 495 2320 alterum
560 2260 633 2316 ad
694 2259 916 2316 Textus
976 2258 1035 2316 S.
1089 2259 1603 2332 integritatem
1672 2259 1944 2319 refertur.
2016 2262 2092 2318 In
2155 2261 2505 2338 apocryphis
2571 2261 2732 2318 enim

266 2363 554 2441 opusculis,
601 2382 751 2440 quae
800 2364 1057 2420 censuris
1099 2363 1257 2419 haud
1311 2383 1571 2440 unquam
1622 2364 1957 2425 inficiandis
2000 2366 2260 2423 confossa
2287 2366 2475 2424 veluti
2516 2366 2725 2436 iacent,

265 2471 498 2546 primum
540 2467 695 2525 illud
734 2467 1034 2524 cuiusdam
1079 2466 1267 2540 frugis
1314 2475 1401 2524 est
1445 2469 1714 2527 omnino:
1764 2489 1816 2526 a.
1865 2468 2032 2531 Quod
2081 2469 2368 2529 Divinam
2414 2469 2731 2528 Librorum

266 2573 669 2631 Canonicorum
724 2571 1132 2629 auctoritatem
1194 2590 1327 2628 cum
1376 2576 1615 2644 natura,
1673 2577 1800 2630 tum
1845 2573 2120 2645 historia,
2177 2577 2538 2643 sustentant3
2596 2573 2730 2631 illo-

264 2698 487 2755 rumque
526 2678 704 2735 fidem
746 2696 851 2735 sua
889 2678 1151 2752 ipsorum
1199 2676 1457 2735 falsitate
1505 2678 1737 2752 egregie
1782 2677 2150 2750 confirmant,
2205 2680 2296 2736 uti
2344 2679 2464 2736 iam
2494 2679 2732 2737 Veteres

267 2785 564 2841 luculenter
605 2782 1009 2857 probaverunt
1024 2778 1066 2839 3.
1127 2780 1441 2850 Testantur
1480 2783 1780 2841 enimvero
1821 2784 2172 2859 apocrypha,
2206 2783 2500 2859 imprimis
2532 2784 2609 2841 N.
2642 2782 2728 2854 T„

269 2891 467 2965 quanta
518 2886 948 2944 canonicarum
1001 2884 1441 2961 scripturarum
1485 2885 1552 2943 in
1592 2886 1848 2944 Ecclesia
1895 2887 2079 2944 fuerit
2123 2891 2182 2944 et
2220 2888 2313 2946 vis
2355 2891 2414 2945 et
2455 2887 2730 2961 cognitio.

270 2992 600 3068 Apocrypha
628 2990 918 3067 siquidem
948 2990 1088 3047 adeo
1112 3010 1147 3047 a
1177 2990 1611 3065 Hagiographjs
1643 2992 1900 3066 pendent
1915 3012 1930 3061 ;
1968 2995 2036 3048 ut
2057 2993 2160 3068 qui
2184 2992 2292 3049 illa
2313 2992 2727 3067 compilarunt,

270 3098 331 3153 ad
374 3096 471 3153 hos
516 3095 796 3153 continuo
846 3096 1159 3151 attendisse
1212 3094 1603 3156 certissimum
1648 3097 1746 3152 sit.
1819 3096 2170 3171 Impostores
2215 3096 2318 3173 qui
2372 3116 2436 3154 00
2491 3095 2732 3154 consilio

271 3202 593 3270 scribebant,
630 3204 699 3257 ut
728 3218 834 3256 sua
863 3204 1190 3257 commenta
1219 3202 1650 3275 persuaderent,
1689 3219 1809 3257 non
1839 3205 2072 3259 tantum
2103 3220 2170 3258 ac
2200 3200 2378 3257 talem
2408 3204 2732 3276 respectum

272 3305 563 3363 Librorum
600 3303 1029 3362 canonicorum
1068 3289 1438 3374 habuissent3
1489 3303 1606 3361 nisi
1652 3304 1719 3361 hi
1749 3304 1969 3382 ubique
2008 3304 2074 3361 in
2104 3304 2378 3362 Ecclesiis
2423 3309 2492 3362 ut
2520 3304 2732 3363 Divini

270 3410 467 3485 recepti
503 3408 771 3466 fuissent.
833 3407 917 3465 Ut
961 3409 1100 3471 adeo
1143 3408 1443 3465 falsatores
1488 3429 1563 3466 ex
1608 3408 1727 3465 illis
1771 3409 2075 3485 proficisci,
2117 3414 2334 3486 suaque
2373 3428 2528 3467 nova
2568 3412 2731 3468 vete-

272 3515 416 3571 ribus
468 3513 559 3570 his
617 3517 1020 3589 superstruere
1081 3514 1375 3571 deberent.
1459 3513 1768 3570 Latissime
1830 3516 1990 3589 patet
2049 3514 2515 3590 apocryphorum
2575 3532 2729 3585 usus,

274 3620 335 3675 ad
378 3617 597 3694 plenius
644 3618 1096 3691 cognoscendam
1141 3618 1524 3676 doctrinae
1563 3616 1908 3675 Judaicae
1954 3619 2340 3688 rationem,
2390 3617 2580 3695 qualis
2625 3620 2735 3675 sub

274 3722 441 3779 initiis
493 3724 578 3779 rei
632 3721 1001 3779 Christianae
1050 3721 1283 3781 exstitit
1300 3720 1343 3779 4.
1415 3722 1680 3780 Maxime
1731 3722 1910 3779 etiam
1963 3722 2212 3795 diligens
2265 3723 2734 3798 apocryphorum

275 3846 495 3883 examen
545 3828 804 3901 prodest,
867 3826 1147 3885 historiae
1201 3828 1539 3901 dogmatum
1591 3828 2142 3901 perscrutatoribus.
2220 3826 2541 3885 Enimvero
2594 3846 2732 3901 apo-

274 3932 475 4007 crypha
488 3975 502 4002 ‚
556 3931 1045 4009 quemadmodum
1090 3950 1291 3989 eorum
1339 3936 1667 4007 temporum
1680 3976 1694 4003 ,
1742 3931 1954 4009 quibus
1998 3932 2370 4006 prodierunt,
2426 3930 2730 4005 ingenium

275 4036 475 4108 docent,
522 4036 609 4094 ita
662 4036 841 4094 etiam
900 4036 1090 4093 lucem
1150 4036 1360 4093 afferre
1418 4035 1750 4093 haeresium
1808 4035 2116 4105 historiae;
2177 4054 2428 4113 quarum
2479 4036 2733 4109 origines

274 4140 539 4219 aperiunt,
580 4143 1010 4217 progressiones
1041 4142 1507 4218 mutationesque
1539 4144 2000 4199 commonstrant
2017 4137 2060 4197 5.
2124 4140 2219 4199 Ad
2249 4140 2360 4198 hoc
2389 4139 2731 4197 authentiae

463 4364 498 4429 1)
536 4363 679 4413 Prol.
718 4364 773 4413 in
811 4362 963 4412 Cant.
988 4363 1133 4425 XIV,
1160 4364 1279 4413 325.
1344 4363 1383 4429 2)
1422 4364 1525 4429 Ep.
1566 4365 1682 4413 107.
1721 4362 1790 4412 ad
1825 4360 2053 4413 Laetam
2089 4379 2140 4411 n.
2181 4365 2262 4412 12.
2299 4378 2352 4427 p.
2389 4362 2506 4412 688.
2569 4360 2608 4425 ³)
2651 4359 2733 4409 cf.

274 4450 319 4500 S.
353 4451 569 4512 Irenaei,
610 4449 731 4499 adv.
768 4448 913 4499 haer.
949 4449 1047 4499 III.
1077 4450 1158 4512 12,
1187 4452 1233 4499 7.
1270 4467 1321 4516 p.
1348 4451 1467 4500 467.
1505 4448 1840 4511 Tertulliani,
1879 4449 2000 4499 adv.
2037 4449 2294 4497 Marcion.
2332 4449 2424 4510 IV,
2452 4450 2500 4498 5.
2537 4464 2589 4513 p.
2618 4449 2733 4497 151.

158 4578 165 4587 .
269 4538 305 4601 ⁴)
338 4538 398 4586 V.
433 4536 604 4599 Thilo,
640 4537 808 4601 praef.
848 4536 917 4586 ad
953 4536 1089 4586 Acta
1125 4534 1178 4585 S.
1216 4536 1453 4585 Thomae
1489 4536 1588 4601 Ap.
1626 4552 1680 4601 p.
1720 4538 1836 4585 119.
1889 4534 1947 4584 C.
1985 4536 2216 4597 Movers,
2253 4536 2309 4584 in
2346 4534 2523 4585 Welte
2568 4534 2633 4583 K.
2671 4534 2734 4581 L.

269 4623 307 4685 Ι,
340 4624 450 4673 325.
492 4638 534 4673 s.
592 4624 841 4690 Langen,
894 4622 990 4673 das
1038 4622 1369 4673 Judenthum
1418 4639 1469 4688 p.
1513 4625 1561 4671 2.
1600 4638 1641 4673 s.
1693 4624 1775 4673 23.
1813 4638 1856 4673 s.
1929 4622 1970 4689 ⁵)
2024 4622 2105 4671 Cf.
2147 4622 2237 4671 Fr.
2279 4621 2331 4671 J.
2375 4621 2620 4683 Arens,
2669 4619 2736 4669 de
