3309 5300
567 376 689 440 124
1283 390 1516 430 comment.
1548 391 1601 430 de
1630 392 1675 430 S.
1697 391 1852 441 Script.
1885 402 1977 440 cap.
2007 403 2094 446 sec.
2125 393 2252 431 tract.
2284 392 2316 430 I.

559 563 1019 627 Mosquenses,
1055 565 1131 612 ita
1168 565 1401 625 vocitati,
1440 565 1583 629 quod
1621 567 1818 614 scrinia
1855 566 1992 616 Bibl.
2021 565 2175 615 Caes.
2214 567 2382 630 Mosq.
2421 567 2675 628 incolant,
2715 569 2856 616 bene
2896 566 3052 616 multi

559 656 930 712 numerantur3
970 650 1065 699 sed
1099 649 1277 699 nullus
1302 652 1572 701 invenitur
1608 653 1699 716 qui
1737 652 2006 702 saecu'lo
2045 668 2212 702 nono
2250 653 2386 702 foret
2423 655 2695 702 vetustior.
2746 655 2910 702 Duae
2939 659 3064 702 sunt

561 739 785 786 maxime
809 737 1179 786 memorabiles
1206 737 1553 788 collectiones
1579 739 1946 803 Mosquenses,
1974 742 2262 789 instructae
2288 756 2408 790 mss.
2437 757 2512 804 gr.
2549 740 2732 788 Altera
2760 740 2890 788 olim
2919 739 3065 788 dicta

560 809 1035 874 Patriarchalis
1074 840 1217 872 nunc
1254 823 1457 890 Synodi
1493 827 1547 874 in
1586 841 1708 874 arce
1735 855 1802 862 -——
1827 827 2009 875 Kreml
2033 845 2124 888 ——3
2164 826 2332 876 altera
2369 827 2814 890 typographei
2856 826 3062 890 Syno-

562 909 749 958 dalis.
810 911 893 958 Ex
930 911 1011 960 his
1050 911 1276 977 aliisque
1315 911 1597 977 diligenter
1630 914 1932 976 perquisitis
1969 914 2032 962 N.
2071 913 2132 962 Τ.
2171 913 2289 962 XII.
2329 918 2364 962 t.
2405 930 2478 977 gr.
2519 919 2571 962 et
2607 913 2638 962 1.
2679 913 2760 961 ed.
2800 911 2932 960 Chr.
2975 913 3059 960 Fr.

558 996 911 1058 Matthaei,
950 997 1119 1062 Rigae
1160 999 1310 1046 1788.
1348 999 1603 1047 Notitiam
1636 1002 1848 1048 centum
1885 999 2000 1048 cod.
2029 1014 2149 1047 mss.
2177 1014 2287 1048 var.
2313 998 2451 1048 Bibl.
2479 1000 2648 1063 Mosq.
2677 1015 2812 1064 quos
2852 998 3062 1047 evolvit

560 1083 929 1148 plerorumque
967 1083 1161 1132 additis
1200 1086 1577 1148 speciminibus
1614 1086 1670 1134 in
1707 1086 1875 1149 praef.
1915 1091 1968 1134 et
2004 1086 2231 1148 append.
2269 1086 2339 1134 ad
2375 1101 2415 1134 s.
2455 1091 2490 1134 t.
2528 1086 2592 1134 E.
2633 1102 2680 1150 g.
2718 1085 2809 1147 VI,
2852 1086 2980 1133 257.
3020 1100 3060 1133 8.

558 1171 625 1232 X,
667 1171 781 1218 182.
821 1185 861 1218 s.
899 1172 1014 1219 272.
1056 1186 1125 1233 s.;
1175 1171 1315 1219 idem
1365 1171 1620 1220 lectiones
1670 1172 1792 1220 inde
1837 1178 2038 1221 sumtas
2088 1172 2162 1220 ibi
2211 1172 2484 1220 indicavit.
2547 1171 2730 1220 Codex
2781 1171 3061 1235 Sangal-

559 1257 769 1306 lensis
806 1286 871 1293 —
906 1259 1215 1306 monasterii
1252 1256 1377 1305 olim
1415 1257 1466 1307 S.
1496 1257 1633 1306 Galli
1674 1259 1730 1306 in
1755 1257 2212 1320 Helvetia,.cuius
2247 1259 2529 1308 thesauros
2556 1260 2750 1322 aperit:
2788 1259 2864 1306 M.
2907 1257 3060 1307 Ger-

560 1346 734 1405 bert,
772 1345 871 1392 iter
894 1343 1295 1392 Alemannicum
1314 1344 1438 1414 Ital.
1469 1344 1605 1393 Gall.
1634 1343 1910 1394 San-Blas.
1941 1347 2091 1395 1765.
2125 1363 2175 1409 p.
2204 1347 2286 1394 87.
2313 1361 2354 1394 8.
2383 1374 2448 1381 -
2474 1361 2548 1408 gr.
2575 1344 2667 1394 lat.
2693 1345 3059 1394 interlinearis

562 1431 719 1490 Quat.
746 1431 952 1495 Evang.
982 1446 1121 1479 saec.
1148 1431 1241 1479 IX.
1276 1447 1432 1495 quem
1460 1431 1528 1479 ad
1551 1431 1764 1480 modum
1791 1433 1932 1480 mssi.
1961 1431 2228 1496 lapidibus
2255 1431 2629 1480 delineandum
2664 1433 2874 1481 curavit
2897 1432 2972 1480 H.
3002 1432 3059 1480 C.

559 1517 630 1565 M.
678 1518 925 1581 Rettig.
982 1518 1163 1565 Turici
1216 1519 1366 1567 1836.
1416 1518 1507 1566 IV.
1560 1517 1744 1567 Codex
1798 1519 2292 1583 Neapolitanus
2345 1520 2656 1583 rescriptus,
2710 1519 2862 1568 VIII.
2915 1534 3058 1567 saec.

562 1619 593 1652 a
618 1603 1018 1653 Tischendorfio
1050 1633 1109 1639 —
1139 1605 1229 1669 qui
1256 1606 1370 1654 eius
1398 1597 1681 1654 editionem
1720 1611 1875 1669 parat
1899 1634 1964 1642 —
1990 1607 2046 1654 in
2075 1621 2197 1655 ann.
2225 1606 2454 1656 Vindob.
2483 1606 2567 1654 fiir
2590 1606 2752 1654 Wiss.
2778 1621 2832 1654 u.
2859 1607 3057 1653 Kunst.

566 1693 715 1740 1847.
754 1708 806 1740 n.
848 1694 962 1753 117,
1003 1694 1051 1741 8.
1090 1707 1129 1740 s.
1169 1691 1465 1740 delineatus
1504 1693 1637 1756 sign.
1676 1693 1798 1740 Wb.
1838 1693 2132 1741 distinctus.
2181 1692 2402 1741 Accedit
2444 1685 2870 1741 Monacensis
2909 1706 2952 1738 s.
2992 1692 3058 1740 X.

560 1793 612 1826 n.
651 1792 791 1826 saec.
828 1779 921 1826 IX.
961 1779 1259 1842 fragmenta
1299 1778 1391 1827 IV.
1437 1778 1644 1842 Evang.
1692 1783 1852 1828 tenet.
1905 1778 2116 1829 Codicis
2163 1778 2441 1828 cuiusdam
2485 1778 3058 1828 Molsheimiensis

562 1863 685 1912 olim
736 1863 962 1928 Collegii
1013 1864 1063 1913 S.
1102 1865 1153 1913 J.
1192 1867 1339 1914 mssi.
1388 1861 1621 1914 indolem
1670 1865 1922 1915 describit
1968 1867 2334 1915 meritissimus
2390 1865 2458 1912 H.
2505 1864 2922 1929 Goldhagen‚
2975 1863 3056 1912 ed.

561 1949 699 1998 cath.
737 1951 801 1998 N.
838 1951 906 1998 D.
934 1952 997 2000 N.
1034 1951 1085 2000 J.
1116 1950 1174 1999 O.
1202 1951 1263 1999 T.
1300 1952 1441 2016 Mog.
1473 1953 1624 2001 1753.
1664 1952 1830 2016 praef.
1869 1969 1918 2015 p.
1951 1955 2028 2000 12.
2062 1968 2111 2000 n.
2143 1955 2222 2001 14.
2274 1953 2393 2001 Non
2432 1951 2596 2000 semel
2634 1953 2747 2000 eius
2792 1951 3056 1999 lectiones

562 2035 841 2100 allegavit,
880 2037 1155 2087 sed'tacet
1194 2038 1407 2102 quando
1444 2039 1602 2087 fuerit
1638 2043 1902 2087 exaratus.
1965 2039 2072 2088 Ubi
2107 2055 2248 2087 nunc
2285 2038 2488 2087 lateat?
2533 2054 2642 2087 non
2679 2039 3055 2101 comperimus.

770 2121 905 2172 Sunt
930 2129 983 2172 et
1006 2125 1113 2185 alii,
1154 2141 1287 2190 quos
1324 2124 1485 2189 longo
1524 2126 1708 2174 ordine
1749 2140 2012 2186 enarrare,
2048 2141 2157 2174 non
2183 2131 2262 2173 est
2285 2127 2454 2174 nostri
2490 2126 2731 2173 instituti.
2779 2125 3056 2173 Fecerunt

560 2209 613 2256 id
640 2211 938 2274 scriptores,
968 2227 1186 2276 quorum
1225 2211 1386 2260 libros
1424 2229 1531 2262 11011
1563 2212 1728 2262 semel
1752 2212 2103 2261 laudavimus.
2140 2212 2203 2260 In
2229 2228 2422 2276 genere
2462 2217 2596 2261 teste
2623 2207 3048 2270 Tischendorfio,

560 2295 691 2360 prol.
721 2297 801 2345 ed.
828 2297 943 2346 VII.
971 2315 1021 2362 p.
1051 2300 1162 2347 130.
1202 2314 1297 2362 pro
1325 2300 1498 2347 Textu
1532 2298 2049 2363 Evangeliorum
2087 2299 2154 2348 ad
2178 2304 2358 2347 nostra
2387 2314 2554 2363 usque
2581 2304 2827 2362 tempora
2865 2297 3052 2346 collati

560 2388 685 2432 sunt
710 2384 950 2453 codicum
982 2384 1147 2434 literis
1172 2385 1471 2434 uncialibus
1510 2387 1826 2450 scriptorum
1861 2388 1971 2449 40.;
2011 2386 2075 2434 ad
2102 2384 2269 2434 Actus
2299 2400 2383 2450 ap.
2412 2388 2458 2433 9.
2487 2401 2632 2448 unc.;
2673 2385 2743 2434 ad
2773 2383 3054 2448 Epistolas

562 2468 715 2522 Cath.
754 2487 804 2520 u.
844 2473 891 2520 5.
942 2471 1012 2520 ad
1047 2471 1198 2526 Paul.
1239 2454 1351 2536 21.;
1402 2472 1471 2520 ad
1509 2472 1888 2538 Apocalypsim
1923 2475 1970 2521 3.
2032 2474 2218 2536 Neque
2269 2477 2478 2536 oportet
2525 2473 2826 2520 existimare
2873 2471 3058 2520 omnia

560 2558 664 2605 iam
705 2558 966 2608 exhausta
1002 2564 1162 2623 atque
1200 2564 1448 2608 accurate
1486 2563 1676 2609 notata
1711 2574 1844 2622 esse,
1897 2561 2090 2608 etenim
2127 2559 2278 2607 multi
2317 2558 2559 2606 codicum
2597 2559 2812 2606 nonnisi
2859 2558 3058 2605 cursim

564 2642 743 2694 collati
782 2650 835 2695 et
871 2646 1097 2710 inspecti
1134 2652 1258 2695 sunt
1294 2662 1327 2695 a
1363 2647 1486 2695 viris
1526 2647 1762 2696 eruditis.

672 2960 729 3036 ξ.
778 2958 881 3023 52.
932 2956 1389 3020 Admonitio
1440 2955 1532 3019 de
1582 2955 2067 3019 editionibus
2115 2955 2192 3018 N.
2243 2955 2316 3017 T.
2366 2979 2466 3039 gr.
2517 2956 2944 3039 impressiS.

770 3182 873 3231 Sub
920 3182 1083 3231 initiis
1108 3181 1225 3245 fere
1267 3182 1655 3249 Typoqraphiae
1704 3189 1879 3231 natum
1925 3188 1996 3231 est
2041 3180 2304 3234 laudabile
2352 3181 2614 3232 consilium
2647 3185 2821 3246 9raeci
2863 3182 3054 3231 Teaetus

562 3268 627 3317 Ν.
672 3266 727 3316 T.
767 3267 975 3330 edendi,
1026 3274 1071 3319 et
1116 3276 1171 3317 ut
1216 3270 1307 3319 alii
1353 3288 1411 3319 oc
1450 3271 1631 3333 plures
1677 3268 1894 3330 codices,
1946 3269 2032 3331 qui
2059 3266 2302 3331 prodesse
2338 3268 2632 3333 corrigendo
2676 3269 2857 3317 Textui
2899 3284 3054 3332 posse

560 3354 866 3415 viderentur,
903 3356 1095 3406 inventi
1118 3363 1263 3418 sunt5
1299 3356 1371 3405 ita
1396 3358 1618 3405 animum
1640 3356 1816 3418 plures
1840 3353 1910 3403 ad
1934 3371 2092 3403 novas
2122 3354 2365 3404 editiones
2390 3355 2764 3404 concinnandas
2803 3355 3051 3417 adiecere,

563 3459 690 3507 quae
726 3445 773 3491 si
807 3442 1051 3493 rationem
1088 3460 1259 3493 earum
1298 3449 1573 3516 spectemus
1605 3441 1742 3491 varii
1777 3444 1957 3491 iterum
1992 3448 2107 3490 sunt
2141 3441 2353 3505 yeneris.
2403 3441 2642 3507 Sae'nyulae
2677 3458 2796 3492 vero
2834 3442 2882 3491 si
2916 3442 3052 3491 inter

560 3546 613 3579 se
659 3530 1001 3593 conferuntur,
1058 3531 1193 3580 aliae
1242 3528 1688 3593 deprehenduntur
1741 3528 2136 3589 cardinales,
2193 3535 2497 3589 nor-mantes,
2551 3546 2639 3579 seu
2676 3529 3024 3591 principes
3036 3546 3054 3588 ‚-

562 3616 697 3666 aliae
744 3633 860 3666 vero
908 3624 1254 3679 normatae,
1312 3632 1440 3680 quae
1485 3615 1557 3664 ad
1600 3632 1832 3663 normam
1883 3614 2115 3679 priorum
2160 3613 2420 3679 effiyiatae
2473 3622 2620 3675 sunt;
2673 3614 2810 3664 al-iae
2857 3614 3052 3663 nudum

562 3706 743 3753 sistunt
773 3703 999 3766 Textum,
1038 3705 1172 3754 aliae
1208 3720 1323 3753 vero
1361 3703 1563 3753 criticae
1601 3702 1772 3751 varias
1807 3701 2035 3751 lectiones
2073 3707 2117 3751 et
2149 3701 2516 3751 observationes
2546 3700 2731 3750 Tea-,tui
2764 3701 3049 3751 subiiciunt.

567 3789 647 3840 De
684 3788 761 3839 his
796 3790 951 3855 iqitur
986 3790 1059 3839 ita
1094 3790 1330 3852 dicemus,
1368 3797 1423 3839 ut
1449 3790 1690 3853 familias
1727 3789 1876 3853 quasi
1911 3788 2184 3838 editionum
2221 3787 2528 3853 digeramus,
2569 3794 2614 3836 et
2650 3787 2784 3837 unde
2822 3804 3049 3852 quaeque

565 3883 609 3926 et
646 3876 887 3940 quomodo
916 3878 1065 3939 sacta
1098 3876 1185 3937 sit,
1226 3878 1440 3927 breviter
1476 3876 1768 3936 tradamus3
1805 3882 1954 3939 atque
1979 3875 2053 3923 ita
2078 3875 2207 3923 hanc
2243 3873 2520 3923 editionum
2555 3873 2787 3922 notitiam
2825 3873 2897 3921 ad
2923 3873 3052 3922 iudi-

562 3963 779 4013 candum
812 3964 871 4013 L.
900 3964 963 4013 Β.
990 3962 1411 4013 accommodatam
1450 3963 1739 4013 reddamus.
1791 3963 1926 4011 Nam
1949 3961 2094 4011 nuda
2119 3961 2394 4011 editionum
2425 3964 2750 4022 enumeratio,
2789 3977 2921 4023 quae
2945 3961 3052 4009 sola

564 4050 827 4112 editorum,
876 4051 1092 4099 locorum
1138 4066 1197 4099 ac
1243 4056 1517 4115 temporum
1560 4053 1788 4099 notitiam
1835 4049 1943 4110 dat,
1988 4050 2255 4099 utilitatem
2300 4049 2492 4098 nullam
2537 4048 2697 4098 habet.
2772 4046 3051 4097 Numerum

562 4146 729 4187 autem
773 4138 988 4187 omnium
1028 4142 1259 4201 quotquot
1296 4144 1492 4187 exstant
1531 4135 1813 4186 Bibliorum
1849 4136 2166 4186 Graecorum
2203 4136 2269 4185 N.
2315 4134 2370 4184 T.
2409 4134 2648 4184 editiones
2694 4134 2843 4195 inire,
2882 4133 3048 4199 sinqu-

562 4225 737 4287 lasque
782 4239 1034 4273 recensere
1047 4241 1065 4285 ‚·
1111 4240 1234 4288 opus
1280 4231 1349 4274 est
1396 4224 1531 4288 quod
1566 4225 1712 4273 nobis
1755 4240 1912 4287 supra
1958 4224 2204 4273 hurnanas
2247 4226 2380 4271 vires
2417 4222 2640 4285 positum
2679 4238 2784 4271 esse
2821 4220 3051 4271 videtur:

562 4327 671 4359 cum
717 4310 811 4359 hac
854 4314 1027 4359 nostra
1080 4309 1331 4375 imprimis
1366 4317 1550 4372 aetate,
1600 4311 1840 4359 librorum
1878 4312 2022 4374 copia
2056 4309 2112 4359 in
2162 4310 2452 4359 immensam
2478 4309 2598 4370 fere
2635 4314 2824 4357 crescat
2859 4309 3048 4358 molem.

564 4394 739 4461 Neque
776 4397 927 4446 etiam
964 4396 1211 4447 eiusmodi
1246 4414 1498 4460 rece-risus,
1546 4400 1719 4463 may-ni
1751 4396 1894 4459 foret
1929 4414 2071 4457 usus,
2119 4395 2365 4460 siquidem
2399 4396 2574 4459 plures
2621 4389 2761 4446 haud
2809 4402 3050 4445 correctae

564 4484 866 4545 habeantur,
914 4489 960 4533 et
996 4500 1147 4546 saepe
1192 4484 1393 4534 nonnisi
1436 4486 1649 4534 alicuius
1695 4484 1994 4547 antiquioris
2037 4483 2369 4547 repetitiones.
2439 4482 2608 4541 Quare
2645 4482 2709 4531 de
2756 4483 2996 4533 celebri
3003 4500 3050 4531 o·

567 4570 741 4620 ribus
775 4576 968 4621 tantum
1008 4570 1312 4624 editionibus
1348 4570 1413 4621 N.
1460 4570 1534 4631 T.,
1572 4588 1700 4634 quas
1733 4588 1902 4621 rerum
1932 4572 2089 4637 periti
2122 4571 2404 4632 aestimant,
2441 4586 2611 4618 sumus
2645 4571 2828 4618 aduri.
