3309 5300
1121 447 1184 487 De
1207 447 1438 500 Interpret.
1468 450 1510 491 S.
1541 451 1584 492 Β.
1615 451 1857 494 catholica.
2610 450 2746 514 321

220 622 445 697 populi
496 628 736 722 captum
766 624 1010 684 selectas
1041 629 1320 704 quasdam
1350 630 1733 705 pericopas
1777 651 1885 706 per
1930 635 2267 694 homilias
2312 639 2737 716 interpretatus

223 729 333 782 est.
391 729 527 784 Nec
561 727 750 786 ullum
782 729 852 786 ad
886 731 1237 808 exquisitam
1267 731 1322 788 S.
1354 734 1689 792 Literarum
1733 737 2037 795 scientiam
2084 741 2402 799 subsidium
2441 745 2733 819 neglexit;

221 834 661 908 praeterquam
707 834 865 909 quod
908 835 1262 894 hebraeae
1310 835 1550 910 linguae
1597 840 1989 914 cognitionem
2035 844 2327 917 habuerit,
2376 849 2659 928 quidquid
2706 873 2741 911 a

224 934 559 992 Veteribus
579 937 646 993 in
669 938 986 1012 anagogico
1011 939 1066 997 S.
1091 939 1148 998 S.
1177 941 1512 1016 explicandi
1537 961 1750 1015 genere
1774 944 1993 1017 didicit,
2026 947 2297 1021 operibus
2328 951 2447 1008 suis
2471 953 2735 1016 inseruit.

221 1039 602 1097 Immortalis
635 1043 944 1100 memoriae
975 1063 1150 1119 opus
1180 1046 1598 1120 Hexaplare
1629 1049 1901 1125 confecit,
1937 1070 2050 1128 quo
2081 1070 2147 1110 eo
2178 1055 2363 1111 maius
2388 1059 2441 1116 S.
2476 1057 2737 1136 Scriptu-

221 1161 434 1200 rarum
467 1145 564 1201 sui
597 1147 874 1220 temporis
903 1149 1174 1206 studiosis
1205 1151 1501 1223 praestItit
1529 1152 1899 1224 beneficium,
1950 1156 2102 1244 quod
2141 1156 2336 1216 LXX.
2381 1160 2733 1238 interpretes

221 1247 556 1337 inspiratos
581 1249 763 1308 fuisse
793 1256 1091 1325 putarent,
1123 1254 1380 1331 ipsisque
1411 1257 1768 1330 Archetypis
1808 1257 1991 1335 aliqui
2033 1279 2229 1317 eorum
2260 1265 2734 1340 aequipararent.

223 1351 340 1408 Sed
375 1354 545 1411 hanc
578 1353 824 1429 gloriam
856 1356 1190 1416 obscuravit
1221 1353 1491 1432 Origenis
1523 1377 1803 1435 praeceps
1836 1363 1890 1420 S.
1922 1361 1979 1418 S.
2014 1365 2305 1436 tractatiO,
2355 1369 2735 1430 temerarium

226 1456 553 1516 evolvendi
586 1478 827 1518 arcanos
857 1480 1059 1518 sensus
1090 1463 1375 1533 studium3
1425 1464 1723 1538 neglectus
1764 1465 2001 1537 literae3
2051 1464 2300 1545 ἀκρισίας
2348 1491 2489 1528 usus
2538 1494 2735 1533 corru-

223 1566 368 1637 ptae
404 1565 532 1638 ,τῆς
561 1566 748 1636 κοινῆς
781 1561 1072 1633 ἐκδόσεωςί
1104 1567 1167 1624 in
1197 1568 1269 1624 N.
1305 1567 1388 1638 F„
1421 1568 1642 1646 aliique
1673 1568 1891 1627 similes
1922 1589 2163 1630 errores.
2198 1574 2735 1658 Quantumcunque

228 1671 434 1724 autem
460 1669 704 1738 erravit,
737 1672 916 1743 probe
945 1673 1286 1741 tenendum,
1315 1673 1466 1748 quod
1493 1692 1739 1746 magnus
1765 1674 2427 1736 Alexandrinorum
2458 1682 2735 1742 Pontifex

227 1771 494 1828 monuit:
543 1792 715 1850 ,quae
746 1772 850 1831 ille
880 1773 1048 1832 velut
1079 1775 1384 1853 inquirens
1416 1781 1476 1834 et
1506 1777 1813 1851 disputans
1843 1779 2095 1854 scripsit,
2129 1799 2249 1837 non
2280 1781 2365 1838 ita
2395 1785 2733 1861 accipienda

228 1879 385 1946 sunt,
425 1877 600 1952 quasi
631 1877 715 1934 sic
745 1877 870 1952 ipse
899 1879 1164 1951 sentiret,
1197 1881 1295 1938 sed
1329 1899 1403 1938 ex
1435 1900 1636 1938 eorum
1668 1885 1881 1952 mente,
1914 1883 2262 1960 quibuscum
2295 1887 2593 1961 disputat.‘
2662 1899 2665 1902 ’

444 1999 786 2072 Origenis
833 2001 1090 2060 coaevi
1142 2002 1404 2059 fuerant:
1450 2002 1694 2060 Julius
1726 2003 1873 2060 Afr.
1925 2005 2007 2075 ,in
2038 2006 2407 2065 examinibus
2450 2015 2511 2068 et
2553 2031 2729 2089 quae-

229 2101 526 2160 stionibus
559 2105 614 2162 S.
646 2105 700 2161 S.
737 2103 989 2161 multum
1022 2109 1324 2177 versatus‘,
1359 2111 1536 2184 atque
1571 2107 1627 2164 S.
1662 2108 2150 2184 Hippolytus,
2184 2111 2348 2168 cuius
2380 2112 2638 2186 plurima
2666 2116 2730 2172 in

231 2210 284 2267 S.
318 2211 388 2267 L.
424 2208 848 2266 commentaria
877 2210 1028 2267 edax
1059 2229 1255 2267 rerum
1286 2215 1518 2285 tempus
1550 2211 1852 2269 absumsit.
1900 2213 2108 2290 Neque
2151 2213 2239 2270 fas
2288 2219 2377 2272 est
2406 2219 2731 2289 praeterire

233 2313 508 2386 Origenis
545 2308 955 2389 ,ἐργοδιώκτηνι
982 2315 1450 2386 Ambrosium,
1477 2316 1649 2372 Alex.
1677 2317 1748 2395 E.
1776 2317 2100 2398 diaconum,
2137 2318 2238 2395 qui
2268 2320 2447 2376 verbo
2472 2325 2532 2378 et
2556 2341 2730 2396 opere

235 2416 661 2474 Adamantium
707 2417 769 2473 in
819 2418 1278 2476 commentandis
1326 2419 1382 2475 S.
1419 2419 1475 2477 S.
1507 2419 1835 2478 incredibili
1867 2419 2046 2494 plane
2086 2420 2443 2480 liberalitate
2482 2425 2728 2484 adiuvit.

231 2519 653 2598 Dionysium
685 2540 960 2599 quoque
985 2523 1198 2592 Alex„
1229 2523 1564 2594 Pierium,
1597 2544 1639 2580 s,
1670 2524 1954 2581 Petrum
1978 2524 2151 2583 Alex.
2178 2527 2245 2582 E.
2274 2531 2334 2584 et
2357 2527 2729 2604 Didymum

237 2625 660 2697 grammaticae
691 2625 1076 2702 explicationi
1109 2628 1164 2687 S.
1197 2627 1253 2685 S.
1297 2627 1528 2699 favisse,
1573 2627 1889 2704 allegoriae
1934 2633 2131 2688 autem
2175 2631 2421 2689 nimium
2469 2633 2729 2691 studium

234 2728 470 2786 missum
505 2726 703 2787 facere
736 2732 954 2805 cepisse
986 2731 1213 2802 ferunt3
1260 2751 1451 2809 neque
1480 2737 1681 2790 tamen
1726 2734 1767 2790 ii
1814 2739 1999 2806 erant,
2049 2735 2149 2814 qui
2200 2736 2435 2795 scholae
2469 2737 2729 2797 Alexan-

237 2831 439 2891 drinae
471 2834 781 2909 principiis
812 2835 1041 2906 imbuti,
1085 2855 1129 2892 s.
1164 2836 1432 2894 Codicem
1465 2838 1747 2912 mysticae
1780 2837 2209 2913 interpretandi
2240 2840 2455 2898 rationi
2486 2836 2724 2916 prorsus

233 2938 582 2996 renuntiare
620 2940 909 2998 valerent.
967 2940 1155 3013 Magis
1193 2959 1335 2998 vero
1386 2940 1803 3015 allegoriarum
1852 2943 2114 2999 studium
2162 2946 2497 3017 coercuisse,
2548 2950 2727 3024 atque

234 3044 550 3101 removisse
599 3044 874 3101 meritum
926 3048 1014 3101 est
1065 3044 1349 3102 scholae
1393 3045 1899 3103 Antiochenae.
1952 3046 2150 3103 Huius
2194 3048 2429 3105 interim
2460 3049 2727 3107 Alexan-

233 3146 438 3205 drinae
483 3148 838 3222 interpretes
884 3148 1160 3206 memoria
1207 3149 1368 3223 digni
1410 3153 1582 3206 sunt:
1644 3150 2076 3207 Eustachius
2124 3150 2585 3228 Pamphylius
2631 3172 2722 3228 ep.

234 3249 479 3322 Berrh.;
533 3251 590 3308 S.
641 3252 956 3329 Cyrillus
1003 3272 1094 3326 ep.
1142 3253 1330 3323 Hier.,
1389 3254 1490 3330 qui
1548 3254 1620 3310 ad
1677 3254 2009 3312 faciendam
2064 3253 2243 3311 fidem
2287 3255 2342 3312 d.
2391 3256 2725 3330 dogmatum

233 3356 450 3413 multas
485 3358 542 3415 S.
580 3356 634 3412 S.
669 3355 742 3413 U.
776 3357 840 3413 F.
875 3356 1197 3413 sententias
1228 3357 1482 3414 dilucide
1511 3358 1799 3432 exposuit.
1845 3358 1901 3416 S.
1933 3358 2393 3430 AthanasiuS,
2427 3361 2528 3438 qui
2552 3362 2723 3419 Aria-

232 3480 441 3519 norum
474 3460 830 3535 sophismata
861 3460 1196 3536 propellens
1237 3482 1269 3519 e
1299 3444 1356 3519 S.
1391 3460 1626 3539 Litoris,
1660 3462 1847 3519 fusius
1893 3462 2070 3520 etiam
2115 3462 2187 3520 de
2232 3482 2405 3521 sensu
2435 3465 2723 3522 dictorum

231 3567 283 3624 S.
330 3570 401 3625 P.
453 3566 753 3643 loquitur3
806 3565 1174 3623 Psalmorum
1220 3571 1417 3623 autem
1463 3566 1685 3623 librum
1732 3566 2115 3641 singulariter
2160 3567 2389 3625 erudite
2433 3570 2719 3643 exposuit.

232 3670 526 3728 Eusebii
559 3671 718 3731 Caes.
754 3670 1170 3744 interpretatio
1200 3669 1360 3726 vitiis
1394 3670 1628 3747 quidem
1658 3670 1918 3741 laborat3
1968 3671 2066 3728 sed
2098 3669 2287 3727 multa
2316 3674 2517 3729 tamen
2546 3674 2721 3730 etiam

233 3774 470 3848 egregia
499 3774 780 3831 continet.
824 3773 1135 3831 Praeclara
1167 3774 1280 3831 duo
1311 3772 1609 3831 Ecclesiae
1655 3774 1850 3832 sidera
1897 3794 1941 3830 s.
1976 3773 2361 3847 Gregorius
2389 3776 2446 3833 N
2457 3776 2659 3834 azia'n
2671 3796 2720 3833 z.

232 3880 362 3935 ets.
397 3876 712 3935 Basilius
740 3878 820 3933 M.
857 3875 1016 3934 Caes.
1053 3897 1160 3952 ep„
1208 3877 1373 3934 cuius
1419 3877 1484 3934 in
1527 3870 1839 3957 ,ἑξήμερονζ
1875 3878 2171 3947 homiliae,
2220 3876 2411 3935 iudice
2441 3879 2721 3953 Gregorio

231 3981 498 4056 Nysseno
541 4000 667 4051 ,nec
697 3980 855 4051 ullis,
903 3981 1013 4037 nisi
1047 3981 1404 4037 Testamenti
1449 3982 1652 4039 divino
1699 3980 1911 4055 spiritu
1956 3980 2217 4038 dictante
2264 3982 2490 4039 exarati
2536 3980 2719 4038 moni-

232 4086 444 4144 mentis
476 4085 736 4157 cedunt‘3
778 4085 936 4141 inter
964 4085 1305 4159 praecipuos
1335 4084 1554 4143 saeculi
1587 4085 1782 4162 quarti
1814 4089 2296 4143 commentatores
2326 4085 2518 4143 locum
2549 4102 2720 4141 suum

233 4192 494 4247 tuentur.
547 4189 604 4246 S.
639 4188 1026 4263 Gregorius
1056 4190 1274 4264 Nyss.,
1308 4188 1509 4245 Basilii
1541 4190 1622 4245 M.
1657 4189 1847 4245 frater
1876 4209 1935 4246 n.
1970 4209 2061 4259 m.,
2095 4188 2332 4263 ingenio
2364 4194 2424 4246 et
2454 4188 2720 4246 doctrina

232 4310 408 4369 prope
449 4292 732 4370 aequaliS,
773 4292 1107 4367 explicandi
1138 4310 1350 4367 genere
1382 4292 1589 4363 utitur,
1635 4294 1789 4369 quod
1836 4293 1994 4350 haud
2023 4311 2330 4367 perperam
2376 4290 2631 4362 ,illustre
2660 4296 2721 4349 et

232 4394 654 4455 iucunditatem
709 4396 946 4455 auribus
1000 4396 1318 4471 instillans‘
1372 4395 1605 4453 dicitur.
1658 4396 1715 4452 S.
1770 4395 2213 4470 Epiphanius
2276 4391 2717 4471 ,πεντοίγλοττοςι

234 4500 689 4574 cognominatus,
736 4500 827 4557 vir
872 4504 999 4557 erat
1043 4499 1434 4576 Antiquitatis
1474 4501 1529 4558 S.
1579 4499 1823 4574 peritus,
1870 4501 1970 4556 sed
2015 4499 2079 4555 in
2123 4498 2480 4573 temporibus
2510 4496 2718 4556 distin-

233 4604 470 4675 guendis
504 4602 700 4658 minus
731 4607 1054 4673 accuratus,
1087 4602 1150 4659 in
1181 4602 1356 4660 rebus
1387 4603 1767 4659 historiarum
1799 4602 1989 4660 facilis
2019 4602 2090 4659 ad
2124 4603 2497 4660 credendum.

325 4707 537 4754 Danko,
569 4706 687 4746 nist.
713 4707 1006 4747 Revelationis
1029 4706 1220 4747 divinae.
1251 4706 1330 4745 111.
2338 4702 2402 4749 21
