3309 5300
1292 422 1443 468 versio
1471 420 1571 470 τῶν
1598 425 1723 468 Lxx.
2640 395 2763 470 173

289 622 345 658 se
387 599 611 657 moliri:
662 599 713 656 si
757 597 1104 669 versionem,
1156 618 1304 676 quae
1348 597 1415 655 in
1455 600 1726 656 omnibus
1766 598 2041 657 Ecclesiis
2085 599 2152 655 in
2189 617 2299 656 usu
2341 603 2468 655 erat
2511 617 2645 656 cum
2691 601 2760 656 ad

289 709 471 781 ipsum
492 703 883 777 originarium
908 703 1199 760 conferret
1220 703 1624 780 archetypum,
1653 705 1727 760 ad
1751 702 2265 779 interpretationes
2290 701 2562 779 Aquilae,
2590 702 2762 779 Sym-

294 809 472 866 machi
518 812 578 865 et
608 806 1023 864 Theodotionis
1053 810 1446 881 compararet3
1494 807 1704 864 deinde
1744 827 1883 866 vero
1929 808 2087 864 idem
2117 807 2392 880 Origenes
2407 851 2420 878 ,
2469 807 2571 863 ubi
2617 807 2760 884 quid

290 915 511 982 deesset,
553 912 857 968 asteriscos
887 929 1021 968 cum
1062 911 1486 986 praetermissis
1523 912 1767 970 vocibus
1810 911 2080 982 inseruit,
2131 930 2278 988 quae
2324 915 2522 968 autem
2567 909 2763 968 LXX.

290 1021 509 1092 praeter
524 1015 787 1073 Hebraei
810 1015 986 1071 fidem
1002 1015 1349 1073 adiecissent
1367 1015 1631 1090 praefixo
1654 1013 1818 1072 obelo
1841 1015 2118 1089 signavit.
2146 1017 2342 1092 Atque
2364 1016 2507 1072 haec
2531 1015 2766 1091 quidem

290 1121 351 1176 de
393 1119 776 1176 asteriscis
812 1118 885 1195 ·>'<
922 1124 981 1177 et
1010 1118 1190 1176 obelis
1222 1141 1306 1179 Τ
1332 1117 1352 1156 ¹
1381 1120 1619 1176 Veteres
1651 1123 1968 1194 praeeunte
1997 1119 2124 1194 ipso
2152 1120 2508 1176 Adamantio
2528 1115 2552 1156 ²
2583 1119 2766 1175 tradi-

289 1225 492 1281 derunt
509 1219 554 1280 3.
604 1222 724 1281 Ubi
754 1222 897 1300 quid
927 1223 1123 1280 minus
1152 1223 1406 1280 habetur
1428 1223 1494 1281 in
1516 1223 1736 1282 Graeco
1766 1224 1840 1281 ab
1864 1223 2158 1280 Hebraica
2187 1221 2454 1294 veritate,
2485 1223 2764 1297 Origenes

289 1329 351 1385 de
378 1326 767 1385 translatione
796 1327 1209 1385 Theodotionis
1239 1327 1485 1398 addidit,
1534 1332 1594 1385 et
1637 1327 1875 1402 signum
1918 1327 2114 1402 posuit
2157 1327 2521 1398 asterisci,
2569 1327 2633 1384 id
2683 1331 2770 1383 est

286 1431 506 1489 stellam
531 1475 547 1489 .
575 1475 590 1490 .
619 1453 669 1490 .:
724 1432 829 1488 ubi
873 1435 1071 1490 autem
1115 1432 1269 1509 quod
1320 1432 1388 1489 in
1433 1432 1704 1490 Hebraeo
1754 1452 1875 1490 non
1921 1435 2024 1503 est,
2074 1431 2139 1488 in
2183 1431 2420 1490 Graecis
2465 1430 2758 1490 codicibus

284 1535 586 1593 invenitur
637 1536 919 1607 obelon,
974 1537 1038 1592 id
1090 1541 1177 1592 est
1227 1537 1516 1594 iacentem
1568 1537 1908 1612 praeposuit
1958 1535 2298 1610 virgulam.‘
2374 1535 2536 1598 Quae
2589 1535 2758 1609 signa

285 1639 573 1698 concludit
600 1659 647 1696 s.
680 1639 1099 1717 Hieronymus,
1132 1645 1192 1698 et
1220 1640 1287 1698 in
1316 1640 1672 1699 Graecorum
1704 1640 2167 1718 Latinorumque
2198 1640 2562 1716 poematibus
2593 1641 2762 1698 inve-

283 1746 566 1802 niuntur.‘
620 1743 790 1802 Unde
820 1749 880 1802 et
908 1745 983 1801 ab
1013 1745 1264 1820 Origene
1313 1745 1601 1803 translata
1642 1750 1783 1803 sunt
1800 1742 1844 1802 4.
1905 1746 2004 1802 Ad
2052 1745 2165 1802 duo
2203 1749 2399 1802 autem
2421 1744 2614 1819 -signa
2659 1744 2768 1802 illa

284 1850 491 1924 priora,
526 1849 811 1906 accedunt
840 1848 958 1906 alia
988 1850 1101 1906 duo
1136 1849 1530 1907 lemniscus
1574 1855 1635 1906 et
1663 1848 2280 1926 hypolemnichS,
2315 1845 2618 1921 λημνίσκος
2649 1857 2768 1918 -;-,

284 1949 687 2025 ὑπολημνίσκος
716 1975 831 2024 -,-;
874 1973 1023 2030 quae
1052 1955 1323 2031 quamvis
1351 1954 1471 2012 iam
1504 1954 1724 2029 priscos
1768 1974 1813 2011 s.
1846 1954 2050 2010 Patres
2069 1951 2094 1988 5
2132 1952 2522 2024 exercuerint,
2575 1958 2772 2010 tamen

285 2077 453 2134 quam
497 2076 710 2116 revera
760 2057 886 2117 vim
935 2056 1291 2116 habuerint?
1349 2077 1467 2116 non
1518 2077 1932 2136 usquequaque
1985 2062 2230 2116 constat.
2305 2056 2452 2114 Cum
2504 2077 2594 2115 res
2647 2060 2772 2115 tota

286 2166 510 2236 praeter
537 2181 751 2246 nomen
771 2159 812 2233 ⁶,
859 2161 1223 2219 coniecturae
1251 2161 1536 2219 felicitate
1565 2161 1820 2232 nitatur3
1870 2163 2035 2219 nobis
2067 2161 2326 2219 maxime
2356 2161 2464 2220 illa
2490 2159 2512 2198 7
2560 2163 2768 2237 proba-

290 2272 411 2323 tur:
463 2266 780 2340 Origenem
823 2286 957 2325 cum
999 2267 1195 2326 varias
1241 2265 1467 2344 aliquas
1517 2266 1820 2323 Lectiones
1865 2267 1972 2321 τῶν
2012 2265 2209 2323 LXX.
2257 2270 2316 2323 et
2356 2265 2769 2325 Theodotionis

288 2369 497 2428 codices
539 2376 881 2441 assererent,
927 2370 1299 2446 adscripsisse
1344 2369 1789 2440 lemniscum;
1836 2370 2450 2447 hypolemniscum
2503 2390 2643 2429 vero
2693 2371 2767 2428 ad

292 2494 366 2544 ea,
412 2493 560 2551 quae
588 2475 767 2532 solius
811 2479 981 2533 erant
1011 2474 1420 2533 Theodotionis
1466 2473 1697 2532 adiecit.
1759 2475 2186 2533 Continebatur
2215 2476 2358 2532 haec
2403 2477 2662 2532 recensio
2702 2475 2769 2531 in

293 2578 673 2655 Tetraplis,
708 2579 1063 2655 Hexaplis
1092 2585 1152 2636 et
1181 2579 1528 2655 Octaplis,
1563 2579 2058 2653 Origenianorum
2093 2598 2337 2655 operum
2370 2579 2636 2636 omnium
2665 2597 2771 2635 no-

292 2683 583 2741 bilissimis
614 2688 676 2743 et
700 2684 1119 2743 laudatissimis
1140 2681 1181 2743 8.
1237 2684 1325 2741 De
1363 2684 1870 2759 Tetraplorum
1901 2684 2123 2756 ordine,
2160 2685 2343 2762 deque
2372 2685 2772 2759 interpretum

496 2942 534 3008 ¹)
559 2944 727 2992 Juxta
749 2941 947 3008 figuras
973 2941 1171 2992 codicis
1194 2942 1476 2992 Leidensis
1515 2941 1878 3008 origenianae
1908 2938 2225 2990 Octateuchi
2251 2939 2515 3003 editionis,
2552 2941 2774 2990 ineunte

296 3030 502 3081 saeculo
540 3031 727 3095 quinto
764 3030 946 3094 scripti
982 3034 1036 3079 et
1071 3044 1105 3079 a
1142 3028 1201 3079 O.
1239 3028 1608 3091 Tiso-hendorf,
1646 3030 1792 3079 Mon.
1819 3044 1862 3077 s,
1886 3027 2029 3077 ined.
2069 3043 2190 3077 nOV.
2219 3026 2339 3077 coll.
2364 3026 2470 3077 vol.
2494 3028 2590 3076 ΙΙΙ.
2628 3028 2777 3092 Lips.

301 3119 443 3167 1860.
494 3117 625 3167 editi
669 3132 749 3181 pr.
799 3133 851 3182 p.
891 3118 968 3165 16.
1046 3115 1087 3181 ²)
1126 3114 1327 3167 Comm.
1376 3117 1433 3164 in
1467 3115 1656 3165 Matth.
1705 3120 1830 3165 tom.
1867 3116 1983 3175 XV,
2024 3116 2106 3164 14.
2144 3114 2226 3164 ed.
2270 3114 2476 3163 Lomm.
2514 3113 2610 3175 111,
2661 3116 2778 3163 375.

304 3203 344 3267 ³)
380 3202 432 3253 S.
466 3202 823 3268 Epiphanius,
862 3202 927 3251 de
963 3202 1123 3267 pond.
1161 3218 1213 3251 n.
1256 3203 1335 3251 17.
1374 3218 1426 3267 p.
1467 3204 1582 3251 173.
1621 3203 1686 3251 D.
1723 3201 2100 3265 Hieronymus,
2141 3217 2223 3266 ep.
2263 3202 2380 3250 106.
2417 3200 2486 3248 ad
2523 3198 2780 3249 Sunniam

302 3294 353 3339 et
383 3289 669 3339 Fretelam.
704 3306 759 3338 n.
798 3292 845 3339 6.
893 3306 945 3354 p.
984 3290 1102 3338 645.
1175 3288 1219 3355 ⁴)
1256 3288 1339 3338 Cf.
1378 3305 1425 3339 e.
1462 3304 1505 3339 s.
1541 3288 1871 3352 Hieronymi,
1917 3304 2000 3353 ep.
2039 3288 2108 3337 ad
2154 3286 2208 3337 S.
2243 3286 2614 3351 Augustinum,
2664 3288 2779 3349 112,

303 3380 376 3427 19.
424 3393 476 3442 p.
516 3379 633 3427 752.
708 3377 749 3442 ⁵)
788 3376 841 3426 S.
877 3377 1268 3442 Epiphaniam,
1320 3376 1385 3426 de
1434 3376 1593 3441 pond.
1640 3392 1692 3425 n.
1732 3378 1814 3425 17.
1862 3393 1916 3441 p.
1956 3377 2072 3425 173.
2123 3379 2176 3425 et
2225 3373 2278 3424 S.
2314 3374 2576 3424 Isidorum
2624 3375 2780 3439 Hisp.

300 3463 753 3529 Etymologiarum
800 3464 841 3513 Ι.
892 3465 976 3525 21,
1025 3465 1074 3513 5.
1129 3480 1182 3528 p.
1220 3465 1303 3513 96.
1378 3462 1419 3527 ⁶)
1458 3465 1540 3512 De
1588 3479 1694 3528 quo
1749 3463 1873 3513 vide
1925 3462 2200 3527 Hesychii‚
2256 3462 2497 3511 Lexicon
2544 3462 2613 3524 11,
2661 3464 2779 3511 466.

302 3550 337 3616 ⁷)
373 3550 627 3613 Bahrdtii,
679 3556 787 3600 not.
837 3550 906 3599 ad
952 3550 1117 3615 prael.
1168 3550 1354 3600 Montf.
1391 3550 1434 3611 Ι,
1476 3551 1559 3599 85.
1632 3549 1674 3615 ⁸)
1711 3550 1917 3599 Horum
1970 3550 2231 3599 rationem
2286 3550 2686 3599 accuratissime
2737 3564 2778 3597 s.

300 3637 630 3702 Epiphanius
667 3637 901 3699 tradidit,
945 3638 1004 3686 in
1038 3637 1175 3686 libro
1214 3636 1280 3686 de
1315 3636 1639 3701 ponderibus
1679 3641 1732 3685 et
1767 3638 2044 3699 mensuris,
2093 3637 2243 3685 cuius
2291 3637 2454 3701 igitur
2497 3636 2782 3701 praecipue

302 3725 521 3789 vestigia
557 3725 713 3789 sequi
758 3725 813 3773 in
856 3726 922 3774 iis
960 3724 1324 3775 describendis
1362 3723 1702 3789 origenianis
1747 3723 1898 3774 libris
1937 3723 2104 3773 decet.
2166 3722 2244 3772 Ac
2280 3723 2535 3789 Tetrapla
2571 3723 2783 3788 quidem

300 3810 546 3861 distincta
582 3811 751 3861 fuisse
788 3812 855 3861 ab
894 3810 1171 3875 Hexaplis,
1208 3815 1469 3861 testantur
1505 3826 1546 3860 s.
1584 3810 1938 3876 Epiphanius,
1976 3810 2041 3860 de
2077 3810 2237 3875 pond.
2274 3826 2338 3883 11.x
2367 3812 2448 3861 19.
2485 3827 2536 3875 p.
2578 3812 2692 3859 175.
2731 3814 2784 3859 et

298 3898 581 3961 Eusebius,
629 3898 769 3948 Hist.
808 3898 955 3948 Eccl.
993 3898 1087 3961 VI,
1127 3900 1208 3948 16.
1256 3915 1308 3963 p.
1346 3900 1465 3949 218.
1512 3897 1775 3963 Hexaplis
1811 3898 2068 3963 Tetrapla
2115 3898 2276 3947 etiam
2317 3902 2554 3961 tempore
2604 3897 2782 3961 priora

298 3985 517 4035 fuerant.
573 3986 921 4052 Tetrapla,
960 3982 1217 4052 Τετραπλᾶ
1262 4001 1359 4035 seu
1406 3982 1704 4052 τετραπλοῦν
1742 4002 1808 4035 ex
1843 3990 2036 4034 natura
2080 4000 2180 4034 sua
2215 3984 2417 4034 indicat
2452 3982 2782 4049 quadruplex

296 4069 662 4139 τετρασέλιδον,
710 4072 853 4122 unde
892 4074 1050 4122 etiam
1088 4088 1123 4122 a
1158 4089 1266 4123 non
1304 4073 1491 4137 paucis
1529 4070 1752 4121 Graecis
1796 4072 1910 4121 sive
1959 4071 2402 4137 „quadruplex
2447 4069 2780 4120 columna“

301 4158 614 4224 adpellatur.
680 4154 914 4220 Ἓξαπλᾶ,
953 4154 1203 4221 ἑξαπλοῦν,
1243 4154 1535 4219 ἑξασέλιδον,
1572 4174 1708 4224 opus
1735 4162 1816 4208 est
1839 4174 1933 4208 sex
1958 4158 2339 4208 columnarum.
2376 4154 2690 4222 Tetrapla
2726 4171 2783 4206 se

298 4247 480 4309 prius
520 4245 768 4308 edidisse,
808 4260 967 4311 quam
1002 4245 1303 4311 Hexapla
1338 4244 1465 4294 dicit
1499 4246 1615 4309 ipse
1654 4244 1930 4310 Origenes.
1969 4244 2050 4295 Cf.
2088 4249 2196 4295 not.
2235 4244 2304 4294 ad
2343 4243 2474 4293 Gen.
2501 4245 2585 4305 47,
2615 4245 2661 4291 6.
2701 4241 2782 4292 ed.

300 4331 483 4382 Montf.
520 4332 563 4394 I,
603 4334 686 4382 52.
750 4332 907 4393 Quod
940 4332 1084 4381 idem
1121 4333 1278 4382 etiam
1325 4332 1449 4381 inde
1488 4331 1721 4395 elicitur3
1774 4330 2058 4397 Origenem
2096 4332 2216 4382 coll.
2253 4331 2340 4380 Ps.
2379 4331 2462 4392 86,
2501 4331 2549 4379 5.
2585 4331 2628 4391 I,
2667 4332 2783 4379 602.

305 4419 357 4467 in
390 4419 657 4484 Tetraplis
683 4419 849 4468 LXX.
889 4434 998 4467 non
1036 4420 1345 4481 correxisse,
1382 4418 1477 4467 sed
1514 4417 1702 4483 quales
1737 4419 1792 4465 in
1830 4418 2040 4483 optimis
2077 4433 2200 4468 mss.
2237 4418 2436 4481 reperit
2469 4418 2783 4481 inseruisse3

303 4506 341 4553 si
379 4521 443 4555 ea
476 4506 533 4554 in
570 4506 799 4570 gratiam
836 4505 1193 4555 studiosorum
1227 4505 1455 4555 fuissent
1489 4507 1741 4569 separata
1775 4520 1840 4553 ex
1864 4503 2138 4570 Hexaplis,
2177 4508 2378 4553 textum
2414 4502 2513 4551 ‘cdiv
2551 4497 2576 4550 ό
2615 4502 2787 4552 ordini

305 4607 395 4641 suo
430 4596 730 4644 restitutum
772 4608 901 4657 prae
938 4608 995 4643 se
1032 4592 1292 4644 tulissent.
1346 4592 1572 4642 Accedit
1606 4592 1968 4641 testimonium
2006 4607 2114 4641 non
2148 4592 2302 4656 parvi
2338 4591 2604 4652 momenti,
2644 4572 2785 4655 quod
