3309 5300
1242 391 1381 441 Leges
1409 391 1595 432 Criticae
1623 393 1789 432 Sacrae.
2640 385 2764 449 135

256 567 579 616 monasticis
611 568 681 631 H,
712 572 791 619 13.
824 586 874 635 p.
901 573 1019 620 539.
1046 588 1087 620 s.
1144 571 1302 621 Certo
1341 572 1551 636 quidem
1588 572 1785 621 certius
1823 576 1918 634 est,
1957 587 2077 620 cum
2114 571 2182 620 de
2219 573 2454 622 scientiis
2491 573 2753 637 humanis,

258 651 329 700 de
358 653 618 718 Historia,
646 656 714 705 de
742 656 1105 724 Chronologia
1128 663 1184 707 et
1207 659 1325 708 aliis
1353 659 1612 708 eiusmodi
1643 659 1913 723 negotium
1943 664 2050 707 est:
2078 661 2450 708 auctoritatem
2475 677 2516 710 s.
2545 675 2584 710 S.
2612 661 2671 710 P.
2699 662 2758 710 P.
2835 647 2842 654 ⁴

261 743 319 787 et
359 739 411 788 S.
451 741 518 790 E.
557 746 696 792 tanti
731 743 846 793 fieri
883 745 1174 807 dumtaxat,
1228 747 1413 811 quanti
1460 750 1585 795 sunt
1620 750 1903 807 momenta,
1943 746 2138 810 quibus
2181 745 2400 795 fulcitur
2437 763 2618 796 eorum
2657 748 2756 796 dis-

258 827 503 890 quisitio.
576 830 662 878 De
709 831 792 879 his
838 831 997 881 rebus
1049 847 1175 880 vera
1229 832 1508 881 manifeste
1562 831 1912 894 tradentibuS,
1968 847 2122 881 nemo
2173 832 2383 882 dubitat
2433 832 2592 882 fidem
2643 850 2760 884 esse

257 912 696 981 adiungendam3
752 917 1058 982 posthabito
1106 933 1148 966 s.
1186 919 1361 967 Patris
1404 920 1563 967 etiam
1614 924 1667 967 et
1715 918 1999 982 Scriptoris
2046 918 2324 968 Ecclesiae
2374 919 2591 970 iudicio.
2655 920 2760 969 Sed

256 1006 417 1050 extra
454 1006 872 1054 controversiam
910 1010 991 1055 est
1026 1019 1213 1069 porro:
1250 1007 1307 1054 in
1345 1005 1520 1054 Sacris
1546 1006 1741 1054 Literis
1778 1005 2094 1066 iudicandis,
2133 1020 2174 1054 s.
2199 1005 2416 1054 Pati-um
2448 1012 2502 1054 et
2527 1007 2758 1072 Scripto-

254 1103 379 1136 rum
418 1089 927 1141 Ecclesiasticorum
962 1093 1279 1142 testimoniis
1323 1091 1797 1157 obtemperandum
1833 1107 1978 1155 esse3
2029 1093 2244 1141 attentis
2283 1098 2337 1141 et
2371 1094 2426 1140 in
2463 1081 2758 1143 subsidium

256 1177 476 1224 vocatis
526 1176 647 1226 aliis
699 1178 942 1226 omnibus
992 1179 1152 1227 etiam
1202 1178 1546 1240 adiumentis,
1598 1193 1737 1243 quae
1786 1183 2015 1243 praesto·
2042 1183 2180 1240 sunt.
2244 1178 2551 1229 Sententiae
2601 1181 2757 1231 huius

256 1261 574 1312 observatio
624 1267 997 1314 necessitatem
1044 1264 1232 1327 habet,
1285 1281 1407 1314 cum
1454 1267 1511 1314 in
1558 1265 1794 1330 scopulis
1832 1264 2125 1325 evitandis,
2175 1269 2287 1314 tum
2333 1266 2389 1314 in
2429 1268 2758 1317 ostendenda

256 1363 395 1412 erga
432 1365 475 1398 s.
513 1350 703 1401 Patres
742 1350 1147 1418 scriptoresque
1182 1352 1461 1402 Ecclesiae
1498 1353 1859 1402 observantia.
2379 1417 2384 1422 ι

484 1436 586 1496 Qui
630 1451 751 1487 vero
785 1437 923 1501 fines
965 1440 1087 1488 istos
1126 1438 1656 1503 praetergradiamur,
1705 1444 1754 1488 et
1795 1436 2046 1501 imprimis
2091 1437 2399 1500 Oriticae,
2455 1457 2584 1503 quae
2631 1459 2758 1490 con-

252 1524 617 1573 iecturalis
664 1524 827 1587 audit,
864 1525 1156 1591 indulgent,-
1202 1526 1259 1576 hi
1290 1527 1564 1576 abutuntur
1604 1525 1808 1588 Oritica,
1850 1525 1955 1575 sive
2002 1524 2204 1590 indigni
2232 1528 2401 1590 potius
2443 1533 2560 1576 sunt
2597 1528 2758 1578 critici

252 1611 477 1660 nomine.
528 1611 627 1662 Vix
662 1617 831 1662 tamen
854 1611 1132 1677 quidquam
1168 1611 1317 1663 hodie
1350 1611 1481 1662 adeo
1515 1612 1748 1673 invaluit,
1787 1629 1938 1675 quam
1965 1610 2152 1662 C'vitica
2176 1612 2538 1663 coniecturalis.
2591 1615 2758 1664 Tanta

250 1700 457 1758 passim
492 1700 548 1747 in
584 1699 676 1748 hoe
706 1716 889 1763 qenere
925 1701 1141 1749 sumitur
1184 1700 1407 1761 libertas,
1455 1701 1681 1763 tantique
1728 1701 2100 1749 committuntur
2146 1699 2331 1749 abusus
2343 1719 2362 1761 ,-
2407 1706 2461 1750 ut
2495 1700 2550 1750 in
2585 1704 2756 1766 aprico

252 1783 335 1846 sit,
377 1787 581 1835 maiora
608 1789 865 1850 pruritum
902 1787 1129 1836 cviticum
1164 1789 1348 1836 animis
1382 1786 1579 1849 inferre
1603 1785 1946 1850 praeiudicia,
1990 1803 2140 1850 quam
2175 1786 2386 1850 adscire
2413 1793 2580 1851 potest
2615 1804 2758 1838 error

251 1877 301 1920 et
340 1873 657 1936 ignorantia.
720 1872 1141 1937 Quandoquidem
1177 1879 1382 1934 remota,
1418 1888 1547 1937 quae
1580 1872 1720 1922 decet
1755 1872 2164 1938 Hayioqraphos,
2201 1873 2289 1937 qui
2323 1873 2495 1922 divino
2533 1873 2756 1938 Spiritus

254 1956 446 2008 Sancti
468 1959 656 2022 afflatu
679 1962 913 2010 concitati
936 1960 1269 2024 loquebantur
1290 1959 1590 2023 reverentia,
1628 1959 1907 2010 temeritate
1942 1965 2093 2024 atque
2119 1960 2318 2010 licentia
2353 1977 2452 2010 non
2491 1962 2758 2012 toleranda

245 2062 453 2108 pronas
487 2046 745 2096 remittunt
776 2047 1082 2109 phantasiae
1116 2047 1219 2096 viri
1252 2047 1338 2097 isti
1371 2047 1608 2096 habenas.
1658 2045 1821 2094 Haud
1851 2046 2008 2110 pauci
2041 2052 2324 2096 nostrorum
2361 2046 2559 2097 dierum
2595 2047 2757 2098 critici

250 2129 470 2194 audent,
495 2150 590 2197 quo
610 2133 855 2183 libertatis
869 2134 983 2197 fert
1000 2133 1228 2198 impetus,
1252 2150 1353 2183 non
1372 2133 1531 2183 solum
1548 2134 1605 2181 in
1621 2132 1770 2182 rebus
1783 2135 2126 2196 qrammaticis
2156 2138 2200 2181 et
2215 2133 2532 2198 philotoqicis
2543 2153 2562 2196 ‚·
2585 2151 2753 2184 verum

250 2219 417 2267 etiam
440 2219 495 2268 in
518 2219 643 2283 ipsis
667 2219 803 2283 fidei
824 2219 1141 2285 dogmatibus
1169 2219 1473 2283 confidenter
1496 2218 1771 2268 decisiones
1795 2217 2012 2283 effutire.
2063 2217 2197 2278 Quos
2221 2219 2441 2270 homines
2464 2221 2565 2270 nisi
2587 2228 2753 2272 aucto-

250 2306 403 2354 ribus
434 2307 678 2370 profanis
712 2305 979 2356 versandi-9
1012 2306 1338 2369 assuefactos,
1376 2324 1411 2354 a
1448 2304 1611 2356 Sacra
1648 2303 1837 2354 Gitica
1873 2304 2170 2366 amolimur,·
2206 2313 2355 2370 atque
2379 2323 2436 2356 eo
2457 2308 2752 2373 releqamus‚

248 2393 349 2442 ubi
382 2409 589 2457 canipus
615 2399 763 2455 patet
809 2392 1110 2456 liberrimus,
1157 2394 1245 2443 ubi
1269 2393 1433 2456 frena
1468 2393 1645 2442 laaeare
1683 2391 1900 2456 inqenio,
1947 2407 2008 2439 ac
2051 2394 2257 2441 minimo
2292 2409 2502 2456 peccare
2539 2401 2752 2458 possunt

242 2479 501 2543 periculo.
562 2479 631 2529 Et
669 2497 781 2529 cum
811 2482 1114 2544 praesertim
1152 2479 1205 2529 in
1242 2479 1500 2529 Divinis
1546 2478 2003 2541 Voluminibus‚
2053 2479 2275 2543 quibus
2309 2480 2476 2530 nulli
2511 2497 2574 2532 ex
2611 2499 2755 2531 casca

250 2566 565 2631 antiquitate
600 2567 1040 2619 correctiores
1075 2567 1147 2616 ad
1182 2584 1274 2617 nos
1300 2571 1662 2630 pervenerunt,
1699 2582 1828 2630 quae
1861 2572 2128 2630 supersunt
2163 2566 2411 2617 codicibus
2420 2586 2438 2628 ,⁰
2473 2568 2658 2618 menda
2695 2586 2754 2620 ea

252 2671 425 2719 neque
461 2654 589 2705 adeo
623 2654 839 2720 copiosa,
876 2671 1035 2719 neque
1058 2654 1189 2706 adeo
1212 2655 1483 2719 desperata
1516 2658 1615 2705 sint
1626 2672 1645 2715 ;
1681 2660 1736 2703 ut
1771 2671 1806 2702 a
1835 2653 2020 2704 criticis
2054 2656 2273 2705 sanioris
2308 2654 2565 2705 doctrinae
2601 2656 2755 2707 laude

252 2741 540 2807 insiqnibus
563 2759 665 2791 non
680 2742 883 2805 possint
908 2742 1136 2806 feliciter
1168 2742 1349 2791 sanari
1358 2760 1375 2791 .·
1409 2742 1631 2791 maximo
1657 2740 1862 2804 quidem
1897 2740 2008 2791 iure
2042 2740 2203 2790 critici
2235 2743 2322 2791 isti
2347 2742 2566 2806 profani
2588 2746 2752 2793 reiici-

254 2836 431 2878 untur.
494 2828 827 2889 Quamobrem
874 2835 919 2879 et
954 2828 1283 2895 eyreqiam
1330 2828 1557 2892 aliquam
1594 2844 1862 2891 censemus,
1911 2833 1959 2877 et
1995 2844 2364 2890 perversam
2412 2828 2603 2878 aliam
2649 2847 2754 2880 esse

256 2914 580 2966 C'riticam.
629 2916 739 2965 Illa
774 2915 1043 2979 beneficum
1080 2914 1336 2979 quoddam
1372 2916 1539 2965 lumen
1563 2920 1650 2977 est,
1689 2916 1981 2965 illuminans
2015 2914 2074 2963 id
2099 2914 2232 2978 quod
2267 2933 2301 2964 a
2323 2916 2568 2979 scriptore
2594 2916 2753 2981 profi-

254 3001 491 3063 ciscitur3
540 3003 663 3053 haec
708 3010 877 3054 autem
922 3018 1164 3052 venenum
1212 3000 1469 3066 quoddam
1501 3002 1728 3067 periculo
1754 3003 1991 3065 plenum,
2041 3001 2176 3067 quod
2201 3007 2474 3066 postquam
2509 3005 2754 3053 rationem

254 3089 501 3153 corrupit,
538 3090 691 3140 etiam
724 3077 909 3139 iustum
945 3088 1187 3139 iudicium
1221 3106 1373 3153 super
1410 3088 1465 3139 S.
1494 3088 1674 3138 Libros
1704 3088 2014 3154 pessumdat.
2086 3088 2230 3139 Unde
2266 3088 2401 3153 quod
2436 3089 2646 3139 nimium
2681 3096 2753 3140 est
2833 3144 2838 3149 ,

256 3175 501 3238 On‘ticae,
549 3183 794 3226 taxarunt
840 3175 991 3227 etiam
1025 3178 1127 3225 viri
1161 3176 1456 3225 acatholici.-
1503 3175 1555 3225 J.
1593 3174 1655 3225 L.
1692 3174 1756 3224 M
1765 3175 1998 3224 oshemi
2005 3192 2104 3235 us,
2149 3174 2347 3225 Observ.
2387 3193 2516 3225 sacr.
2555 3182 2601 3226 et
2637 3177 2750 3226 hist.

255 3266 371 3314 crit.
398 3262 611 3314 Amstel.
644 3265 792 3312 1721.
833 3263 878 3325 I,
906 3265 1027 3313 430.
1054 3281 1095 3312 s.
1143 3262 1205 3313 L.
1234 3262 1289 3316 0.
1326 3262 1719 3323 Valkenaer,
1758 3280 1833 3312 or.
1868 3262 1933 3312 de
1971 3261 2021 3312 S.
2049 3262 2115 3313 N.
2144 3263 2202 3312 F.
2247 3262 2426 3313 Critice
2461 3281 2494 3313 a
2530 3264 2752 3314 literato-

252 3352 403 3401 ribus
439 3368 561 3414 quos
596 3350 774 3400 dicunt
808 3368 911 3399 non
946 3350 1241 3401 exercenda.
1278 3350 1527 3415 Franecq.
1564 3352 1718 3399 1745.
1760 3367 1814 3415 p.
1844 3352 1928 3400 44.
1955 3367 1995 3399 s.
2054 3349 2106 3399 J.
2144 3350 2216 3400 D.
2259 3349 2492 3413 Titius,
2532 3350 2596 3400 de
2627 3368 2748 3415 pru-

254 3437 441 3489 dentia
474 3441 531 3487 in
566 3437 801 3502 disquisit
837 3434 943 3488 αὖθ.
980 3436 1032 3487 d.
1068 3437 1257 3487 Joann.
1295 3437 1340 3487 Ι.
1380 3440 1431 3499 5,
1458 3439 1507 3491 7.
1541 3436 1876 3487 observanda.
1924 3436 2060 3486 Witt.
2087 3439 2242 3485 1766.
2272 3454 2328 3502 p.
2353 3440 2400 3486 9.
2425 3454 2465 3485 s.
2509 3437 2749 3502 Datlpe,

254 3524 323 3575 de
361 3524 668 3588 difficultate
704 3529 781 3575 rei
815 3524 1031 3585 criticae,
1069 3524 1124 3575 in
1160 3542 1325 3589 opusc.
1343 3542 1404 3587 p.
1432 3527 1514 3575 66.
1539 3542 1579 3574 s.
1628 3524 1680 3573 J.
1705 3523 1756 3575 J.
1784 3522 2050 3585 Doedes,
2087 3541 2158 3573 or.
2197 3523 2261 3574 de
2302 3523 2492 3573 Oritica
2528 3524 2751 3574 studiose

254 3629 293 3661 a
332 3611 601 3677 Theoloqis
636 3611 930 3663 exercenda.
975 3610 1113 3661 Trai.
1154 3611 1226 3660 ad
1261 3612 1360 3661 Rlz.
1398 3613 1552 3661 1859.
1581 3628 1641 3675 p.
1679 3614 1726 3661 9.
1764 3628 1805 3660 s.

482 3699 545 3750 Ut
580 3698 737 3765 igitur
775 3698 1028 3749 Gritica
1074 3698 1363 3763 leqitima
1404 3700 1485 3760 sit,
1532 3715 1721 3761 suoque
1755 3700 1954 3749 nomine
1991 3696 2165 3763 diyna,
2211 3699 2467 3748 cautiones
2503 3696 2752 3761 quasdam

252 3786 499 3838 observet.
537 3784 744 3851 Oportet
778 3803 827 3835 a.
854 3791 908 3835 ut
942 3801 1024 3837 res
1059 3784 1339 3835 iudicanda
1371 3784 1438 3835 sit
1473 3783 1538 3835 de
1574 3784 1849 3835 iudicantis
1883 3787 2223 3848 competentia.
2262 3784 2307 3834 b.
2335 3783 2509 3834 Judeae
2533 3783 2749 3833 debitam

252 3872 504 3923 adhibeat
538 3872 871 3937 diliqentiam,
917 3880 973 3922 ut
1007 3878 1157 3923 semet
1204 3872 1301 3923 rite
1346 3872 1583 3936 informet
1616 3871 1682 3921 de
1704 3888 1775 3931 ‚re
1810 3870 2107 3921 iudicanda.
2156 3888 2196 3920 c.
2234 3870 2521 3935 Numquam
2565 3870 2751 3921 iudicet

252 3960 447 4024 absque
498 3960 729 4025 congruis
771 3962 1081 4023 praemissis.
1142 3958 1192 4008 d.
1231 3958 1405 4009 Nullis
1448 3957 1784 4023 praeiudiciis
1826 3964 2069 4021 teneatur,
2110 3958 2348 4021 nulloque
2383 3956 2568 4022 affectu
2599 3973 2748 4021 prae-

250 4052 457 4111 postero
502 4046 751 4111 capiatur.
810 4046 947 4097 Istae
994 4048 1117 4096 recti
1161 4045 1343 4095 iudicii
1386 4045 1696 4095 conditiones
1737 4046 2066 4109 requiruntur
2101 4044 2156 4094 in
2193 4042 2357 4094 Oriti
2365 4060 2434 4093 ca
2469 4044 2523 4094 S.
2573 4044 2630 4095 U.
2674 4042 2748 4103 T„

257 4150 391 4198 quae
432 4149 614 4185 revera
646 4132 776 4184 nihil
810 4132 958 4183 aliud
993 4139 1097 4184 est.-
1133 4150 1285 4197 quam
1318 4132 1641 4183 iudicium
1678 4130 1933 4197 quoddam
1969 4131 2394 4195 applicatum.
