3309 5300
1178 452 1241 493 De
1268 452 1494 504 Interpret.
1523 453 1567 494 s.
1596 454 1640 494 s.
1671 453 1910 495 Catholiea.
2659 441 2788 507 333

289 626 362 682 de
408 627 733 703 multiplici
780 629 957 685 unius
1017 630 1391 709 eiusdemque
1434 632 1491 689 S.
1538 630 1875 706 Scripturas
1924 633 2036 691 loci
2081 633 2486 707 excogitarint.
2561 633 2799 711 Ubique

289 750 435 789 vero
484 732 553 789 in
584 732 641 789 S.
674 731 881 790 Codice
926 734 1261 791 testimonia
1306 739 1367 791 et
1410 735 1683 810 exempla
1728 742 2028 813 quaerunt
2057 736 2316 811 reperire
2363 758 2564 795 earum
2609 738 2798 795 notio-

290 854 457 905 num,
510 856 667 925 quas·
700 836 1021 911 Theologia
1066 837 1456 913 speculativa,
1517 843 1586 896 ut
1644 839 2034 897 fundamenta
2090 860 2230 898 suae
2285 841 2796 899 demonstrationis

289 940 515 1015 posuit.
580 942 751 1000 Unde
783 942 1179 1000 concludunt:
1226 943 1749 1018 Theologorum
1794 944 2415 1003 scholasticorum
2447 950 2517 1003 et
2547 945 2797 1022 Mysti-

292 1063 543 1102 corum
590 1046 1261 1121 interpretationes
1307 1046 1499 1105 nihil
1545 1048 1876 1106 conferre
1921 1050 2002 1106 ad
2042 1048 2274 1107 lucem
2307 1047 2360 1107 S.
2392 1050 2798 1124 Scripturis

291 1149 871 1221 adfundendam;
940 1151 1111 1228 quin
1179 1152 1313 1209 imo
1378 1154 1724 1210 tenebras
1791 1152 1880 1209 iis
1949 1152 2355 1226 offundere,
2425 1153 2797 1233 lucemque

292 1254 637 1313 adimere.
701 1255 879 1314 Hisce
918 1258 979 1311 et
1019 1256 1219 1313 multis
1266 1254 1416 1327 aliis,
1462 1275 1581 1313 non
1628 1260 1749 1313 tam
1785 1256 2251 1317 accusationibus
2298 1277 2472 1335 quam
2518 1257 2798 1333 probris

290 1361 353 1415 et
400 1358 719 1416 calumniis
764 1359 1116 1417 occurrimus
1148 1364 1325 1437 atque
1355 1361 1806 1435 respondemus:
1852 1362 2174 1438 Utriusque
2219 1362 2460 1437 linguae
2506 1363 2794 1429 hebraeae

293 1466 355 1518 et
404 1482 658 1537 graecae
702 1463 1008 1539 praesidiis
1036 1462 1363 1539 Theologos
1406 1464 1779 1522 scholasticos
1826 1466 2135 1523 destitutos
2181 1465 2378 1537 fuisse,
2425 1466 2514 1523 uti
2557 1466 2623 1524 in
2665 1467 2797 1523 uni-

293 1586 543 1626 versum
591 1588 711 1626 non
758 1568 1101 1640 diffitemur,
1148 1568 1233 1626 ita
1264 1570 1416 1645 quod
1462 1570 1534 1627 ad
1584 1570 1902 1627 nonnullos
1933 1602 2020 1610 —-
2051 1571 2106 1628 d.
2140 1589 2193 1647 q.
2226 1590 2280 1627 v.
2313 1590 2357 1627 s,
2393 1569 2434 1627 l.
2467 1604 2548 1611 —
2581 1570 2800 1629 attinet

296 1690 609 1745 negamus
656 1671 805 1735 Prae
838 1672 1105 1731 omnibus
1140 1677 1335 1730 autem
1365 1673 1426 1729 in
1460 1674 1776 1731 eorundem
1809 1673 1974 1741 libris
2005 1674 2521 1732 aestimandam
2555 1674 2798 1732 dicimus

293 1776 569 1833 Rerum
629 1777 1062 1835 Divinarum
1122 1778 1520 1835 scientiam.
1600 1780 1674 1835 In
1734 1780 1847 1835 hac
1906 1782 2103 1835 autem
2160 1777 2408 1836 scientia
2450 1778 2798 1837 excelluisse

294 1880 621 1955 scriptores
668 1881 843 1939 medii
890 1881 1036 1952 aevi,
1084 1887 1429 1955 argumento
1486 1885 1627 1938 sunt
1671 1880 2006 1957 scripta-ab
2053 1882 2192 1957 ipsis
2239 1886 2500 1941 exarata.
2579 1882 2797 1945 Quodsi

293 1983 361 2040 in
397 1985 705 2063 plerisque
750 2005 948 2043 eorum
994 1991 1293 2060 arguatur,
1341 1985 1662 2042 sententias
1708 1986 1875 2043 modo
1922 1986 1978 2045 S.
2010 1988 2072 2043 P.
2109 1992 2170 2044 et
2213 1986 2268 2043 S.
2305 1988 2382 2043 E.·
2421 1986 2795 2061 compilasse3

292 2088 411 2146 hoc
460 2090 786 2163 generatim
830 2109 951 2147 non
998 2090 1341 2173 adducimus
1386 2090 1449 2145 in
1496 2090 1759 2161 dubium,
1821 2091 1924 2147 sed
1973 2110 2046 2147 ex
2091 2090 2368 2163 temporis
2415 2091 2794 2148 circumstan-

295 2192 640 2271 tiarumque
670 2212 911 2251 suarum
939 2198 1157 2251 natura
1195 2194 1574 2269 explicamus.
1622 2193 1765 2250 Cum
1798 2193 1860 2250 in
1889 2193 2344 2269 profundissimo
2377 2196 2432 2253 S.
2463 2194 2796 2252 Literarum

299 2315 525 2354 oceano
588 2317 759 2355 nemo
821 2302 985 2355 tutus
1046 2298 1181 2355 vela
1240 2298 1444 2369 faciat,
1507 2298 1621 2354 nisi
1679 2297 1735 2354 S.
1794 2299 1857 2356 P.
1912 2301 1973 2355 et
2030 2297 2085 2356 S.
2143 2299 2210 2355 E.
2280 2297 2543 2356 doctrina
2607 2298 2798 2356 veluti

298 2402 575 2459 secundis
620 2403 825 2459 ventis
857 2404 1251 2478 provehatur3
1299 2406 1479 2479 atque
1522 2402 1728 2459 iisdem
1759 2402 1832 2459 ad
1865 2402 2100 2460 clavum
2145 2403 2486 2461 sedentibus
2531 2404 2604 2461 ab
2637 2422 2794 2460 erro-

298 2526 437 2563 rum
494 2506 747 2581 scopulis
798 2508 1119 2565 liberetur:
1174 2506 1315 2564 hinc
1372 2505 1653 2580 Theologi
1719 2506 1896 2564 huius
1951 2506 2081 2565 aevi
2144 2506 2208 2563 in
2261 2506 2584 2565 sententias
2631 2506 2686 2563 S.
2732 2506 2796 2563 P.
2869 2529 2876 2533 ·

302 2609 626 2685 diligenter
670 2610 1069 2694 inquirebant,
1116 2630 1213 2668 eas
1258 2610 1571 2669 subtilibus
1618 2609 2115 2686 disputationibus
2161 2613 2530 2670 exornarunt
2574 2614 2635 2669 et
2663 2610 2796 2669 feli-

300 2714 453 2772 citer
514 2716 964 2774 concinnarunt.
1041 2713 1206 2776 Quae
1266 2718 1320 2776 S.
1366 2716 1423 2774 S.
1490 2716 1617 2773 loca
1681 2717 1752 2773 ad
1813 2715 2155 2774 imbuendos
2216 2715 2418 2774 fideles
2479 2715 2530 2772 d.
2578 2713 2796 2773 Codicis

298 2819 589 2890 doctrina,
637 2821 710 2877 ad
740 2821 1085 2878 Haereticos
1116 2821 1489 2898 Judaeosque
1534 2819 1892 2878 refellendos
1936 2820 2260 2878 necessaria
2289 2820 2572 2894 'fuerant3
2615 2819 2797 2877 Vetus

298 2923 359 2981 S.
410 2924 735 2982 Bibliorum
782 2924 1193 2998 interpretatio
1246 2925 1478 2996 Latina,
1524 2925 1665 3000 ipsis
1711 2925 2074 2982 sufficienter
2134 2925 2416 2983 exhibere
2460 2924 2791 2983 videbatur.

299 3029 557 3088 Accedit
600 3031 955 3104 interpretes
1000 3029 1139 3086 istos
1183 3029 1303 3086 alia
1346 3029 1607 3087 subsidia
1652 3029 1892 3087 minime
1936 3030 2284 3103 neglexisse,
2327 3030 2541 3106 quibus
2573 3029 2794 3086 Textus

298 3133 575 3209 inspirati
607 3153 841 3191 sensum
874 3137 933 3190 et
962 3133 1079 3192 vim
1112 3133 1413 3208 explicare
1444 3133 1602 3192 licet.
1648 3133 1744 3190 Sic
1775 3132 2236 3209 chronologiam,
2279 3131 2793 3207 chorographiam,

297 3237 628 3309 Historias3
675 3237 909 3314 aliaque
954 3239 1011 3294 id
1058 3257 1243 3312 genus
1287 3239 1629 3295 adiumenta
1670 3239 1733 3295 in
1773 3231 1961 3295 usum*
1991 3258 2161 3294 suum
2207 3237 2442 3295 omnino
2489 3239 2794 3294 converte-

299 3346 464 3399 runt.
524 3342 922 3419 Explicabant
966 3361 1138 3416 saepe
1182 3361 1459 3417 prospero
1504 3362 1772 3400 successu
1819 3363 2006 3400 unum
2046 3343 2236 3400 locum
2268 3341 2324 3399 S.
2356 3341 2796 3416 Scripturarum

298 3465 409 3522 per
452 3446 597 3504 alios
636 3447 872 3504 similes,
933 3447 1205 3504 Eruditio
1244 3447 1460 3504 Critica
1504 3447 1881 3525 studiumque
1925 3447 2266 3520 linguarum
2312 3445 2537 3503 tardius
2581 3444 2794 3503 florere

297 3552 475 3627 cepit,
523 3551 625 3608 ubi
669 3551 901 3609 saeculo
946 3551 1113 3607 XIV.
1164 3555 1223 3608 et
1267 3551 1448 3626 magis
1494 3553 1689 3609 adhuc
1737 3551 1890 3622 XV„
1937 3549 2143 3608 Graeci
2175 3570 2250 3608 ex
2279 3548 2528 3624 imperio
2561 3549 2791 3625 Byzan·

296 3656 429 3713 tino
459 3655 693 3730 profugi
720 3674 853 3713 cum
878 3673 1086 3729 graeca
1110 3654 1317 3728 lingua
1340 3654 1515 3730 simul
1539 3650 1846 3712 literarum
1879 3654 2354 3728 graecanicarum
2387 3653 2656 3711 notitiam
2687 3672 2794 3727 per

298 3759 599 3834 Europam
633 3758 1109 3816 disseminarunt.
1158 3758 1281 3842 ῌοε
1312 3759 1471 3816 inter
1500 3759 1775 3816 fuerunt:
1817 3759 2152 3816 Theodorus
2184 3757 2398 3826 Gaza,
2445 3756 2794 3828 Georgius

301 3863 867 3937 TrapezuntiuS‚
936 3863 995 3920 G.
1062 3863 1469 3933 Bessarion,
1531 3863 1737 3919 Eman.
1806 3861 2300 3938 Chrysoloras,
2361 3861 2528 3917 Dem.
2591 3859 2792 3916 Chal-

303 3967 675 4042 condyleS,
723 3967 915 4026 Const.
950 3966 1302 4036 LascariS,
1335 3966 1785 4024 Andronicus
1817 3966 2034 4035 Thess,
2069 3965 2289 4042 aliique
2321 3983 2497 4042 quam
2527 3963 2788 4039 plurimi.

299 4072 471 4128 Inter
519 4071 635 4130 alia
680 4071 894 4150 quibus
940 4071 1317 4129 scientiarum
1363 4071 1426 4127 in
1472 4071 1808 4128 universum
1856 4059 2032 4147 atque
2077 4069 2139 4125 in
2193 4067 2384 4143 specie
2431 4067 2688 4125 Orientis
2734 4071 2794 4124 et

299 4175 583 4234 Graeciae
628 4176 889 4249 cognitio.
928 4179 1248 4250 propagata
1292 4175 1408 4231 fuit
1452 4174 1662 4245 media,
1718 4174 1949 4232 nullum
1993 4177 2080 4230 est
2124 4173 2311 4230 maius
2357 4170 2792 4230 inventione

301 4277 481 4338 artis
512 4285 681 4356 typo
693 4279 1099 4355 graphicac.
1134 4279 1457 4356 Ecquidem
1487 4277 1692 4335 literas
1723 4278 1871 4335 fixas
1903 4276 2114 4348 ligneis
2146 4275 2530 4333 metallicisve
2560 4273 2792 4349 paginis

299 4383 633 4458 insculpere
678 4388 906 4442 veteres
954 4387 1257 4453 noverant,
1317 4368 1746 4457 xylographiae
1792 4383 1948 4439 haud
1996 4381 2219 4454 ignari3
2283 4398 2316 4434 a
2362 4378 2549 4436 literis
2595 4383 2791 4436 autem

298 4487 701 4545 immobilibus
734 4489 807 4546 ad
840 4488 1080 4545 mobiles
1112 4487 1425 4544 transitum
1464 4486 1608 4543 fecit
1640 4487 1894 4542 Joannes
1928 4486 2346 4556 Gutenberg
2377 4481 2518 4538 civis
2544 4483 2791 4554 Mogun-

299 4593 478 4661 tinuS,
527 4592 955 4666 typographiae
1000 4592 1295 4648 invent-or.
1360 4590 1670 4664 Moguntia
1711 4608 1806 4645 ars
1837 4609 2038 4646 recens
2070 4589 2316 4644 inventa
2346 4586 2418 4642 ad
2449 4585 2792 4660 praecipuas
