3309 5300
574 404 657 467 86
1197 417 1432 458 comment.
1464 416 1517 456 de
1536 416 1579 457 S.
1600 415 1808 466 Scriptur.
1831 426 1924 466 cap.
1946 416 2072 466 prim.
2095 415 2200 455 sect.
2222 415 2276 456 II.
2299 414 2435 455 addit.

572 600 820 671 oportet,
854 596 1149 671 epistolae,
1186 615 1330 672 quas
1359 614 1602 652 numero
1632 615 1738 652 sex
1768 615 1812 652 S.
1837 594 2108 652 Paulus
2138 595 2220 652 ad
2251 595 2620 664 Senecam,
2657 597 2716 650 et
2738 597 2884 665 octe,
2919 612 3070 670 quas

574 700 789 757 Seneca
840 699 913 756 ad
965 699 1023 756 d.
1065 698 1319 756 Paulum
1372 700 1593 756 dedisse
1645 700 1767 756 iam
1819 699 2080 776 antiquis
2132 697 2496 773 temporibus
2549 697 2975 773 perhibebatur
3002 695 3022 733 ¹
3057 716 3072 765 ;

574 823 715 881 quas
761 801 1003 860 interim
1052 804 1125 859 ab
1178 803 1473 878 impudico
1524 802 1763 860 falsario
1815 803 2090 860 confictas
2144 822 2281 874 esse,
2339 821 2458 859 non
2509 805 2738 877 oportet
2789 800 3070 877 pluribus

505 941 514 947 -
574 909 969 965 demonstrare
987 903 1031 965 2.
1100 908 1397 964 Mittimus
1426 907 1569 964 alias
1600 906 1872 982 epistolas
1916 907 2060 963 falso
2092 927 2138 964 s.
2171 905 2343 964 Pauli
2388 905 2486 964 vel
2516 905 2772 963 aliorum
2808 906 3068 980 Aposto-

573 1012 786 1083 lorum,
833 1013 952 1068 imo
994 1011 1179 1087 ipsius
1209 1012 1277 1069 B.
1314 1012 1539 1069 Mariae
1570 1011 1641 1068 V.
1679 1012 1933 1082 nomine,
1985 1012 2247 1068 iactatas.
2309 1009 2627 1067 Habentur
2655 1027 2889 1087 quoque
2920 1008 3074 1066 duae

576 1115 931 1191 epistolae
978 1114 1213 1173 Pilati
1252 1120 1320 1172 et
1363 1115 1623 1173 literae
1661 1115 1912 1172 Publii
1952 1115 2250 1172 Lentuli
2301 1116 2374 1171 ad
2415 1114 2698 1172 Senatum
2729 1113 3074 1171 Romanum

576 1220 645 1276 de
674 1219 713 1276 J
714 1239 815 1276 esu
844 1219 1077 1277 Christo
1108 1219 1351 1276 falsatae
1367 1216 1409 1276 3.

824 1512 884 1590 ἓ.
931 1512 1035 1576 31.
1093 1506 1694 1593 Apocalypses
1751 1507 2189 1572 confictae
2243 1507 2805 1591 insignioreS.

784 1705 987 1781 Neque
1010 1708 1243 1762 tantum
1259 1704 1603 1778 Evangelia,
1629 1707 1804 1775 Acta,
1829 1702 2126 1778 Epistolae
2142 1701 2470 1760 Canonicae
2500 1703 2852 1780 apocryphis
2870 1706 3081 1760 auctae

576 1811 740 1878 sunt3
766 1828 975 1866 verum
993 1810 1171 1866 etiam
1190 1807 1427 1868 divinae
1441 1808 1478 1865 J
1481 1811 1689 1866 oannis
1709 1805 2079 1884 Apocalypsi,
2102 1807 2492 1866 revelationes
2517 1808 2888 1884 apocryphae
2907 1807 3079 1864 addi-

577 1917 673 1970 tae
703 1917 859 1969 sunt.
894 1913 1063 1970 Inter
1092 1909 1384 1991 quatu0r⁴²
1418 1933 1464 1971 s.
1481 1913 1656 1972 Petro
1680 1912 1978 1990 supposita
2007 1911 2330 1982 volumina,
2359 1912 2482 1968 iam
2512 1910 2653 1969 olim
2675 1912 3078 1970 habebantur.

577 2017 1019 2088 Praedictionis‚
1069 2014 1461 2094 ,κηρύγματοςι
1500 2038 1730 2096 quoque
1759 2022 1820 2076 et
1849 2016 2264 2088 Revelationis‚
2319 2012 2768 2091 ,οἰποκαλι’)ψεωςι
2811 2017 3080 2074 eiusdem

577 2121 745 2178 Libri
768 2117 817 2179 ⁵.
858 2119 1197 2179 Verisimile
1225 2122 1463 2179 videtur
1506 2121 1785 2199 ,κήρυγμα
1814 2121 2000 2178 Petri‘
2033 2121 2260 2178 saeculo
2297 2125 2425 2197 post
2459 2119 2761 2178 Christum
2806 2123 3073 2178 secundo

577 2226 698 2284 iam
720 2225 1013 2284 exstitisse
1029 2223 1070 2284 ⁶.
1118 2224 1439 2283 Falluntur
1460 2231 1656 2284 autem
1679 2226 1830 2283 forte
1853 2225 2116 2296 minime,
2151 2227 2254 2302 qui
2286 2225 2612 2283 coniiciunt
2630 2225 2984 2283 Doctrinam
3017 2230 3080 2282 et

583 2433 797 2499 quidem
834 2449 967 2496 esse,
1007 2432 1102 2481 sed
1138 2437 1261 2498 post
1298 2432 1577 2481 damnatos
1604 2432 1840 2481 Nestorii
1872 2437 1926 2480 et
1949 2429 2264 2495 Eutychetis
2304 2445 2509 2479 errores
2547 2431 2852 2496 suppositas
2889 2431 3082 2492 fuisse,

583 2521 864 2570 dubitandi
900 2519 1078 2569 nullus
1115 2519 1269 2569 locus
1303 2519 1397 2581 illi,
1438 2521 1526 2583 qui
1565 2533 1657 2568 eas
1694 2517 1840 2583 legit,
1879 2516 2208 2582 relinquitur.

792 2607 830 2673 1)
871 2607 951 2658 Cf.
979 2607 1027 2658 d.
1054 2606 1383 2671 Hieronymi,
1424 2605 1489 2655 de
1524 2607 1621 2656 vir.
1660 2605 1734 2655 ill.
1774 2621 1820 2656 c.
1850 2607 1929 2656 12.
1968 2621 2018 2671 p.
2048 2607 2131 2655 66.
2170 2609 2222 2655 et
2259 2619 2300 2655 s.
2327 2603 2627 2671 Augustini,
2667 2621 2751 2671 ep.
2791 2605 2859 2655 ad
2897 2605 3081 2657 Mace-

580 2696 798 2746 donium
836 2698 954 2758 153,
994 2696 1074 2744 14.
1112 2695 1181 2743 II.
1209 2696 1327 2743 529.
1366 2682 1463 2742 Eis
1477 2692 1543 2741 de
1582 2692 1698 2743 Civ.
1735 2694 1855 2744 Dei.
1881 2694 1973 2756 VI,
2003 2696 2086 2743 10.
2123 2710 2176 2757 p.
2202 2695 2322 2745 250.
2384 2692 2656 2759 Epistolas
2693 2692 2818 2744 illas
2855 2710 3083 2743 numero

582 2782 984 2848 quatuordecim
1011 2797 1201 2847 saepe,
1235 2786 1288 2831 et
1324 2796 1465 2830 anno
1494 2780 1709 2845 quidem
1736 2783 1886 2831 1533.
1949 2782 2253 2830 Venetiis
2291 2781 2358 2830 ab
2383 2781 2616 2831 Antonio
2643 2787 2696 2830 et
2719 2780 2976 2831 fratribus
3016 2782 3084 2829 de

582 2868 780 2919 Sabio
807 2886 847 2919 s,
874 2873 911 2919 t.
951 2868 1250 2919 Schedulae
1290 2868 1359 2917 ad
1396 2866 1653 2917 Senecam
1693 2882 1802 2929 sex,
1840 2868 1898 2915 in
1934 2884 2018 2933 ep.
2053 2866 2101 2917 d.
2128 2866 2284 2916 Pauli
2309 2867 2450 2933 tripl.
2485 2867 2567 2916 ed.
2591 2868 2744 2917 initio
2771 2867 3083 2933 divulgatas

578 2957 888 3021 reperimus.
952 2955 991 3021 2)
1043 2956 1430 3004 Praestiterunt
1478 2954 1581 3004 hoc
1618 2970 1752 3019 opus
1798 2952 1856 3004 C.
1895 2955 1981 3003 W.
2019 2953 2284 3016 Lssscher,
2335 2954 2403 3004 de
2440 2953 2682 3019 epistolis
2719 2952 2966 3005 Senecae
3013 2956 3084 3004 ad

580 3044 807 3094 Paulum
830 3042 1270 3109 hypobolimaeis.
1308 3042 1581 3091 Wittemb.
1611 3044 1762 3091 1694.
1810 3042 1872 3091 Β.
1898 3040 2190 3107 Elsingius,
2226 3041 2292 3091 de
2320 3041 2800 3108 pseudepigraphis
2839 3042 2894 3093 S.
2920 3042 3084 3092 Pauli

579 3130 679 3196 Ap.
705 3132 853 3195 Lips.
882 3132 1033 3179 1707.
1069 3129 1369 3190 Fabricius,
1407 3128 1445 3178 1.
1474 3144 1519 3178 c.
1556 3146 1609 3193 p.
1634 3130 1753 3179 860.
1780 3145 1822 3178 s.
1861 3133 1914 3178 et
1951 3128 2044 3178 alii
2076 3130 2148 3179 ib.
2185 3128 2404 3179 laudati.
2455 3129 2530 3178 Ut
2565 3128 2702 3178 adeo
2732 3128 3085 3179 vehementer

582 3216 881 3267 mirandum
917 3217 986 3266 sit
1014 3215 1117 3265 hoc
1143 3215 1361 3265 saeculo
1391 3215 1455 3264 F.
1482 3213 1543 3264 C.
1571 3213 1796 3280 Gelpke,
1835 3214 1901 3264 de
1939 3215 2312 3277 familiaritate,
2354 3230 2492 3280 quae
2515 3214 2686 3265 Paulo
2721 3231 2843 3265 cum
2869 3214 3085 3266 Seneca

580 3304 947 3354 intercessisse
994 3302 1220 3351 traditur
1256 3301 1652 3352 verisimillima.
1703 3302 1852 3367 Lips.
1893 3303 2062 3363 1812.,
2101 3316 2192 3352 eas
2232 3316 2350 3351 esse
2389 3303 2649 3367 genuinas
2686 3318 3080 3368 propugnasse.

586 3392 627 3457 ³)
663 3391 910 3441 Attamen
948 3392 995 3441 si
1020 3390 1137 3455 quis
1175 3389 1431 3439 lectorum
1470 3388 1536 3438 de
1574 3389 1655 3438 his
1691 3388 1849 3453 plura
1886 3388 2154 3439 desiderat
2189 3390 2346 3451 scire,
2396 3388 2557 3438 adeat
2593 3404 2754 3455 saepe
2794 3389 3078 3440 laudatum

581 3478 906 3539 Fabricium,
945 3494 995 3543 p.
1036 3478 1153 3527 905.
1192 3492 1233 3526 s.
1273 3480 1327 3527 et
1362 3478 1480 3526 834.
1518 3492 1557 3526 s.
1594 3476 1646 3525 «J.
1685 3476 1855 3539 Lami,
1895 3476 1960 3525 de
1998 3476 2144 3525 erud.
2182 3475 2368 3542 Apost.
2405 3476 2550 3527 Flor.
2591 3479 2741 3527 1738.
2780 3494 2833 3543 p.
2876 3479 2993 3527 191.
3035 3492 3078 3527 s.

585 3564 758 3627 Thilo,
796 3564 933 3615 Acta
970 3564 1022 3614 S.
1060 3563 1299 3614 'rhomae
1336 3563 1504 3629 praef.
1540 3580 1593 3629 p.
1630 3564 1716 3613 84.
1753 3578 1794 3612 s.
1868 3563 1910 3629 4)
1949 3563 2098 3623 Quos
2136 3563 2186 3611 d.
2223 3564 2383 3613 Petro
2421 3564 2631 3613 auctori
2668 3564 2970 3628 adscriptos
3011 3565 3080 3614 ab

583 3651 853 3717 aliquibus
907 3653 1223 3701 memoravit
1266 3652 1565 3713 Eusebius,
1604 3650 1675 3700 H.
1712 3651 1778 3700 E.
1816 3650 1922 3713 ΙΙΙ,
1970 3652 2019 3701 3.
2064 3668 2116 3715 p.
2157 3652 2238 3700 72.
2313 3651 2352 3717 ⁵)
2393 3650 2654 3701 Clementi
2693 3650 3081 3713 Alexandr-inc,

584 3738 730 3803 apud
763 3738 1077 3800 Eusebium,
1116 3738 1184 3787 H.
1209 3739 1275 3787 E.
1304 3738 1393 3801 VI,
1421 3739 1502 3787 14.
1527 3754 1579 3803 p.
1606 3739 1726 3787 215.
1765 3742 1818 3786 et
1855 3736 2193 3800 Stromatum,
2221 3738 2265 3799 I,
2293 3740 2376 3788 28.
2404 3754 2456 3803 Ρ.
2482 3739 2602 3787 427.
2627 3737 2719 3800 VI,
2746 3740 2797 3786 5.
2822 3755 2876 3803 Ρ.
2907 3740 3010 3787 759
3037 3753 3079 3787 s.

583 3829 744 3889 atque
770 3823 899 3874 alibi
935 3827 1150 3889 saepius
1181 3824 1403 3875 laudati.
1458 3825 1884 3875 Praedicationis
1909 3826 2054 3875 Petri
2079 3826 2402 3875 mentionem
2439 3826 2571 3874 facit
2595 3840 2810 3890 quoque
2835 3826 3078 3876 Lactan-

582 3913 701 3974 tius,
739 3911 831 3970 IV,
859 3914 941 3961 21.
975 3929 1027 3978 Ρ.
1055 3914 1171 3961 210.
1198 3928 1239 3961 s.
1287 3912 1662 3976 Hieronymus,
1702 3912 1768 3961 de
1804 3914 1897 3962 vir.
1923 3911 1997 3961 ill.
2025 3928 2070 3961 c.
2099 3913 2145 3961 1.
2171 3930 2224 3977 p.
2253 3913 2334 3961 19.
2389 3912 2558 3961 Vetus
2594 3914 2804 3961 interim
2842 3914 3078 3978 scriptor

583 4013 880 4063 anonymus
918 3998 985 4048 de
1020 3999 1439 4065 Rebaptismate,
1488 4015 1647 4069 quem
1696 4000 1834 4049 inter
1881 4014 2045 4064 opera
2092 4014 2136 4049 s.
2175 3998 2431 4065 Cypriani
2477 3999 2692 4049 edidere
2739 4000 3082 4050 Benedictini

582 4098 633 4150 p.
673 4087 807 4145 643„
857 4102 899 4136 s.
936 4085 1081 4135 Petri
1131 4086 1584 4152 praedicationem
1620 4087 1689 4137 ab
1726 4086 2012 4137 haereticis
2053 4085 2334 4136 confictam
2373 4102 2490 4137 esse
2526 4087 2703 4136 tradit.
2777 4087 2899 4137 Hoc
2935 4088 3085 4137 idem

584 4176 768 4237 aperte
824 4172 952 4222 dicit
1002 4172 1279 4237 Origenes,
1336 4174 1504 4239 praef.
1554 4174 1589 4223 1.
1640 4174 1707 4223 de
1753 4174 2028 4239 principiis
2077 4189 2128 4222 n.
2167 4176 2216 4223 8.
2266 4191 2317 4240 p.
2355 4175 2438 4223 24.
2513 4174 2554 4239 ⁶)
2593 4175 2885 4223 Enimvero
2939 4178 3084 4224 teste

582 4258 769 4307 eodem
808 4258 1055 4324 Origene,
1095 4276 1281 4310 comm.
1319 4261 1376 4309 in
1409 4261 1511 4310 Ev.
1536 4260 1734 4311 Joann.
1758 4261 1910 4323 XIII,
1937 4262 2018 4309 17.
2048 4277 2100 4325 Ρ.
2127 4262 2238 4311 29.;
2276 4260 2598 4325 Heracleon,
2636 4278 2795 4326 quem
2829 4266 3076 4327 tempore

582 4346 766 4411 Papae
802 4345 1004 4411 Hygini
1052 4347 1245 4397 vixisse
1288 4351 1512 4409 constat,
1549 4347 1700 4396 illum
1735 4347 1927 4397 librum
1963 4349 2070 4397 iam
2107 4347 2376 4413 allegavit.
2416 4348 2497 4398 Cf.
2535 4365 2577 4399 s.
2613 4348 2914 4411 Irenaeum,
2953 4349 3082 4399 adv.

583 4431 731 4481 haer.
756 4432 851 4482 ΠΙ.
878 4434 928 4495 4,
956 4434 1004 4483 3.
1030 4450 1081 4498 Ρ.
1108 4434 1227 4483 439.
1268 4439 1320 4483 et
1357 4433 1657 4499 Origenem,
1697 4434 1732 4483 1.
1771 4450 1818 4485 c.
1853 4435 1924 4497 Π,
1954 4436 2004 4484 8.
2041 4450 2093 4499 p.
2134 4436 2270 4497 117.,
2308 4436 2401 4499 qui
2437 4450 2559 4485 eum
2594 4432 2844 4504 γνώριμον
2879 4436 3082 4486 Valen-

583 4520 683 4567 tini
727 4525 902 4569 vocat.
961 4519 1181 4570 Interim
1216 4535 1252 4571 a
1291 4536 1332 4571 s.
1369 4520 1700 4587 Epiphanio,
1749 4520 1894 4571 haer.
1930 4521 2072 4584 XLI,
2113 4524 2159 4571 1.
2209 4538 2263 4588 p.
2300 4523 2418 4573 300.
2482 4520 2696 4573 Cerdon
2743 4523 3080 4574 Heracleoni

586 4608 909 4659 successisse
946 4607 1155 4659 dicitur.
