3309 5300
494 370 578 433 70
1177 381 1412 422 Comment.
1444 380 1496 421 de
1525 382 1567 421 S.
1590 380 1800 431 scriptur.
1832 392 1923 431 cap.
1953 380 2079 431 prim.
2110 381 2218 420 sect.
2248 380 2305 421 ΙΙ.

492 564 554 607 ut
611 558 772 607 nullis
833 559 1110 608 noxiarum
1171 558 1555 621 cogitationum
1616 555 1827 620 laqueis
1888 558 2209 620 captivetur3
2272 555 2462 606 deinde
2526 558 2669 621 quod
2730 573 2797 607 ea
2848 573 2994 623 quae

495 645 818 695 creberrima
853 646 1166 709 repetitione
1203 658 1460 709 percursa
1507 644 1793 692 memoriae
1830 643 2040 692 tradere
2077 643 2400 705 laboramus,
2448 644 2793 694 meditatione
2838 646 2995 695 taciti

493 731 832 781 revolventes
870 730 1066 781 clarius
1093 733 1408 780 intuemur.“
1461 730 1606 781 Nihil
1630 732 1687 779 in
1713 729 1765 779 S.
1793 730 2078 795 Scripturis
2105 746 2201 795 per
2228 746 2285 780 se
2311 735 2405 780 aut
2428 745 2654 796 parvum
2680 736 2773 781 aut
2799 732 2992 781 inutile

494 818 806 883 putandum.
869 819 1014 879 „Nec
1048 817 1186 880 illas,
1235 818 1420 868 scribit
1458 816 1511 867 S.
1548 817 1791 867 Joannes
1828 816 2253 883 chrysostomus,
2292 818 2361 866 ad
2396 817 2576 883 popul.
2616 823 2726 867 ant.
2762 818 2903 868 hom.
2941 818 2987 879 Ι,

497 907 542 954 1.
591 921 642 969 p.
681 907 747 966 2.,
795 904 1010 969 quidem
1059 920 1198 970 quae
1244 909 1434 955 tenues
1485 920 1602 954 esse
1648 909 1903 969 putantur
1952 904 2343 969 Scripturarum
2398 907 2690 979 sententias
2746 910 2986 970 praeter-

495 1007 785 1041 curramus.
857 993 994 1041 Nam
1033 998 1085 1042 et
1119 994 1271 1057 ipsae
1309 992 1375 1041 de
1413 990 1641 1057 Spiritus
1682 992 1863 1041 Sancti
1900 992 2072 1056 gratia
2107 996 2255 1055 sunt;
2312 991 2539 1057 Spiritus
2587 996 2761 1041 autem
2813 994 2993 1058 grat-ia

489 1094 786 1145 numquam
821 1095 994 1144 parva
1029 1085 1123 1130 aut
1157 1080 1296 1142 vilis,
1334 1079 1429 1131 sed
1466 1094 1663 1143 magna
1688 1083 1741 1128 et
1764 1078 2036 1141 mirabilis,
2075 1083 2129 1127 et
2162 1078 2335 1127 dantis
2371 1078 2736 1128 munificentia
2772 1078 2986 1144 digna.“

497 1166 656 1216 Unde
703 1165 754 1215 S.
799 1166 1120 1229 BernardUS,
1167 1182 1322 1217 serm.
1359 1168 1500 1217 XVI.
1545 1168 1602 1215 in
1651 1166 1875 1215 Cantica
1919 1182 1971 1216 n.
2011 1168 2057 1215 1.
2107 1183 2159 1230 p.
2198 1168 2263 1215 87
2270 1184 2311 1216 .:
2362 1182 2419 1215 se
2454 1167 2513 1214 in
2559 1166 2641 1215 his
2680 1166 2987 1216 scrutandis

503 1256 771 1304 curiosum
810 1255 1035 1303 existere
1073 1255 1162 1316 ait,
1204 1254 1331 1318 quia
1378 1253 1765 1318 Scripturae
1804 1257 1953 1302 sunt
1998 1253 2371 1318 apothecae
2410 1254 2700 1319 Spiritus
2738 1253 2993 1304 Sancti.

709 1340 904 1403 „Ordo,
955 1340 1205 1391 studendi
1243 1339 1295 1389 S.
1333 1340 1529 1389 Literis
1575 1344 1729 1389 notat
1767 1339 1819 1389 S.
1856 1339 2256 1403 Bonaventura‚
2305 1342 2360 1390 in
2398 1340 2787 1391 Hexaemeron.
2828 1358 2987 1392 serm.

495 1429 638 1478 XIX.
675 1428 718 1489 Ι,
759 1430 859 1490 57.,
898 1427 1250 1477 diversimode
1287 1427 1512 1477 traditur
1549 1442 1582 1476 a
1619 1427 1869 1490 diversis3
1908 1426 2004 1477 sed
2044 1432 2255 1493 oportet
2291 1428 2533 1478 ordinate
2570 1428 2878 1493 procedere,
2916 1444 2991 1478 ne

497 1514 564 1564 de
601 1516 769 1582 primo
812 1515 1016 1564 faciant
1049 1514 1330 1579 posterius,
1368 1514 1454 1563 vel
1494 1530 1523 1563 e
1561 1516 1869 1563 convers0.“
1933 1514 2149 1564 Prima
2193 1516 2363 1564 ratio
2402 1516 2651 1565 studendi
2702 1514 2754 1565 S.
2792 1516 2994 1565 Literis

499 1607 580 1653 est
617 1602 878 1671 critica,
917 1616 1056 1666 quae
1092 1605 1271 1651 tamen
1307 1617 1414 1652 non
1453 1616 1563 1651 una
1599 1600 1696 1650 sed
1732 1616 1915 1650 rursus
1955 1601 2165 1651 diversa
2202 1606 2296 1651 est.
2369 1602 2506 1651 Nam
2544 1602 2637 1652 alii
2673 1602 2755 1652 his
2792 1604 2995 1652 nostris

497 1688 684 1739 diebus
721 1705 928 1738 omnem
976 1705 1144 1753 prope
1187 1703 1404 1753 operam
1439 1690 1497 1737 in
1534 1703 1596 1738 eo
1636 1686 1929 1749 collocant,
1979 1693 2039 1737 ut
2072 1689 2128 1737 in
2164 1690 2341 1738 varias
2377 1689 2689 1738 Earundem
2724 1689 2991 1739 lectiones

499 1778 795 1841 inquirant3
847 1780 900 1824 et
937 1790 1077 1840 quae
1115 1791 1180 1824 ex
1216 1775 1323 1825 illis
1360 1788 1517 1824 vera
1554 1789 1698 1824 esse
1734 1776 1950 1839 possit
1987 1776 2282 1840 disputent,
2322 1791 2442 1825 cum
2478 1776 2571 1825 alii
2607 1792 2691 1825 res
2729 1791 2994 1841 gramma-

497 1864 632 1912 ticas
671 1866 724 1911 et
757 1863 1138 1912 minutissimos
1175 1862 1560 1911 vocabulorum
1599 1862 1781 1925 apices
1820 1863 2107 1911 excutiunt.
2171 1862 2399 1912 Criticos
2436 1863 2649 1912 labores
2687 1863 2845 1913 utiles
2883 1865 2993 1911 imo

502 1951 832 1999 necessarios
861 1964 994 2012 esse,
1021 1954 1081 1998 ut
1106 1963 1362 1999 sensum
1389 1948 1440 1998 S.
1463 1947 1769 2013 Scripturae
1794 1948 2145 2009 literalem,
2174 1951 2266 2013 qui
2289 1950 2555 1999 fundam
2572 1956 2718 1999 ento
2746 1954 2826 1999 est
2852 1955 2995 1999 cete-

498 2038 588 2099 ris,
627 2051 971 2101 assequamur
1005 2035 1252 2085 lubenter
1289 2035 1652 2099 concedimus3
1700 2051 1810 2085 non
1848 2040 2026 2084 tamen
2064 2036 2277 2101 expedit
2313 2052 2413 2085 nec
2449 2041 2609 2085 vacat
2644 2037 2759 2086 sine
2794 2051 2993 2101 magna

498 2125 749 2188 temporis
773 2124 997 2185 iactura,
1023 2127 1084 2171 ut
1102 2136 1283 2172 omnes
1302 2122 1391 2171 vel
1412 2123 1571 2171 etiam
1595 2120 1808 2188 plurimi
1833 2122 2088 2172 lectorum
2111 2121 2261 2172 Sacri
2282 2122 2495 2173 Codicis
2523 2124 2740 2175 criticae
2770 2138 2993 2188 operam

499 2214 714 2259 navent.
765 2209 869 2269 Qui
904 2225 1031 2258 vero
1067 2210 1248 2273 apices
1287 2212 1573 2270 sectantur,
1609 2209 1825 2273 ingenio
1865 2224 1962 2258 suo
1998 2210 2168 2273 magis
2206 2224 2365 2275 quam
2404 2211 2658 2259 scientiae
2691 2215 2744 2259 et
2768 2210 2996 2259 utilit-ati

499 2297 730 2347 student.
790 2295 1020 2345 Altera
1069 2296 1245 2345 ratio
1283 2300 1366 2345 est
1401 2311 1598 2358 eorum,
1653 2296 1745 2361 qui
1778 2295 2209 2344 meditatione
2246 2296 2372 2345 fidei
2408 2297 2661 2359 mysteria
2698 2301 2751 2345 et
2785 2312 2994 2345 morum

501 2382 714 2449 regulas
762 2384 1049 2447 inquirunt,
1098 2397 1314 2432 sensum
1351 2397 1468 2431 cum
1506 2381 1767 2431 literalem
1817 2386 1928 2431 tum
1969 2384 2251 2446 mysticum
2289 2398 2353 2431 ex
2391 2384 2764 2447 interpretibus
2802 2382 2994 2433 sedulo

497 2471 771 2535 indagant,
808 2470 930 2520 loca
966 2470 1022 2519 in
1059 2470 1292 2534 speciem
1327 2469 1624 2534 pugnantia
1660 2468 1947 2519 conciliare
1972 2468 2185 2517 discunt
2211 2474 2264 2518 et
2286 2484 2481 2534 magna
2515 2469 2792 2535 diligentia
2814 2472 2997 2535 ipsum

501 2574 542 2608 s.
568 2560 795 2608 Textum
828 2558 930 2608 sibi
955 2556 1270 2607 familiarem
1295 2556 1517 2606 reddere
1543 2560 1820 2605 conantur.
1860 2555 1965 2616 Qui
1996 2556 2072 2605 ita
2097 2561 2262 2621 agunt
2287 2555 2573 2605 medullam
2599 2557 2650 2606 S.
2678 2556 2731 2606 S.
2757 2563 2995 2621 gustant,

501 2650 554 2696 et
590 2645 658 2695 ad
695 2644 918 2696 solidam
955 2642 1007 2694 S.
1035 2642 1088 2694 S.
1114 2644 1393 2694 scientiam
1429 2642 1787 2707 contendunt3
1826 2659 2001 2710 neque
2036 2659 2275 2708 unquam
2311 2644 2561 2695 inanibus
2588 2644 2997 2710 quaestionibus

507 2737 601 2782 aut
623 2732 1123 2797 investigationibus
1161 2731 1411 2780 steriliter
1449 2735 1787 2780 evanescent.
1843 2731 1999 2780 Hanc
2036 2731 2285 2781 studendi
2322 2733 2581 2780 rationem
2616 2737 2829 2796 praeter
2854 2732 2908 2782 S.
2938 2731 2994 2782 S.

504 2820 565 2868 P.
602 2819 662 2868 P.
711 2820 818 2867 iam
866 2818 1131 2879 laudatos,
1181 2832 1311 2882 prae
1354 2817 1573 2882 reliquis
1621 2819 2019 2867 commendant:
2068 2818 2257 2867 Laur.
2310 2818 2385 2867 de
2433 2818 2963 2869 Villavincentio
2980 2857 2995 2880 ,

502 2905 733 2956 Phrases
760 2904 812 2954 S.
841 2905 1146 2971 Scripturae
1171 2904 1330 2954 Antv.
1358 2906 1508 2953 1571.
1539 2905 1692 2954 Fab.
1717 2905 1753 2954 J
1764 2906 2172 2967 ustinianus,
2200 2905 2265 2955 de
2292 2904 2345 2954 S.
2368 2905 2419 2954 S.
2448 2906 2669 2970 eiusque
2693 2921 2811 2955 usu.
2837 2907 2997 2956 Rom.

504 2995 656 3043 1614.
693 2991 834 3042 Hon.
859 2993 974 3042 Jos.
999 2991 1299 3050 Bruneti‚
1325 2990 1670 3040 manuductio
1698 2991 1766 3041 ad
1793 2990 1845 3041 S.
1872 2989 1927 3040 S.
1954 2994 2001 3040 2.
2027 2992 2132 3041 vol.
2158 2992 2280 3041 Par.
2309 2994 2460 3041 1701.
2499 2990 2833 3054 Serarius,
2860 2991 2913 3042 S.
2940 2993 2997 3042 J.

500 3079 799 3144 Prolegom.
824 3077 963 3128 Bibl.
990 3094 1036 3128 c.
1063 3081 1145 3128 28.
1173 3095 1226 3143 p.
1255 3080 1370 3128 193.
1414 3077 1464 3126 J.
1489 3076 1845 3140 Mabillon,
1882 3082 2036 3128 tract.
2064 3078 2129 3128 de
2155 3079 2294 3128 stud.
2320 3094 2459 3129 mon.
2484 3079 2555 3141 ΙΙ,
2583 3081 2631 3128 2.
2658 3094 2699 3128 s.
2724 3097 2777 3145 p.
2805 3081 2921 3132 238.
2950 3097 2996 3130 s.

501 3167 553 3216 J.
571 3166 642 3216 M.
665 3166 730 3216 de
754 3167 984 3227 Turre,
1013 3165 1076 3214 O.
1097 3166 1174 3228 P.,
1194 3166 1324 3215 Inst.
1345 3165 1414 3214 ad
1432 3165 1598 3214 Verbi
1617 3165 1687 3214 D.
1706 3164 1874 3214 intell.
1895 3165 2070 3214 Parm.
2094 3167 2243 3216 1711.
2268 3167 2365 3228 ΙΠ,
2381 3168 2498 3216 545.
2514 3183 2556 3216 s.
2587 3167 2998 3216 Franciscus

503 3269 536 3303 a
559 3254 792 3315 Puteo,
821 3253 946 3302 diss.
973 3252 1038 3302 de
1065 3252 1265 3302 Studiis
1293 3250 1484 3301 eccles.
1524 3251 1755 3302 Graecii.
1785 3254 1935 3302 1767.
1960 3269 2013 3317 p.
2040 3254 2123 3301 98.
2150 3269 2191 3302 s.
2238 3253 2289 3302 J.
2317 3253 2559 3318 Opstra
2574 3258 2658 3315 et,
2685 3253 2999 3318 Theologus

504 3340 854 3402 Christianus,
879 3341 992 3390 sive
1017 3340 1152 3389 ratio
1179 3341 1322 3389 vitae
1348 3344 1402 3389 et
1426 3339 1588 3390 studii
1611 3339 1943 3391 instituenda,
1964 3354 1997 3388 a
2021 3339 2312 3405 TheologO.
2338 3339 2577 3391 Florent.
2601 3343 2751 3390 1789.
2772 3358 2823 3406 p.
2845 3343 2931 3390 60.
2952 3357 2999 3391 s.

499 3427 906 3480 Meditationum
944 3425 1070 3476 solis
1109 3426 1161 3476 S.
1190 3424 1242 3475 S.
1268 3426 1448 3475 verbis
1486 3431 1852 3476 contextarum
1888 3428 2077 3476 seriem
2113 3427 2325 3492 scripsit
2360 3427 2425 3476 N.
2463 3427 2823 3489 Paulmier,
2860 3425 2913 3476 S.
2941 3428 2999 3477 J.

504 3529 664 3579 quam
701 3513 885 3562 recudi
921 3513 1047 3562 fecit
1081 3513 1280 3578 Migne,
1321 3511 1628 3578 Scripturae
1667 3511 1864 3563 Sacrae
1903 3512 2054 3562 Curs.
2094 3513 2283 3578 compl.
2322 3518 2359 3563 t.
2394 3513 2615 3562 XXVII.
2652 3513 2830 3579 suppl.
2868 3515 2999 3564 Par.

507 3602 658 3650 1843.
696 3617 747 3664 p.
776 3601 890 3649 198.
918 3615 958 3648 s.
997 3600 1345 3664 Theologiam
1380 3600 1448 3648 D.
1487 3598 1795 3665 Scripturae
1833 3601 2213 3650 sententiarum
2250 3601 2284 3650 1.
2321 3601 2415 3650 IV.
2453 3600 2689 3666 digessit.
2736 3601 2806 3650 Η.
2830 3601 2997 3650 Mar-

506 3686 774 3749 cellius,
825 3686 877 3736 S.
917 3687 968 3736 J.
1017 3679 1180 3737 Brux'.
1222 3688 1391 3748 1658„
1441 3687 1656 3752 repetiit
1700 3687 1881 3752 Migne
1928 3686 1964 3736 l.
2003 3703 2046 3736 c.
2095 3688 2139 3750 I,
2178 3689 2296 3738 909.
2368 3688 2633 3752 Exempla
2677 3687 2891 3737 Biblica
2940 3689 3000 3736 in

503 3774 755 3824 Materias
773 3773 1006 3824 Mor-ales
1035 3774 1319 3824 distributa
1343 3773 1488 3823 dedit
1511 3774 1578 3822 N.
1603 3774 1748 3823 Han
1760 3788 1793 3822 a
1802 3789 1945 3839 pus,
1974 3774 2100 3824 Ord.
2120 3775 2311 3825 Praed.
2337 3774 2653 3824 Patriarcha
2669 3775 2707 3825 J
2709 3775 2999 3840 erosolym.

501 3876 650 3926 saep.
689 3860 770 3910 ed.
808 3876 913 3910 rec.
950 3863 985 3910 i.
1024 3861 1158 3926 Aug.
1196 3860 1352 3910 Vind.
1391 3862 1542 3910 1730.

713 3946 880 3996 Sacra
925 3947 1104 3997 Biblia
1157 3948 1444 3997 memoriae
1497 3947 1754 3997 mandare
1811 3947 1989 4013 quoad
2042 3953 2221 4013 partes
2277 3949 2537 4013 quasdam
2592 3948 2915 4013 praecipuas
2967 3965 3001 3998 e

503 4033 748 4096 PsalmiS,
775 4033 1072 4099 Prophetis,
1101 4034 1424 4096 Proverbiis,
1449 4034 1851 4096 EcclesiasticO,
1872 4035 2181 4100 Evangeliis
2206 4039 2259 4084 et
2280 4035 2555 4100 Epistolis,
2583 4049 2712 4084 sane
2739 4035 3001 4099 optimum

507 4126 603 4171 est.
652 4121 868 4170 Etenim
893 4137 1075 4170 eorum
1100 4136 1185 4170 res
1213 4124 1266 4170 et
1291 4121 1474 4183 verba,
1515 4135 1654 4187 quae
1680 4123 1965 4172 memoriae
1991 4121 2319 4185 mandentur,
2359 4121 2668 4187 dignissima
2701 4125 2840 4170 sunt.
2892 4121 3003 4181 Qui

501 4211 852 4261 sacrosancta
875 4208 982 4257 Dei
1009 4207 1244 4270 oracula,
1283 4224 1438 4258 suum
1474 4209 1530 4257 in
1555 4213 1754 4274 ,pectus
1793 4209 2115 4270 demiserint,
2152 4210 2513 4274 memoriaque
2550 4208 2839 4272 sepserint3
2875 4207 3001 4257 Deo

505 4311 656 4346 suam
695 4294 1084 4361 quodammodo
1123 4296 1431 4344 memoriam
1457 4300 1803 4360 consecrant3
1840 4295 1927 4345 vel
1961 4295 2083 4345 ideo
2110 4296 2237 4360 quia
2265 4299 2527 4360 perpet-ua
2550 4295 2803 4344 ministris
2830 4295 3002 4343 sacris

506 4398 625 4432 esse
651 4382 846 4432 debeat
871 4381 924 4432 S.
953 4381 1346 4446 Scripturarum
1370 4383 1731 4446 pertractatio,
1768 4398 1871 4447 quo
1908 4383 2101 4432 muniis
2140 4383 2249 4432 suis
2287 4383 2393 4432 sint
2429 4382 2679 4447 aptiores.
2729 4381 3002 4430 Laborem

504 4469 647 4518 hunc
671 4470 1016 4534 praescripsit
1040 4485 1083 4520 s.
1110 4469 1579 4533 Hieronymus,
1608 4484 1691 4532 ep.
1719 4471 1802 4519 52.
1828 4469 1898 4518 ad
1921 4469 2277 4533 Nepotianum
2302 4484 2354 4517 n.
2382 4471 2428 4518 7.
2454 4484 2506 4532 p.
2527 4469 2645 4517 262.
2688 4467 3001 4529 „Divinas

508 4551 894 4623 Scripturas
948 4555 1216 4622 saepius
1264 4555 1434 4622 lege,
1489 4570 1834 4623 numquam
1881 4555 1954 4604 de
2002 4555 2300 4606 manibus
2356 4555 2490 4604 tuis
2540 4568 2734 4605 sacra
2787 4553 2997 4606 lectio
