3309 5300
518 341 639 402 104
1233 351 1467 392 Comment.
1496 351 1551 390 de
1580 353 1623 393 S.
1644 351 1803 400 Script.
1833 359 1927 401 cap.
1957 361 2044 390 sec.
2075 351 2204 391 tract.
2234 350 2266 389 1.

512 526 547 576 J
560 527 875 587 acobson,
914 525 996 575 ed.
1034 525 1177 574 Patr.
1214 525 1314 589 Ap.
1354 525 1423 587 11,
1451 527 1568 574 620.
1596 540 1637 574 s.
1687 526 1754 574 D.
1792 524 1828 573 J
1839 527 2100 574 ustinus
2137 525 2353 589 Martyr,
2409 527 2500 589 qui
2535 527 2682 590 ipsas
2717 523 3000 573 Ecclesias

512 612 761 664 custodes
810 611 1187 676 exemplarium
1225 610 1461 660 Canonis
1509 612 1573 660 N.
1611 612 1674 660 T.
1712 612 1923 673 viserat,
1965 627 2120 676 quem
2159 610 2447 660 Canonicis
2485 611 2799 675 Evangeliis
2838 625 2998 658 usum

511 699 677 748 fuisse
714 715 765 762 p.
804 701 886 748 37.
939 698 1215 760 evicimus3
1268 702 1411 746 certe
1458 698 1513 746 in
1564 698 1739 746 citatis
1781 698 1890 747 suis
1939 698 2312 763 primaevae
2363 696 2684 745 lectionis
2731 700 3000 746 monstrat

511 785 739 834 indicia:
788 800 888 833 nec
926 784 1144 833 dubium
1182 788 1275 846 est,
1319 785 1446 848 quin
1484 784 1697 834 codices
1735 785 1779 831 is
1817 785 2147 848 comparavit
2185 782 2252 832 ad
2291 785 2604 848 optImorum
2639 782 2796 832 fidem
2836 797 2996 831 accu-

512 875 673 934 ratos,
726 870 1225 934 adiectionibusque
1266 897 1327 906 --
1367 884 1507 935 quae
1552 871 1609 918 in
1645 870 1818 918 Textu
1867 870 2043 919 adhuc
2079 869 2223 918 haud
2261 869 2480 918 crebrae
2503 897 2580 912 .-
2621 869 2731 918 fere
2778 868 2998 918 liberos.

515 958 579 1006 L.
605 957 693 1005 Fr.
721 958 963 1018 Zastrau,
1003 956 1069 1005 de
1104 956 1305 1006 Justini
1339 957 1413 1006 M.
1449 955 1662 1005 biblicis
1699 955 1902 1004 studiis.
1939 957 1980 1006 Ι.
2009 956 2076 1005 ΙΙ.
2102 954 2316 1004 Vratisl.
2346 957 2494 1005 1831.
2522 958 2570 1005 2.
2621 954 2754 1004 Cum
2791 956 2999 1004 Romae

517 1044 837 1092 Tatianus
875 1042 1187 1106 Assyrius
1226 1042 1295 1091 ad
1319 1042 1517 1092 Justini
1549 1041 1882 1107 disciplinam
1908 1058 1966 1091 se
1992 1042 2320 1103 contulisset,
2359 1042 2623 1106 compegit
2650 1035 2732 1089 διὰ
2758 1034 3001 1107 τεσσαρὸν

520 1130 631 1178 sive
678 1129 925 1178 historias
973 1129 1395 1194 compendiarias
1442 1144 1613 1176 rerum
1652 1128 1869 1176 Domini
1908 1144 1971 1176 ex
2006 1128 2318 1192 Evangeliis
2366 1128 2560 1177 nostris
2609 1128 2829 1191 breves3
2869 1142 3006 1192 quas

515 1217 741 1281 propriis
790 1215 965 1266 verbis
1015 1214 1341 1281 Scriptorum
1392 1215 1680 1264 contexuit.
1738 1215 1800 1264 V.
1839 1215 2018 1264 Proth.
2055 1215 2120 1264 N.
2158 1215 2218 1264 T.
2257 1231 2309 1263 n.
2350 1216 2430 1263 14.
2467 1231 2518 1278 p.
2557 1215 2670 1262 XV.
2709 1231 2750 1264 s.
2825 1215 2910 1262 Ex
2951 1213 3004 1262 S.
3079 1219 3090 1228 '

514 1302 779 1350 Irenaei
815 1301 964 1350 libris
1005 1300 1259 1350 adversus
1296 1301 1571 1364 haereses3
1621 1302 1677 1349 in
1715 1301 1908 1365 quibus
1955 1307 2172 1350 sanctus
2209 1301 2370 1350 Pater
2406 1305 2657 1349 accurate
2693 1301 2912 1365 passim,
2954 1305 3009 1348 et

517 1388 585 1437 ad
623 1386 939 1452 exemplaris
976 1388 1058 1436 sui
1095 1386 1253 1436 fidem
1290 1388 1421 1435 citat
1456 1403 1497 1436 s.
1536 1385 1752 1436 Codicis
1788 1386 1922 1449 loca,
1975 1388 2137 1436 etiam
2169 1389 2378 1451 integra
2424 1386 2568 1435 haud
2605 1401 2726 1435 raro
2766 1386 3008 1451 capitula

517 1479 569 1523 et
604 1474 742 1523 bene
777 1474 957 1538 largas
1002 1474 1310 1538 periochas3
1363 1472 1526 1537 idque
1572 1489 1680 1522 non
1730 1489 1795 1522 ex
1842 1487 1953 1522 una
1989 1477 2081 1522 aut
2118 1473 2286 1523 altera
2321 1478 2471 1537 parte
2508 1473 2572 1522 N.
2611 1473 2691 1534 T.,
2730 1473 2842 1541 sed‘
2863 1487 3004 1536 pene

519 1577 584 1610 ex
611 1561 883 1610 omnibus:
924 1562 1193 1626 egregium
1231 1559 1391 1624 plane
1427 1558 1746 1609 haberemus
1785 1561 2056 1624 specimen
2079 1564 2256 1609 textus
2281 1560 2344 1608 N.
2372 1560 2432 1608 Τ.
2463 1558 2636 1624 qualis
2673 1561 2779 1607 iam
2815 1559 3003 1624 primis

518 1646 781 1697 ecclesiae
818 1648 1146 1712 temporibus
1183 1646 1467 1707 ferebatur,
1518 1647 1573 1696 si
1616 1647 1864 1710 integri
1908 1648 1965 1695 in
1999 1645 2186 1711 lingua
2223 1661 2329 1710 qua
2365 1646 2549 1710 scripti
2585 1646 2750 1708 fuere,
2799 1645 2870 1694 ad
2906 1660 3007 1694 nos

521 1735 909 1798 pervenissent.
984 1731 1090 1782 Sed
1138 1749 1259 1782 cum
1306 1747 1503 1798 graeca
1543 1733 1776 1782 maxima
1813 1748 1878 1782 ex
1915 1737 2066 1797 parte
2103 1731 2482 1794 interciderint,
2535 1736 2588 1780 et
2631 1733 2687 1780 in
2731 1731 2832 1793 his,
2871 1746 3012 1796 quae

519 1823 820 1883 supersunt,
859 1820 1161 1884 scriptores,
1200 1820 1394 1884 quibus
1432 1833 1499 1868 ea
1538 1818 1812 1881 debemus,
1849 1819 1994 1868 haud
2032 1835 2239 1884 semper
2276 1819 2558 1868 citaverint
2591 1819 2656 1868 N.
2681 1818 2742 1867 Τ.
2779 1818 2904 1866 loca
2941 1816 3012 1866 ad

518 1910 720 1955 textum
758 1906 1147 1967 Irenaeianum,
1197 1905 1292 1954 sed
1328 1921 1437 1955 11011
1473 1920 1748 1970 nunquam
1783 1905 1853 1954 ad
1891 1906 2106 1955 codices
2154 1922 2279 1956 suos
2330 1907 2649 1970 posteriores
2697 1920 2794 1955 seu
2846 1906 3014 1953 etiam

520 2009 585 2042 ex
638 1993 917 2055 memoria3
979 1993 1035 2040 in
1093 1992 1273 2041 latinis
1334 1996 1511 2042 autem
1574 1991 1624 2040 S.
1684 1991 1989 2057 Scripturae
2049 1993 2350 2042 testimonia
2410 1992 2773 2057 exprimantur
2826 1990 3011 2039 verbis

517 2078 703 2140 Italae,
741 2078 942 2126 factum
968 2083 1072 2128 est:
1110 2083 1169 2126 ut
1195 2078 1339 2127 haud
1374 2079 1559 2142 paucis
1596 2080 1653 2126 in
1689 2078 1821 2128 locis
1852 2080 2065 2128 nonnisi
2090 2095 2156 2128 ex
2181 2083 2432 2128 contextu
2467 2079 2684 2142 assequi
2719 2077 3011 2141 possimus,

521 2179 783 2230 quaenam
818 2180 1005 2214 revera
1041 2165 1201 2214 fuerit
1236 2165 1434 2214 codicis
1472 2164 1526 2214 S.
1550 2165 1761 2214 Irenaei
1795 2164 1991 2216 lectio‘?
2041 2165 2122 2214 Cf.
2158 2165 2223 2214 E.
2261 2165 2323 2214 A.
2360 2165 2703 2226 Frommann,
2743 2165 3005 2228 interpre-

520 2253 749 2302 tationes
786 2252 850 2299 N.
888 2251 949 2301 T.
989 2267 1054 2300 ex
1088 2252 1331 2301 Irenaeo.
1372 2250 1695 2302 Cob.·1766.
1732 2251 1774 2299 Ι.
1813 2251 1883 2300 H.

523 2546 582 2623 ξ.
628 2548 732 2610 41.
804 2542 1087 2627 Opera
1142 2564 1349 2628 quae
1407 2566 1447 2605 a
1506 2542 2047 2607 Tertulliano
2113 2552 2192 2605 et
2253 2524 2692 2606 Clemente
2759 2542 3010 2606 Alex.

1018 2663 1329 2719 navata
1386 2664 1513 2719 est
1570 2655 1870 2720 Codici
1924 2678 2235 2740 graeco
2294 2654 2374 2719 N.
2427 2654 2501 2720 T.

729 2874 869 2934 Quid
904 2873 1107 2923 saeculi
1142 2874 1364 2923 secundi
1399 2891 1449 2939 p.
1478 2873 1536 2922 C.
1563 2889 1615 2921 n.
1653 2878 1828 2921 tractu
1853 2888 2044 2937 passus
2080 2873 2240 2922 fuerit
2275 2874 2340 2921 N.
2373 2874 2433 2921 T.
2471 2873 2687 2934 Textus,
2728 2878 2942 2922 constat
2980 2890 3009 2922 e

524 2961 767 3009 versione
822 2960 1039 3021 „Itala.“
1101 2960 1293 3024 Itaque
1343 2961 1387 3009 si
1441 2960 1723 3009 obscuram
1770 2960 1910 3009 hanc
1957 2964 2162 3025 partem
2211 2960 2566 3009 Historiarum
2604 2960 2805 3008 Textus
2846 2960 2912 3007 N.
2949 2961 3012 3008 1⁴¹.

526 3061 843 3111 pernoscere
882 3047 1141 3111 cupimus,
1182 3046 1481 3095 evolvenda
1516 3052 1639 3097 sunt
1675 3045 2100 3107 Martianaei,
2138 3044 2572 3106 Blanchinii,
2617 3044 2652 3093 S
2669 3045 2750 3094 ab
2766 3046 2908 3095 atie
2926 3048 3011 3107 ri,

524 3132 775 3181 Tische
793 3132 1057 3181 ndorfii
1107 3136 1161 3181 et
1204 3132 1649 3181 Vercellonei
1699 3146 1734 3180 a
1775 3133 1930 3181 nobis
1980 3148 2020 3181 s.
2058 3132 2093 3180 l.
2132 3131 2405 3180 laudanda
2447 3131 2738 3180 volumina.
2801 3130 3016 3182 Graeca

436 3226 454 3246 ⁸
522 3221 642 3284 ipsa
679 3219 821 3283 quod
856 3220 1059 3280 attinet,
1106 3219 1175 3267 ad
1218 3234 1355 3283 quae
1405 3233 1657 3283 expressa
1694 3218 1796 3267 fuit
1838 3218 1974 3267 haec
2009 3219 2225 3280 versio,
2275 3216 2494 3267 mirifice
2544 3223 2847 3282 congruunt
2895 3234 3016 3267 cum

522 3306 587 3354 iis
638 3305 781 3353 unde
828 3306 1065 3353 manavit
1114 3304 1359 3369 Syriaca,
1408 3304 1632 3370 Coptica
1677 3304 1920 3369 aliaeque
1959 3304 2261 3354 Orientales
2297 3305 2615 3368 Versiones3
2667 3308 2832 3369 atque
2870 3304 3016 3353 haud

524 3391 633 3440 alia
676 3391 841 3441 fuisse
891 3397 1092 3441 certum
1136 3396 1244 3441 est:
1296 3406 1454 3456 quam
1502 3391 1775 3441 saeculi
1821 3392 2220 3457 Apostolici
2268 3392 2592 3455 proximi,
2644 3406 2765 3439 cum
2811 3391 3016 3440 Textus

525 3478 688 3527 multo
746 3479 919 3527 minus
982 3492 1141 3543 quam
1194 3480 1252 3527 in
1312 3478 1584 3527 codicibus
1640 3479 1993 3541 posteriorum
2054 3482 2370 3542 temporum,
2431 3478 2631 3525 iniecta
2689 3476 3014 3527 scholiorum

524 3564 665 3625 labe,
702 3565 945 3613 turbatus
983 3563 1199 3627 flueret3
1238 3578 1347 3629 qua
1383 3564 1597 3629 quidem
1633 3569 1785 3628 parte
1823 3565 1890 3613 ab
1930 3563 2310 3629 exemplarium
2348 3579 2470 3613 mss.
2508 3567 2810 3613 nostrorum
2849 3579 3018 3629 prope

526 3651 759 3699 omnium
814 3656 866 3698 et
920 3650 1213 3699 editionum
1266 3654 1415 3701 textu
1470 3650 1798 3715 discrepant,
1853 3651 2090 3715 genuina
2143 3655 2204 3699 ut
2254 3654 2398 3699 recte
2453 3650 2740 3699 arbitratur
2791 3649 3013 3712 Minius,

525 3736 657 3802 prol.
696 3754 746 3801 p.
786 3737 887 3797 50„
937 3735 1187 3786 habenda
1230 3741 1355 3785 sunt
1398 3736 1493 3785 illa
1537 3738 1662 3801 ipsa
1709 3737 2000 3801 speciatim,
2051 3750 2190 3800 quae
2239 3736 2478 3786 solitaria
2522 3740 2575 3785 et
2615 3737 2821 3801 absque
2873 3739 3018 3786 omni

526 3823 799 3884 Codicum,
849 3822 902 3872 S.
939 3824 1157 3872 Patrum
1201 3828 1254 3872 et
1296 3824 1615 3873 Versionum
1665 3824 1916 3873 comitatu
1958 3822 2228 3871 incedunt.
2291 3822 2529 3883 Quorum
2565 3826 2708 3871 certe
2749 3822 3018 3873 beneficio

525 3909 646 3959 loca
682 3910 745 3958 N.
772 3910 833 3957 T.
872 3909 1016 3958 haud
1050 3924 1229 3974 pauca
1262 3910 1541 3959 restituere
1578 3908 1704 3958 licet
1729 3910 2048 3974 originariae
2085 3909 2303 3973 puritati
2337 3923 2482 3959 suae.
2533 3907 2615 3957 cf.
2642 3908 3016 3972 Tischendorf‚

526 3995 609 4044 ed.
648 4011 721 4044 cr.
758 4011 826 4044 m.
863 3996 980 4044 VII.
1018 3995 1151 4060 prol.
1202 4013 1252 4060 p.
1293 3997 1411 4045 ⁶241.
1444 4012 1554 4061 seq.
1612 3995 1718 4056 Qui
1753 3995 1916 4060 paulo
1952 4000 2074 4059 post
2108 4000 2342 4045 veterem
2377 3995 2632 4045 Latinum
2667 3996 3014 4060 interpretem

524 4082 740 4147 scripsit
774 4081 1283 4144 Tertullianus,
1333 4086 1481 4133 textu
1520 4081 1822 4147 originariO,
1861 4096 1932 4130 an
1966 4080 2120 4143 Itala,
2158 4086 2253 4130 aut
2287 4082 2334 4131 si
2368 4083 2554 4143 mavis,
2593 4082 2812 4146 propria
2847 4084 3008 4131 inter·

525 4169 821 4233 pretatione
858 4181 929 4215 an
960 4167 1137 4216 aliena
1172 4184 1302 4218 usus
1328 4169 1430 4218 sit?
1466 4168 1781 4233 disputatur.
1830 4167 2069 4217 Pamelio
2095 4166 2368 4232 Theologo
2401 4167 2681 4233 Brugensi,
2719 4169 2776 4217 in
2801 4168 2886 4217 ed.
2913 4168 3019 4234 Op.

527 4253 643 4303 Col.
686 4254 835 4303 1617.
874 4258 998 4303 ante
1034 4254 1267 4303 indicem
1305 4252 1357 4304 S.
1392 4254 1444 4304 S.
1481 4272 1532 4320 p.
1561 4256 1641 4303 15.
1680 4268 1996 4319 persuasum
2031 4254 2157 4303 fuit:
2197 4254 2686 4304 Tertullianum
2721 4270 2851 4304 non
2887 4259 3022 4303 tam

526 4339 748 4389 aliena
792 4341 1127 4402 versione,
1180 4356 1371 4405 quam
1416 4355 1515 4390 sua
1550 4341 1767 4405 propria
1809 4340 2161 4389 translatione
2211 4355 2366 4390 usum
2403 4341 2584 4390 fuisse.
2645 4340 2766 4390 Hoc
2804 4357 2928 4390 cum
2964 4343 3023 4390 in

527 4427 643 4475 aliis
670 4427 785 4476 eius
816 4427 1027 4490 scriptis
1066 4427 1352 4480 observare
1388 4427 1528 4488 licet,
1568 4433 1680 4477 tum
1716 4442 1842 4477 vero
1878 4428 2048 4491 magis
2086 4426 2180 4475 illo
2218 4426 2290 4475 de
2329 4426 2690 4491 pudicitia;
2730 4427 2836 4477 nisi
2875 4427 3022 4492 quod

525 4512 649 4563 loca
684 4529 726 4563 s.
760 4512 975 4565 Codicis
1013 4512 1335 4581 neglectius,
1375 4529 1440 4562 ex
1476 4514 1755 4577 memoria,
1795 4517 2090 4577 contracte,
2129 4512 2199 4561 ad
2234 4525 2449 4565 sensum
2484 4512 2658 4565 haud
2705 4513 2849 4564 sine
2885 4512 3022 4564 levi
