3309 5300
1044 377 1105 418 De
1134 378 1572 428 interpretationibus
1600 378 1786 429 Syriacis
1815 378 1864 419 V.
1898 380 1946 419 Τ.
2614 368 2732 432 18],

268 576 303 616 a
328 549 613 615 Diodoro
648 550 957 614 Tarsensi
983 555 1048 615 ¹⁰.
1096 551 1284 616 Idem
1316 575 1509 636 porro
1546 555 1838 637 sequitur
1869 576 1924 616 0.
1963 578 1998 615 0
2031 556 2284 638 scriptis
2316 577 2364 617 s,
2398 554 2512 638 Ep
2531 554 2742 617 hrae-

266 665 370 744 mi,
416 686 449 724 e
485 661 723 747 quibus
754 672 940 747 patet
970 663 1035 727 S.
1069 663 1331 727 Patrem
1364 688 1496 728 non
1529 688 1563 727 e
1597 663 1916 727 Textibus
1951 666 2312 748 originariis
2343 664 2492 728 loca
2523 665 2745 728 Divini

266 774 615 839 Voluminis
684 776 1037 839 transferre
1066 799 1080 839 ε
1158 776 1277 839 sed
1341 778 1946 861 interpretationem
2021 779 2151 840 iam
2221 779 2610 841 existentem
2681 788 2746 840 et

268 887 513 975 quidem
545 887 941 971 vulgatam
973 887 1301 951 adhibere.
1338 888 1524 953 Duas
1543 912 1701 954 vero
1721 898 1972 952 tantum
1994 890 2356 953 Versiones
2368 888 2740 974 Ephraemo

268 1012 439 1086 aptas
496 1001 703 1085 ipsius
764 1009 977 1063 aetate
1025 1003 1351 1065 exstitisse
1399 1004 1732 1084 novimus3
1796 1024 2035 1088 nempe
2092 1024 2290 1065 unam
2344 1024 2744 1085 graecam,

269 1113 525 1177 alteram
572 1113 991 1197 syriacam.
1054 1113 1371 1197 Allegatis
1416 1116 1611 1199 igitur
1654 1114 1736 1177 ab
1769 1114 2142 1199 Ephraemo
2178 1113 2243 1177 S.
2277 1112 2341 1177 S.
2389 1113 2550 1179 locis
2599 1138 2743 1177 cum

269 1234 438 1289 textu
498 1223 837 1288 Versionis
914 1224 1223 1311 simplicis
1294 1226 1571 1307 collatiS,
1642 1225 1904 1290 abunde
1974 1225 2299 1309 clarescit,
2379 1249 2425 1289 s,
2482 1226 2744 1289 Patrem

268 1338 559 1400 versione
607 1336 979 1401 Peschito
1030 1360 1246 1401 usum
1292 1338 1490 1402 fuisse
1521 1340 1556 1400 ¹.

464 1448 706 1534 Syrus
738 1451 1057 1535 interpres
1082 1450 1377 1514 Judaeae
1407 1452 1606 1515 fuerit
1631 1451 1962 1536 religionis
1988 1474 2072 1514 an
2098 1451 2530 1514 christianae?
2552 1451 2752 1533 longa

272 1572 359 1626 est
397 1564 565 1625 inter
610 1564 783 1626 viros
831 1561 1060 1627 doctos
1108 1565 1570 1627 controversia.
1622 1563 1788 1627 Cum
1838 1565 2125 1627 externis
2170 1563 2296 1627 hac
2344 1561 2425 1626 de
2464 1586 2536 1626 re
2569 1586 2747 1647 pror-

275 1698 371 1739 sus
401 1673 830 1739 destituamur
876 1677 1297 1759 argumentiS,
1340 1676 1425 1739 ad
1454 1677 1713 1739 interna
1745 1675 2257 1759 confugiendum
2291 1677 2428 1739 erit.
2467 1675 2556 1739 Et
2585 1676 2750 1738 haec

276 1786 521 1872 quidem
566 1809 686 1872 per
731 1810 802 1851 se
848 1798 1147 1873 spectata
1192 1798 1530 1852 auctorem
1584 1786 2146 1870 Christianum,
2203 1787 2510 1852 Judaeo2
2555 1787 2750 1871 longe

274 1898 765 1985 probabiliorem
810 1899 1095 1963 reddunt
1114 1904 1155 1963 3.
1220 1900 1406 1979 Quae
1445 1923 1667 1964 rursus
1715 1902 1932 1964 omnia
1977 1900 2165 1963 simul
2209 1902 2430 1964 iuncta
2477 1901 2746 1981 faciunt,

277 2144 381 2177 cum
433 2128 684 2179 Peschito
748 2144 1007 2195 persaepe
1063 2145 1355 2194 congruere
1411 2128 1790 2191 observentur;
1829 2156 1894 2163 —
1932 2144 1981 2177 v.
2029 2108 2238 2189 P‘erles,
2297 2128 2331 2177 l.
2372 2146 2415 2177 c.
2472 2145 2522 2193 p.
2563 2131 2648 2178 50.
2687 2158 2754 2165 —

278 2215 537 2279 probabile
574 2218 762 2280 utique
800 2217 1036 2266 videtur:
1076 2216 1281 2281 Syrum,
1320 2217 1472 2265 cuius
1509 2216 1878 2279 interpretatio
1917 2230 2080 2279 penes
2119 2214 2170 2263 S.
2198 2215 2257 2263 P.
2297 2220 2350 2264 et
2375 2214 2427 2264 S.
2455 2216 2517 2263 Ε.
2556 2218 2753 2280 passim

279 2301 491 2363 affertur,
532 2318 651 2352 esse
688 2304 1004 2353 Versionem
1040 2303 1351 2367 simplicem.
1815 2284 1822 2295 ’

470 2390 507 2453 1)
548 2389 708 2449 Quod
752 2391 831 2439 ita
866 2390 1269 2439 demonstratur.
1333 2392 1378 2438 1.
1418 2389 1470 2439 S.
1506 2387 1842 2453 Ephraemus
1877 2387 2044 2437 verba
2081 2387 2323 2452 plurima,
2374 2404 2512 2452 quae
2549 2390 2753 2453 profert

274 2474 565 2540 allegando,
602 2481 861 2542 tanquam
898 2478 1129 2527 obscura
1160 2482 1215 2525 et
1238 2476 1495 2537 obsoleta,
1534 2474 1652 2524 aliis
1688 2475 1912 2524 vocibus
1947 2475 2118 2538 magis
2155 2474 2295 2523 notis
2333 2475 2576 2539 explicat.
2624 2476 2756 2536 Quis

274 2563 370 2611 iam
423 2566 806 2614 commentaria
870 2565 1153 2615 scribendo
1208 2566 1285 2613 ita
1336 2563 1675 2624 transferret,
1737 2567 1797 2611 ut
1849 2576 2000 2611 suam
2061 2562 2228 2626 ipsius
2282 2563 2578 2611 versionem
2635 2580 2756 2613 mox

275 2650 605 2701 obscuritatis
631 2658 759 2702 nota
784 2654 1053 2717 signaret?
1090 2656 1136 2702 2.
1164 2652 1435 2701 Interdum
1460 2652 1678 2711 Tenus,
1709 2665 1843 2714 quos
1871 2650 2016 2710 citat,
2042 2665 2150 2698 non
2176 2647 2344 2698 solum
2372 2648 2439 2698 ab
2465 2649 2756 2711 HebraicO,

274 2737 363 2786 sed
386 2744 437 2788 et
460 2754 493 2788 a
519 2738 726 2790 Graeco
753 2740 964 2790 differre
991 2739 1234 2790 affirmat.
1284 2743 1332 2788 3.
1369 2740 1515 2788 Dicit
1550 2753 1609 2786 se
1633 2737 2074 2801 interpretatione
2111 2738 2218 2784 iam
2259 2740 2478 2796 „nota“
2518 2738 2611 2799 uti,
2649 2738 2755 2786 imo

274 2826 523 2876 versionis
561 2827 817 2892 simplicis
854 2829 1084 2892 vestigia
1120 2832 1226 2876 tam
1262 2826 1543 2890 diligenter
1578 2825 1783 2891 premit,
1822 2828 1882 2871 ut
1917 2822 2206 2886 aliquando
2235 2823 2304 2871 ad
2332 2839 2546 2872 sensum
2582 2825 2755 2872 minus

274 2919 448 2978 aptum
492 2915 871 2964 stabiliendum
910 2931 977 2964 ea
1012 2915 1148 2963 duce
1196 2915 1412 2962 feratur.
1450 2941 1515 2948 —
1554 2911 1883 2961 Testimonia
1931 2909 2070 2959 hanc
2106 2911 2162 2958 in
2199 2914 2335 2959 rem‘
2357 2924 2552 2974 magna
2601 2911 2758 2973 copia

274 2999 668 3065 diligentissime
718 3002 935 3067 collegit
980 3003 1266 3074 Wiseman,
1316 3000 1348 3048 l.
1389 3017 1432 3048 c.
1482 3017 1533 3064 p.
1584 3000 1754 3061 1223·
1786 2999 1940 3047 novis
1987 2996 2242 3060 symbolis
2292 3003 2555 3046 auxerunt
2607 2995 2665 3044 C.
2706 3011 2754 3044 a.

274 3089 574 3154 Lengerke‚
634 3090 700 3138 de
755 3089 1061 3154 Ephraemo
1114 3089 1247 3154 Syro
1298 3087 1349 3136 S.
1402 3086 1454 3135 S.
1502 3088 1807 3150 interprete.
1855 3082 1974 3132 Hal.
2023 3082 2146 3132 Sax.
2201 3084 2348 3132 1828.
2399 3099 2450 3146 p.
2495 3084 2574 3131 15.
2614 3098 2654 3130 8.
2707 3087 2758 3130 01

274 3176 465 3238 Perles,
492 3177 525 3226 l.
549 3194 593 3227 0.
616 3195 667 3241 p.
690 3180 773 3226 51.
800 3205 867 3212 —
893 3179 1045 3238 Quae
1071 3192 1190 3226 cum
1216 3177 1293 3224 ita
1316 3177 1423 3224 sint
1448 3173 1580 3222 nihil
1606 3172 1752 3222 aliud
1779 3173 1934 3220 nobis
1959 3169 2198 3220 relictum
2225 3175 2318 3231 est,
2347 3171 2447 3217 nisi
2474 3173 2532 3217 111
2557 3174 2756 3218 statua-

276 3281 414 3314 mus:
461 3269 690 3325 textum,
728 3281 887 3329 quem
922 3266 977 3312 in
1014 3265 1076 3312 V.
1115 3265 1203 3324 Τ.,
1242 3263 1385 3327 quod
1421 3263 1726 3310 universum
1763 3258 2046 3307 illustravit
2082 3257 2499 3316 commentariis,
2543 3261 2758 3304 secutus

277 3356 349 3399 est
386 3367 426 3399 s.
454 3351 804 3415 Ephraemus,
846 3353 1101 3400 omnino
1138 3350 1289 3399 illum
1324 3348 1672 3396 Versionis
1708 3343 2041 3409 Simplicis
2081 3344 2262 3392 fuisse.
2319 3342 2358 3406 2)
2389 3341 2588 3402 Simon,
2618 3342 2756 3390 Hist.

275 3455 341 3486 cr.
378 3439 443 3486 V.
468 3439 530 3486 Τ.
568 3439 641 3499 Π,
671 3441 751 3488 15.
790 3440 951 3503 p.-76.
990 3439 1093 3487 ait:
1135 3437 1334 3497 „videri
1372 3436 1537 3500 possit
1574 3449 1682 3482 non
1719 3432 1787 3482 ab
1826 3430 2038 3480 homine
2078 3430 2377 3479 Christiano
2415 3428 2511 3478 sed
2545 3429 2756 3478 Judaeo

276 3527 641 3574 concinnata.“
677 3524 893 3586 -Perles,
932 3524 965 3574 l.
1005 3533 1053 3573 0.·
1087 3541 1138 3588 p.
1176 3525 1223 3578 8.
1262 3522 1471 3572 scribit:
1531 3521 1748 3584 „Neque
1786 3519 2016 3567 dubitari
2067 3522 2242 3581 potest
2289 3517 2416 3581 quin
2455 3515 2760 3564 Peschittho

276 3614 443 3661 versio
482 3613 549 3662 ab
576 3613 955 3676 interpretibus
993 3611 1235 3676 pluribus
1272 3610 1518 3659 confecta
1554 3607 1850 3656 doctrinam
1887 3605 2154 3654 iudaicam
2191 3609 2391 3664 secuta,
2430 3603 2762 3652 iudaicarum

278 3713 411 3764 quae
448 3701 503 3748 in
540 3699 853 3748 Palaestina
889 3698 1411 3755 circumferebantur,
1448 3696 1752 3744 versionum
1789 3693 2104 3740 vet-eriorum
2155 3691 2448 3739 servaverit
2483 3690 2757 3752 vestigia.“

279 3785 353 3834 Cf.
382 3803 431 3850 p.
460 3788 540 3834 15.
569 3802 609 3835 s.
650 3789 731 3835 21.
758 3803 799 3836 8.
856 3787 895 3850 3)
924 3785 1241 3848 Cumprimis
1268 3800 1313 3831 α.
1339 3782 1688 3832 Psalmorum.
1739 3779 1820 3828 cf.
1847 3780 2062 3842 interpr.
2087 3778 2172 3827 Ps.
2203 3779 2282 3824 21.
2312 3778 2394 3824 55.
2426 3779 2538 3824 110.
2578 3776 2762 3823 Prouti

276 3878 379 3924 iam
416 3875 478 3925 G.
520 3874 799 3934 Gesenius,
838 3874 925 3937 ph.
963 3873 1043 3921 kr.
1080 3888 1132 3921 11.
1170 3871 1289 3922 11181.
1330 3869 1619 3918 Commeat.
1661 3872 1712 3916 ii.
1751 3866 1799 3914 d.
1825 3866 2026 3915 Jesaia.
2064 3865 2249 3928 Leipz.
2281 3864 2428 3911 1821.
2465 3862 2508 3924 Ι,
2538 3866 2583 3923 1,
2611 3865 2693 3910 85.
2721 3877 2761 3910 8.

280 3965 607 4023 observavit,
656 3964 721 4010 iis
770 3964 824 4010 in
874 3961 952 4009 rei
1000 3959 1359 4009 testimonium
1404 3956 1536 4005 locis
1588 3955 1793 4016 allatis3
1849 3952 2042 4017 quibus
2091 3951 2253 3999 alium
2302 3965 2515 3998 sensum
2550 3949 2765 4010 Judaei,

282 4051 437 4099 alium
476 4049 766 4098 Christiani
803 4048 1065 4096 subiicere
1112 4044 1298 4094 solent.
1360 4044 1509 4092 Idem
1556 4046 1706 4106 patet
1752 4038 1794 4104 β.
1835 4056 1863 4088 0
1901 4039 2196 4086 sectionum
2244 4035 2428 4096 titulis,
2477 4037 2533 4084 in
2571 4035 2764 4099 quibus

282 4139 471 4187 mentio
510 4137 593 4186 fit:
634 4135 699 4184 de
739 4150 895 4183 cruce
924 4136 1145 4197 eiusque
1181 4131 1553 4190 veneratione3
1594 4129 1662 4176 de
1686 4127 1898 4177 ieiuniis
1937 4130 1989 4174 et
2025 4123 2243 4188 vigiliis,
2286 4123 2350 4171 de
2381 4124 2480 4186 piis
2518 4120 2764 4185 precibus

284 4241 372 4288 pro
421 4223 703 4273 defunctis.
776 4221 933 4271 Unde
983 4221 1143 4269 etiam
1198 4221 1335 4268 bene
1380 4215 1696 4267 refelluntur
1749 4211 2085 4271 heterodoxi,
2143 4211 2234 4274 qui
2288 4209 2616 4258 contendunt
2668 4207 2765 4256 hos

286 4317 334 4360 et
366 4310 565 4360 similes
602 4313 734 4359 ritus
773 4310 839 4358 ab
879 4307 1127 4356 Ecclesia
1160 4306 1403 4354 Romana
1439 4305 1651 4353 serius
1691 4317 1806 4350 esse
1845 4301 2098 4348 invectos.
2137 4295 2356 4345 Addidit
2391 4312 2436 4361 γ.
2468 4295 2534 4342 L.
2563 4292 2762 4354 Hirzel,

287 4400 347 4448 (10
380 4399 657 4448 versionis
708 4397 958 4460 Syriacae
1006 4409 1164 4459 quam
1214 4393 1459 4442 Peschito
1514 4395 1710 4439 vocant
1757 4386 1934 4438 indole
1982 4389 2258 4436 comment.
2308 4399 2380 4430 cr.
2428 4396 2575 4444 exeg.
2614 4380 2765 4442 Lips.

292 4489 433 4536 1825.
464 4504 516 4551 p.
548 4487 663 4534 129.
690 4500 731 4533 8.
770 4482 901 4532 illud
938 4487 1321 4547 argumentum,
1362 4478 1505 4543 quod
1542 4477 1726 4526 dicunt
1761 4475 2092 4538 negativum3
2133 4486 2238 4535 quo
2277 4469 2464 4518 eadem
2501 4467 2768 4516 sententia

292 4573 496 4624 fulcitur
524 4577 577 4622 et
602 4570 1029 4634 commendatur3
1069 4567 1278 4634 quodve
1317 4567 1499 4615 nititur
1537 4563 1821 4612 collatione
1857 4561 2046 4624 Syrum
2083 4561 2219 4608 inter
2255 4561 2416 4622 atque
2455 4557 2766 4621 interpretes
