3309 5300
1175 428 1238 469 De
1265 427 1547 470 Vei-sionibus
1575 426 1763 469 Latinis.
2589 412 2716 479 229

226 708 279 785 ξ.
326 708 433 773 97.
500 706 757 769 Ratio
805 706 1127 770 Textus
1172 705 1598 769 Romanae
1655 704 2076 769 editionis
2125 705 2190 769 S.
2237 704 2714 769 Bibliorum

1246 816 1696 902 Vulgatae.

428 1008 792 1092 Postquam
840 1008 991 1071 satis
1036 1006 1292 1093 prolixe
1326 1006 1662 1071 Versionis
1710 1006 1774 1071 S.
1809 1006 2167 1071 Bibliorum
2216 1005 2514 1071 editionis
2560 1006 2715 1070 Vul-

229 1129 412 1203 gatae
460 1119 761 1184 historias
795 1121 1259 1203 enarravimus,
1308 1120 1645 1184 brevitatis
1679 1128 1744 1185 et
1789 1120 2096 1183 claritatis
2141 1121 2368 1204 gratia,
2414 1118 2716 1184 lubenter

230 1233 575 1295 recitamus
609 1232 683 1297 O.
719 1232 793 1295 R.
828 1231 1204 1295 Bellarmini
1229 1236 1267 1315 ¹,
1318 1232 1398 1297 de
1435 1232 1744 1317 qualitate
1775 1242 1994 1296 textus
2033 1232 2134 1297 ed.
2170 1231 2302 1296 Cle
2318 1256 2381 1294 m
2399 1255 2432 1295 e
2447 1256 2490 1295 n
2504 1234 2713 1297 tinae

230 1346 609 1407 sententiam
631 1367 647 1428 3
706 1346 774 1408 in
822 1366 1017 1430 quam
1066 1344 1245 1430 quod
1290 1345 1374 1409 ad
1429 1347 1524 1409 rei
1572 1367 1888 1409 summam
1935 1343 2129 1409 hodie
2179 1346 2373 1408 etiam
2417 1344 2713 1431 plerique

232 1456 573 1539 Catholici,
636 1466 834 1541 atque
883 1479 969 1519 ex
1013 1456 1415 1521 Acatholicis
1464 1479 1728 1542 quoque
1774 1457 1946 1521 bene
2001 1456 2184 1521 multi
2206 1458 2257 1539 ²,
2321 1456 2712 1521 concedunt.

228 1568 444 1633 Habet
487 1569 743 1633 Textus
772 1570 1108 1633 Romanae
1157 1570 1457 1634 editionis
1503 1569 1672 1633 Bibli
1681 1593 1864 1633 orum
1907 1568 2264 1653 Vulgatae:
2314 1592 2370 1632 a.
2417 1569 2470 1632 P
2485 1593 2514 1632 s
2528 1568 2713 1632 alte-

230 1682 417 1745 rium
457 1681 636 1765 illud,
686 1679 863 1767 quod
904 1680 986 1745 ab
1036 1684 1365 1769 antiquo
1421 1684 1864 1767 interprete
1911 1681 2293 1745 translatum
2341 1681 2714 1745 emendavit

230 1794 298 1857 B.
344 1795 808 1879 Hieronymus,
871 1793 935 1861 b.
988 1794 1174 1858 Libri
1235 1794 1690 1880 Sapientia
1712 1817 1777 1877 e,
1834 1793 2458 1858 Ecclesiastici
2515 1803 2711 1879 atque

230 1905 575 1970 Machab
598 1929 693 1969 ae
715 1929 979 1989 orum,
1033 1905 1458 1992 probabiliter
1504 1916 1655 1971 sunt
1701 1929 1786 1971 ex
1831 1908 2046 1991 prisca
2090 1906 2350 1989 Itala3
2395 1905 2713 1991 reliqui

230 2017 539 2083 Veteris
571 2018 628 2081 F
646 2041 682 2082 o
699 2018 989 2102 ederiS,
1037 2019 1207 2083 forte
1248 2041 1361 2082 om
1379 2042 1545 2101 nes,
1578 2029 1730 2083 sunt
1762 2041 1847 2081 ex
1877 2019 2408 2104 interpretatione
2443 2017 2505 2081 d.
2539 2018 2711 2081 Hie-

232 2132 566 2216 ronymi.
643 2132 963 2195 Novum
1010 2154 1167 2195 vero
1221 2130 1858 2196 Testamentum
1904 2141 2167 2196 totum
2216 2154 2314 2194 ex
2361 2132 2713 2215 antiqua

234 2264 272 2303 v
288 2265 318 2305 e
336 2266 370 2305 r
386 2244 503 2307 sio
521 2268 565 2306 n
586 2267 620 2307 e
670 2254 998 2328 tenemus3
1047 2266 1243 2329 quam
1290 2254 1508 2308 tamen
1557 2245 1900 2329 castigavit
1945 2243 2011 2308 S.
2043 2244 2506 2330 Hieronymus

236 2540 286 2616 ξ.
314 2542 411 2605 98.
459 2539 623 2602 Per
672 2538 1134 2620 decretum,
1185 2559 1341 2623 quo
1389 2537 1766 2623 Vulgata
1813 2537 2314 2602 declaratur
2355 2542 2710 2622 ,authen-

634 2653 848 2734 tica‘,
895 2649 1295 2715 fontibus
1340 2650 1423 2716 U.
1466 2650 1543 2715 F.
1591 2674 1754 2715 non
1801 2650 2292 2736 derogatur.

424 2847 536 2906 Sed
566 2850 733 2923 prius
764 2867 830 2906 ac
860 2851 1179 2905 tractatum
1209 2853 1476 2906 nostrum
1507 2869 1538 2906 e
1570 2868 1752 2906 manu
1785 2847 2140 2905 dimittimus
2154 2893 2168 2919 ,
2225 2851 2500 2906 solvenda
2529 2853 2712 2906 restat

235 2951 438 3010 famosa
480 2955 744 3030 quaestio
789 2953 858 3008 de
902 2953 1099 3010 verbis
1130 2951 1376 3010 Concilii
1419 2952 1783 3010 Tridentini:
1833 2958 1932 3022 ,ut
1976 2954 2148 3009 haec
2189 2955 2347 3027 ipsa
2390 2958 2596 3011 vetus
2641 2957 2712 3009 et

236 3053 533 3130 Vulgata
579 3056 823 3127 editi0‚
872 3076 1048 3134 quae
1092 3056 1309 3129 longo
1356 3061 1461 3114 tot
1506 3057 1961 3114 saeculorum
2008 3076 2134 3112 usu
2173 3057 2250 3113 in
2281 3056 2441 3130 ipsa
2470 3056 2708 3112 Eccle-

236 3158 324 3216 sia
388 3163 691 3236 probata
758 3165 893 3230 est,
969 3162 1043 3217 in
1118 3159 1441 3234 publicis
1508 3160 1978 3230 lectionibus,
2059 3160 2704 3234 disputationibus,

236 3265 894 3335 praedicationibus
925 3269 993 3322 et
1024 3264 1615 3339 expositionibus
1648 3285 1774 3339 pro
1809 3263 2300 3341 ,authentica‘
2333 3265 2704 3335 habeatur,

236 3370 295 3422 et
333 3388 529 3426 nemo
574 3368 782 3426 illam
842 3369 1157 3426 reiicere
1203 3368 1469 3446 quovis
1522 3373 1920 3444 praetextu
1979 3369 2262 3437 audeat,
2334 3367 2451 3426 vel
2509 3388 2706 3443 prae-

236 3475 493 3530 sumat.‘
554 3473 875 3530 Decretum
905 3474 1072 3531 modo
1102 3473 1424 3543 laudatum,
1470 3475 1622 3550 quod
1655 3473 1972 3547 Vulgatam
2005 3469 2542 3543 ,authenticam‘
2575 3492 2706 3547 pro-

238 3576 548 3648 nunciavit,
607 3578 747 3635 adeo
798 3596 965 3653 saepe
1011 3577 1516 3654 eruditissimeque
1562 3577 1924 3652 explicatum
1972 3580 2032 3633 et
2073 3576 2438 3634 vindicatum
2486 3580 2601 3646 est3
2642 3581 2711 3632 ut

236 3679 384 3736 nobis
415 3681 729 3739 nonnullas
771 3682 889 3738 huc
933 3681 1293 3756 pertinentes
1340 3682 1772 3740 observationes
1818 3681 2029 3737 addere
2075 3680 2334 3738 sufficiat
2356 3677 2398 3738 3.
2448 3681 2540 3736 Ad
2594 3681 2709 3737 rite

428 3921 465 3986 ¹)
503 3921 589 3970 De
613 3920 791 3970 Verbo
816 3922 921 3970 Dei
944 3921 1013 3983 Π,
1042 3923 1091 3970 9.
1117 3937 1167 3986 p.
1197 3923 1312 3970 135.
1338 3937 1380 3970 s.
1443 3921 1483 3986 2)
1522 3921 1756 3982 Quorum
1784 3921 2000 3970 nomina
2025 3920 2304 3986 elogiaque
2331 3921 2385 3969 in
2422 3920 2706 3986 Vulgatam

238 4009 487 4073 congessit
510 4008 572 4057 L.
600 4023 706 4057 van
730 4009 850 4069 Ess,
888 4009 1218 4073 pragmatica
1252 4008 1546 4058 Doctorum
1584 4006 1980 4056 catholicorum
2007 4007 2305 4056 Tridentini
2343 4009 2485 4058 circa
2509 4008 2706 4073 Vulga-

239 4095 327 4141 tam
361 4094 581 4144 Decreti
618 4110 833 4144 sensum
870 4110 969 4144 nec
1009 4110 1115 4143 non
1153 4095 1354 4143 licitum
1380 4095 1581 4144 Textus
1608 4093 1896 4158 Originalis
1934 4110 2090 4144 usum
2125 4095 2432 4144 testantium
2468 4095 2710 4144 Historia

240 4175 398 4228 Sulzb.
426 4182 579 4230 1816.
630 4181 855 4241 Quibus,
894 4183 939 4229 si
976 4183 1335 4246 necessarium
1362 4180 1515 4242 foret,
1554 4196 1583 4229 e
1616 4179 1825 4229 schedis
1863 4180 2059 4230 nostris
2095 4180 2299 4246 largam
2335 4182 2523 4230 seriem
2548 4182 2706 4230 Essio

238 4268 571 4316 recentiorum
598 4268 913 4332 scriptorum
941 4267 1138 4317 addere
1164 4267 1479 4316 valeremus.
1540 4267 1579 4332 ³)
1610 4266 1908 4315 Videantur
1931 4271 2142 4331 praeter
2165 4269 2271 4316 iam
2295 4266 2541 4316 laudatos
2566 4267 2705 4316 Bon-

238 4349 455 4415 frerium,
492 4352 544 4403 J.
572 4353 887 4414 Marianam,
928 4353 1242 4415 Calmetnm,
1279 4353 1625 4417 Vere-ellone,
1667 4354 1826 4401 etiam
1862 4351 1934 4401 M.
1972 4352 2229 4402 Petitdier
2266 4352 2329 4402 Ο.
2369 4351 2421 4402 S.
2447 4353 2526 4415 Β.,
2563 4353 2708 4403 Diss.

239 4434 278 4484 h.
312 4454 379 4487 cr.
405 4438 513 4488 chr.
551 4441 604 4488 in
644 4439 695 4489 S.
725 4439 777 4489 S.
816 4441 939 4489 Par.
970 4441 1119 4490 1699.
1158 4441 1224 4489 X.
1261 4457 1313 4505 p.
1340 4441 1422 4490 85.
1449 4455 1491 4488 s.
1547 4441 1598 4490 J.
1636 4439 1698 4488 B.
1735 4438 1963 4500 Branca,
2003 4440 2069 4488 de
2105 4439 2368 4504 vulgatae
2407 4439 2488 4488 ed.
2527 4445 2708 4490 aucto-

242 4523 378 4574 ritate
412 4526 553 4576 Med.
590 4527 742 4576 1791.
790 4524 980 4576 Joach.
1020 4526 1085 4575 de
1120 4526 1391 4589 Azevedo,
1429 4543 1524 4591 pro
1562 4525 1811 4590 Vulgata*
1834 4524 1885 4574 S.
1912 4525 2206 4574 Bibliorum
2243 4525 2412 4575 latina
2441 4527 2522 4576 ed.
2551 4525 2708 4576 Olisi-

240 4623 349 4673 pon.
377 4613 523 4664 1792.
573 4613 625 4664 J.
651 4613 897 4678 Brunati,
935 4613 999 4662 de
1036 4629 1177 4666 nom.
1206 4617 1343 4666 auct.
1382 4613 1588 4666 emend.
1629 4617 1682 4663 et
1719 4612 1862 4666 auth.
1887 4611 2044 4683 Vulg.
2070 4613 2259 4664 Vienn.
2288 4613 2438 4663 1827.
2475 4630 2526 4685 p.
2553 4615 2636 4665 20.
2665 4630 2706 4670 s.
