3309 5300
1169 414 1306 465 Leges
1335 412 1492 465 explic.
1524 413 1565 453 S.
1597 413 1864 463 scripturae.
2635 396 2762 461 283

270 612 417 653 esse
469 592 777 654 comitem
823 589 1025 655 voluit
1082 588 1541 675 eloquentiam.
1620 586 1770 667 Qua
1817 587 1899 651 de
1943 610 2014 651 re
2059 586 2496 673 pulcherrime
2554 584 2766 668 inquit

272 700 341 766 S.
404 703 936 787 Augustinus:
999 700 1301 784 ,Sciant
1359 700 1695 783 literati,
1757 723 1822 763 m
1842 724 1878 763 o
1899 700 2026 763 dis
2088 722 2124 764 o
2146 697 2475 763 mnibus
2542 696 2620 760 lo
2642 718 2763 759 cu-

269 816 548 897 tioniS,
616 838 809 901 quos
872 816 1369 899 grammatici
1415 836 1708 897 graeco
1753 814 2013 878 nomin
2033 836 2066 875 e
2130 822 2303 896 trop
2323 833 2402 875 os
2448 818 2762 891 vocant,

271 937 646 991 auctores
690 936 1001 991 nostros
1049 950 1227 990 usos
1272 926 1541 990 fuisse.
1608 924 1818 1004 Quos
1863 935 2131 1011 tropos
2180 925 2312 1011 qui
2355 930 2762 1003 noverunt,

272 1062 478 1123 agno
496 1062 526 1103 s
544 1047 728 1103 cunt
771 1040 849 1102 in
892 1038 1184 1102 Literis
1234 1037 1278 1102 S
1296 1040 1580 1121 anctis,
1638 1060 1902 1102 eorum
1920 1059 2063 1122 que
2111 1036 2448 1101 scientia
2493 1034 2586 1098 ad
2633 1055 2764 1097 eas

270 1150 845 1236 intelligendas
894 1151 1397 1215 adiuvantur‘
1418 1154 1457 1213 ¹.
1518 1150 1714 1214 Unde
1759 1152 2080 1235 interpres
2129 1148 2426 1212 dictionis
2470 1145 2764 1209 Biblicae

270 1263 541 1346 lumina,
603 1274 828 1349 tropos
876 1274 942 1328 et
984 1264 1227 1349 figuras
1277 1263 1612 1349 expendat
1658 1262 2098 1347 dilucidetque
2158 1282 2431 1325 necesse
2492 1268 2622 1341 est,
2698 1259 2763 1321 in

276 1399 408 1462 qua
455 1378 867 1461 expositione
918 1375 1045 1440 duo
1098 1385 1405 1440 accurate
1451 1375 1555 1440 hic
1603 1376 1900 1440 cavenda
1938 1385 2086 1439 sunt
2120 1376 2304 1461 quasi
2348 1373 2762 1459 praecipitia:

278 1488 598 1573 Summop
608 1512 716 1552 ere
786 1490 1255 1553 attendendum
1323 1512 1381 1552 a.
1445 1498 1516 1553 ut
1572 1511 1656 1551 ne
1720 1490 1886 1552 sicut
1946 1492 2200 1569 νεώτεροι
2259 1486 2525 1567 faciunt,
2596 1506 2764 1569 quae

274 1624 315 1686 p
328 1625 363 1664 r
378 1624 414 1664 o
428 1623 472 1685 p
486 1602 551 1664 ri
565 1624 601 1664 e
649 1612 798 1665 sunt
841 1600 1292 1685 intelligenda,
1354 1601 1563 1685 figur
1576 1624 1614 1665 a
1626 1611 1653 1665 t
1669 1624 1703 1664 e
1751 1602 2172 1685 accipiantur.
2250 1598 2525 1683 Semper
2584 1593 2767 1661 iubet

276 1736 323 1777 s.
356 1713 801 1797 Augustinus:
847 1735 964 1797 ,ne
1011 1716 1407 1799 propriam
1451 1716 1679 1800 quasi
1725 1714 2150 1797 figuratam
2190 1711 2521 1775 velimus
2567 1710 2764 1773 acci-

274 1849 315 1911 p
335 1828 491 1889 ere‘
537 1825 936 1890 locutionem
958 1828 1002 1889 2.
1049 1826 1405 1891 Enimvero
1453 1828 1577 1890 nisi
1613 1828 1681 1889 in
1720 1826 2098 1890 manifestos
2148 1847 2400 1888 errores
2445 1825 2539 1886 ire
2583 1820 2764 1885 volu-

274 1961 443 2020 muS,
492 1960 785 2024 eousque
831 1938 1183 2002 verborum
1229 1942 1592 2024 proprietas
1637 1938 1982 2003 retinenda
2015 1948 2144 2021 est3
2195 1937 2405 2001 donec
2439 1933 2764 2020 quaedam

272 2073 518 2135 urgens
578 2052 741 2114 ratio
803 2061 1064 2137 tropum
1110 2051 1384 2115 suadeat
1403 2054 1447 2114 3.
1514 2050 1579 2114 b.
1626 2051 1858 2115 Refert
1914 2051 2282 2137 plurimum,
2343 2058 2414 2113 ut
2465 2070 2546 2111 ne
2596 2068 2764 2133 quae

274 2163 557 2247 figurate
608 2172 755 2226 sunt
802 2164 1205 2249 accipienda,
1252 2165 1515 2249 proprie
1560 2164 2018 2247 intelligantur,
2079 2173 2234 2226 tunc
2283 2164 2452 2226 enim
2502 2183 2537 2223 c
2552 2180 2764 2223 arna-

275 2274 461 2338 liter
523 2298 658 2359 sap
674 2277 857 2357 itur,
918 2275 1129 2338 iudice
1194 2275 1428 2339 eodem
1490 2300 1537 2339 S.
1594 2275 1961 2360 Augustino
1983 2279 2040 2359 43
2112 2298 2239 2360 quo
2287 2277 2331 2337 ii
2375 2277 2766 2358 interpretes

278 2410 561 2473 peccare
611 2387 803 2450 facile
848 2398 1135 2473 possent,
1186 2388 1417 2474 quibus
1462 2388 1776 2474 loquendi
1821 2391 1984 2453 ratio
2029 2387 2467 2473 Scriptoribus
2498 2384 2766 2449 Biblicis

278 2501 537 2581 usitata,
584 2502 797 2563 minus
840 2510 1190 2585 perspecta
1220 2486 1351 2564 est.
1415 2500 1496 2563 In
1542 2503 1770 2586 quavis
1821 2503 2112 2565 oratione
2158 2501 2412 2585 tropica
2455 2500 2767 2581 interpre-

280 2612 499 2695 tanda,
552 2613 949 2698 etymologia
991 2636 1229 2678 vocum
1275 2636 1406 2678 non
1441 2624 1539 2678 est
1568 2614 1762 2678 valde
1808 2613 2137 2699 urgenda,
2187 2614 2339 2699 quia
2378 2634 2532 2675 usus
2574 2610 2770 2674 docet

278 2728 469 2788 istam
491 2749 625 2790 non
645 2749 907 2811 semper
929 2729 1232 2811 spectari,
1250 2727 1356 2790 vel
1372 2727 1567 2812 plane
1584 2730 1714 2790 iam
1735 2728 2094 2792 evanuisse.
2119 2726 2380 2790 Deinde
2397 2723 2766 2808 interpretis

280 2847 377 2901 est
406 2848 669 2923 tropum
700 2839 767 2902 in
800 2838 1237 2924 explicatione
1266 2838 1331 2903 S.
1359 2838 1844 2925 Scripturarum
1867 2840 1950 2904 U.
1976 2841 2051 2904 F.
2078 2841 2332 2925 penitus
2359 2837 2701 2902 exhaurire
2723 2838 2764 2897 ⁵.

494 3033 532 3091 1)
572 3033 655 3080 De
684 3031 849 3081 doctr.
878 3030 999 3081 Chr.
1024 3032 1119 3094 111,
1150 3035 1231 3082 29.
1269 3049 1321 3097 p.
1351 3035 1466 3082 100.
1523 3033 1561 3099 2)
1602 3034 1666 3082 L.
1693 3049 1737 3083 c.
1768 3036 1849 3083 10.
1887 3051 1937 3098 p.
1965 3036 2048 3084 86.
2111 3034 2150 3098 3)
2191 3033 2347 3093 Quod
2378 3033 2646 3096 proprium
2687 3037 2768 3080 est

277 3121 353 3168 illi
392 3135 678 3185 perversae
705 3121 1142 3185 interpretationi,
1185 3135 1291 3185 qua
1314 3120 1394 3169 illi
1424 3135 1559 3170 aevo
1592 3127 1772 3170 nostro
1799 3122 2027 3186 pessime
2052 3123 2280 3185 peccant
2305 3120 2636 3182 interpretes,
2676 3119 2767 3182 qui

283 3198 553 3258 Historias
583 3207 775 3256 Sacras
802 3208 859 3256 in
885 3207 1122 3272 mythos3
1160 3208 1430 3256 Vaticinia
1467 3213 1645 3257 autem
1681 3210 1737 3256 in
1771 3208 2070 3258 locutiones
2105 3207 2359 3272 figuratas
2395 3209 2766 3255 transmutant.

282 3295 345 3342 V.
371 3310 423 3358 p.
450 3295 571 3343 258.
600 3295 718 3342 274.
780 3294 822 3358 ⁴)
857 3295 941 3342 De
980 3295 1144 3343 doctr.
1185 3293 1305 3342 Chr.
1343 3295 1515 3356 111‚5.
1544 3307 1601 3359 p:
1623 3296 1708 3344 82.
1772 3296 1811 3359 ⁵)
1853 3294 1933 3343 Cf.
1971 3294 2329 3358 Hagelmaier,
2368 3293 2432 3342 de
2471 3292 2592 3342 dict.
2629 3296 2765 3356 trop.

286 3379 337 3428 S.
376 3380 429 3429 S.
480 3379 619 3428 Tub.
661 3382 809 3428 1779.
870 3379 942 3428 Μ.
979 3380 1031 3429 J.
1070 3381 1139 3429 H.
1176 3381 1486 3443 Beckhaus‚
1538 3381 1603 3430 de
1654 3381 1888 3431 dictione
1925 3383 1989 3430 N.
2028 3382 2088 3430 Τ.
2126 3382 2332 3445 tropica
2377 3378 2668 3429 iudicanda
2716 3383 2768 3427 et

282 3466 705 3531 interpretanda.
751 3467 923 3516 Marb.
965 3468 1115 3516 1819.
1170 3468 1355 3516 Potest
1388 3483 1514 3517 vero
1561 3469 1723 3518 totius
1761 3468 2116 3532 Eloquentiae
2165 3467 2361 3516 Sacrae
2410 3465 2764 3515 consideratio

283 3554 350 3602 ad
388 3553 495 3602 duo
544 3553 863 3618 principalia
898 3553 1083 3602 referri
1132 3555 1325 3618 capita,
1376 3569 1599 3618 quorum
1637 3555 1860 3603 alterum
1915 3555 2184 3618 „Tropos“
2234 3548 2460 3620 τρόπους,
2508 3566 2542 3601 a
2583 3549 2767 3618 τρέπειν

282 3645 523 3703 vertere3
575 3639 799 3688 alterum
840 3640 1131 3704 „Figuras“
1185 3638 1417 3708 σχήματα
1464 3639 1702 3690 rhetores
1750 3640 2038 3705 adpellant.
2102 3641 2166 3689 In
2204 3655 2267 3689 eo
2305 3644 2481 3689 autem
2519 3638 2767 3688 differunt

279 3727 415 3776 haec
443 3726 568 3788 duo,
609 3726 753 3791 quod
775 3727 913 3790 tropi
937 3727 1113 3791 ipsum
1137 3727 1420 3776 verborum
1454 3741 1667 3776 sensum
1695 3731 2048 3790 concernunt3
2088 3743 2207 3775 cum
2242 3727 2457 3791 propria
2481 3725 2764 3774 verborum

280 3812 601 3877 significatio
650 3813 705 3860 in
753 3812 911 3861 aliam
962 3818 1243 3878 cognatam
1294 3815 1681 3862 contrariamve
1735 3816 1975 3863 vertitur.
2048 3814 2216 3863 Prisci
2271 3813 2529 3862 sermonis
2582 3813 2768 3875 inopia

279 3899 525 3949 homines
565 3898 831 3963 compulit,
870 3900 1023 3948 novis
1061 3900 1192 3948 ideis
1231 3899 1569 3964 designandis
1605 3901 1774 3950 verba
1807 3902 1914 3949 iam
1944 3916 2046 3950 usu
2083 3905 2300 3965 recepta
2335 3899 2404 3948 ad
2439 3897 2560 3946 illas
2596 3902 2764 3946 trans-

280 3988 449 4048 ferre3
503 4001 728 4050 quorum
774 3987 922 4034 notio
973 3985 1205 4051 aliquam
1252 4002 1372 4035 cum
1418 3987 1484 4036 iis
1522 3987 1918 4036 similitudinem
1963 3993 2055 4036 aut
2089 4002 2282 4036 nexum
2326 4001 2452 4050 prae
2495 4001 2552 4034 se
2590 3984 2764 4032 ferret.

281 4072 440 4133 Quod
488 4087 618 4121 vero
674 4071 741 4120 ad
794 4071 991 4136 figuras
1041 4075 1252 4135 attinet,
1310 4088 1521 4122 sensum
1571 4074 1853 4123 verborum
1900 4090 1996 4139 per
2043 4089 2102 4123 se
2150 4089 2258 4123 non
2309 4074 2614 4135 immutant3
2671 4070 2766 4119 sed

284 4161 518 4208 sermoni
572 4162 777 4208 tantum
827 4164 1069 4208 ornatum
1125 4160 1429 4210 conferunt:
1485 4160 1611 4209 licet
1657 4163 1798 4210 enim
1851 4167 1959 4211 tam
2005 4161 2275 4211 translatis
2325 4175 2485 4225 quam
2537 4159 2765 4223 propriis

282 4246 462 4295 verbis
514 4261 686 4295 sermo
736 4245 1017 4310 figuretur,
1072 4251 1253 4296 tamen
1300 4262 1407 4312 qua
1450 4247 1714 4297 translata
1759 4247 1854 4297 illa
1890 4248 2056 4297 verba
2102 4247 2232 4296 talia
2281 4251 2419 4308 sunt,
2467 4261 2576 4295 non
2613 4261 2678 4293 ex
2713 4246 2766 4292 vi

285 4332 505 4397 figurae,
546 4333 640 4382 sed
675 4335 829 4398 tropi.
884 4334 1017 4382 Dari
1052 4335 1107 4382 in
1146 4334 1198 4383 S.
1238 4333 1523 4398 Scripturis
1562 4350 1681 4383 cum
1718 4340 1899 4400 tropos
1936 4341 2044 4384 tum
2081 4334 2277 4400 figuras
2322 4335 2478 4382 nimis
2524 4337 2766 4397 apertum

287 4424 380 4482 est,
418 4435 597 4484 neque
635 4419 837 4484 indiget
872 4419 1338 4470 demonstratione.
1387 4421 1639 4470 Nostrum
1664 4437 1772 4469 non
1801 4425 1881 4470 est
1905 4427 2174 4486 troporum
2211 4421 2432 4485 species,
2473 4419 2766 4468 cuiusmodi

285 4505 575 4556 habentur:
618 4501 883 4573 μετάφορα,
911 4505 1195 4575 συνεκδοχή,
1226 4503 1523 4575 μετωνυμία,
1548 4489 1864 4576 κατάχρηᾶις,
1893 4504 2103 4575 εἶρωνία,
2130 4504 2390 4574 ὑπερβολή,
2419 4507 2642 4575 μειῶσις;
2680 4504 2766 4554 vel

288 4592 614 4644 schematum
651 4595 763 4642 sive
800 4591 1086 4659 figurarum
1124 4610 1173 4658 q.
1212 4593 1260 4643 d.
1298 4595 1383 4658 τῆς
1428 4590 1607 4652 λέξεως
1644 4591 1726 4642 καὶ
1761 4591 1988 4656 διανοίας,
2025 4596 2104 4645 uti
2141 4600 2290 4644 sunt:
2336 4589 2560 4653 ἐπιζεύξις
2597 4587 2765 4642 ἀναδί-
