3309 5300
564 373 689 438 154
1272 389 1510 429 comment.
1538 389 1593 428 de
1620 390 1663 429 S.
1684 388 1842 440 Script.
1871 400 1962 440 cap.
1993 401 2080 430 sec.
2109 391 2238 430 tract.
2269 391 2308 430 11

558 569 753 641 ipsum
797 567 1371 625 Divinissimum
1416 568 1867 627 Salvatorem
1913 570 2305 628 lectionem
2352 571 2412 627 S.
2461 571 2519 628 S.
2579 572 3056 646 exponendae

558 672 711 730 sive
742 691 867 746 pro
898 690 1111 742 more,
1146 671 1302 729 sive
1334 678 1630 748 propter
1661 675 1998 751 quosdam
2027 674 2352 748 linguam
2375 675 2795 733 hebraicam
2826 675 3054 732 intel-

558 774 907 848 ligentes,
972 795 1003 832 e
1057 776 1286 833 Textu
1339 777 1764 850 Originario
1824 779 2280 848 instituisse3
2342 779 3054 854 interpretationem

560 885 792 936 tamen
825 880 1122 936 eundem
1153 882 1502 938 adiecisse
1532 881 1790 954 lingua
1819 884 2207 954 aramaica,
2257 902 2432 960 quam
2472 885 2699 941 omnis
2729 884 3054 958 populus

560 984 785 1042 calluit.
848 985 1046 1041 Orales
1077 1005 1216 1043 vero
1247 987 1393 1042 istae
1439 987 1969 1061 interpretationes,
2021 988 2326 1060 posteriori
2376 992 2634 1062 tempore
2663 988 2854 1044 literis
2891 1007 3053 1046 com-

561 1091 767 1146 missae
791 1094 929 1146 sunt
962 1087 993 1148 ¹.
1042 1087 1321 1152 Quando?
1351 1095 1507 1147 certo
1533 1092 1770 1169 quidem
1804 1110 1972 1148 nemo
2003 1110 2264 1169 unquam
2294 1092 2726 1162 determinabit,
2761 1095 2835 1149 ob
2859 1092 3052 1148 defec-

560 1199 687 1251 tum
722 1195 1245 1263 monimentorum3
1279 1195 1522 1252 interim
1551 1200 1682 1270 post
1710 1195 2037 1254 versionem
2060 1195 2256 1254 LXX.
2288 1195 2419 1253 illas
2450 1199 2684 1253 demum
2715 1201 2884 1254 natas
2908 1215 3051 1266 esse,

558 1297 695 1355 inde
726 1299 935 1356 coniici
969 1303 1172 1374 potest,
1229 1299 1371 1377 quia
1399 1300 1581 1357 variis
1612 1319 1689 1356 ex
1719 1299 1858 1356 locis
1891 1301 2241 1375 interpretes
2272 1300 2589 1358 Chaldaeos
2619 1300 2787 1358 illam
2817 1301 3045 1358 versio-

558 1422 693 1458 nem
725 1402 1004 1460 Graecam
1038 1405 1375 1478 respexisse,
1425 1405 1569 1481 quin
1615 1410 1675 1461 et
1715 1405 1778 1460 in
1821 1405 2148 1461 subsidium
2185 1423 2434 1476 vocasse,
2477 1406 2708 1462 abunde
2738 1411 2988 1480 apparet
3006 1401 3051 1462 ².

1090 1663 1148 1739 ξ.
1199 1663 1299 1726 71.
1366 1660 1968 1723 Recensentur
2012 1660 2514 1743 Targumim.

766 1839 1226 1896 Celeberrimum
1250 1844 1339 1895 est
1362 1839 1411 1896 I.
1439 1839 1696 1912 Targum
1730 1840 1848 1910 ,On
1865 1839 2120 1897 kelosi‘
2151 1840 2218 1896 in
2241 1840 2725 1897 Pentateuchum.
2759 1839 3050 1901 Quisnam

558 1943 742 1999 fuerit
784 1943 1097 2000 Onkelos
1119 1940 1143 1980 3
1170 1963 1360 2020 quave
1394 1947 1583 2000 aetate
1616 1943 1875 2000 vixerit?
1912 1946 1985 2001 ab
2016 1944 2277 2021 antiquis
2307 1945 2446 2000 inde
2478 1945 2839 2018 temporibus
2870 1945 3050 2002 vehe-

561 2051 787 2103 menter
833 2047 1219 2121 disceptatum
1268 2051 1355 2103 est
1372 2044 1415 2102 ⁴.
1479 2046 1890 2105 Controversia
1930 2033 2106 2121 longe
2154 2047 2503 2121 gravissima
2546 2048 2611 2104 in
2651 2067 2717 2105 eo
2765 2047 3048 2117 cernitur,

560 2145 713 2227 quod*
736 2151 878 2208 alibi
899 2151 936 2207 J
940 2152 1108 2208 udaei
1133 2151 1486 2208 Onkelosum
1510 2155 1645 2207 ante
1670 2150 1906 2226 Templi·
1925 2151 2252 2222 interitum,
2281 2152 2426 2208 alibi
2451 2157 2580 2226 post
2600 2151 2774 2208 illum
2807 2156 3050 2226 ponant.

560 2255 781 2338 Ceteris
812 2256 1187 2330 opinionibus
1218 2255 1597 2330 praeferenda
1628 2260 1715 2312 est
1745 2256 2052 2326 sententia,
2102 2275 2248 2333 quae
2271 2255 2296 2291 5
2338 2256 2622 2312 Gemarae
2651 2255 3048 2332 Babylonicae

561 2361 893 2416 testimonio
940 2358 1209 2416 suffulta:
1257 2359 1609 2415 Onkelosum
1655 2359 1994 2416 Gamalielis
2014 2358 2038 2396 ὓ
2084 2359 2436 2434 discipulum
2480 2359 2659 2416 fuisse
2720 2360 3052 2416 existimat.

561 2462 943 2520 Gamalielem
972 2483 1185 2534 senem,
1222 2463 1458 2540 Hillelis
1493 2469 1778 2538 nepotem,
1806 2484 1922 2521 non
1949 2463 2034 2520 ita
2055 2463 2226 2536 longe
2258 2468 2394 2520 ante
2417 2468 2711 2522 vastatum
2737 2463 3051 2538 Templum

562 2569 771 2624 obiisse
822 2573 1048 2626 constat
1068 2566 1109 2625 ⁷.
1173 2569 1425 2624 Onkelos
1483 2569 1728 2642 proinde
1775 2568 2108 2624 nascenti
2157 2567 2535 2624 Ecclesiae
2580 2568 3054 2624 Christianae

565 2670 937 2749 σύγχρονος
983 2673 1118 2731 fuit.
1190 2672 1385 2729 Nullis
1430 2672 1585 2741 licet,
1633 2673 1792 2729 omni
1826 2673 2003 2731 dubio
2035 2672 2372 2743 maioribus,
2408 2672 2760 2730 testimoniis
2807 2674 3050 2747 probari

778 2844 814 2909 ¹)
856 2843 934 2892 Cf.
960 2844 1222 2908 Vitringa,
1263 2842 1327 2890 de
1354 2857 1610 2907 synagog.
1638 2848 1745 2891 vet.
1773 2860 1822 2907 p.
1851 2844 1969 2891 689.
1997 2858 2036 2891 s.
2069 2845 2218 2891 1015.
2245 2860 2286 2892 s.
2338 2844 2501 2904 Zunz,
2543 2822 2626 2891 die
2665 2844 3054 2907 gottesdienstl.

564 2931 738 2980 Vortr.
776 2931 871 2979 der
894 2930 1073 2980 Juden
1099 2930 1219 2979 hist.
1246 2929 1565 2978 entwickelt.
1592 2929 1734 2978 Berl.
1767 2932 1915 2979 1832.
1943 2947 1992 2993 p.
2020 2930 2068 2978 8.
2095 2946 2135 2978 s.
2201 2928 2240 2995 ²)
2279 2931 2527 2995 Targum,
2560 2936 2619 2978 ut
2643 2930 2751 2979 alia
2776 2931 3053 2979 Hebraeo·

564 3034 681 3067 rum
718 3017 1008 3079 volumina,
1047 3017 1288 3082 primitus
1316 3018 1430 3065 sine
1467 3017 1682 3081 punctis
1711 3015 1988 3065 vocalibus
2025 3018 2280 3081 scriptum
2317 3018 2441 3080 fuit3
2480 3032 2763 3082 progressu
2800 3018 3054 3081 temporis

564 3109 765 3169 puncta
817 3104 1032 3153 vocalia
1086 3102 1270 3153 addita
1324 3108 1472 3163 sunt,
1528 3102 1622 3152 sed
1679 3102 1837 3151 valde
1894 3097 2172 3169 ἀνομάλως.
2245 3103 2546 3168 Antequam
2595 3103 2663 3152 ad
2719 3102 3054 3168 singulorum

563 3190 797 3255 Targum
835 3196 1081 3239 auctores
1120 3190 1520 3250 descendamus,
1560 3189 1834 3238 commode
1870 3189 1972 3238 hac
2010 3190 2294 3239 occasione
2341 3206 2556 3239 monere
2601 3206 2904 3255 possumus,
2945 3206 3052 3239 non

566 3277 635 3326 ad
683 3278 933 3325 amussim
984 3276 1035 3325 S.
1082 3274 1135 3325 S.
1176 3275 1497 3325 Chaldaicas
1550 3275 1929 3325 translationes
1980 3290 2012 3323 a
2063 3270 2258 3326 criticis
2311 3276 2820 3341 „paraph1·ases“
2875 3276 3054 3341 adpel-

564 3364 690 3426 lari,
736 3379 857 3411 cum
893 3363 1281 3427 paraphraseos
1310 3378 1427 3423 ,non
1465 3362 1533 3411 sit
1573 3390 1633 3397 —-
1674 3368 1734 3410 ut
1770 3363 1965 3426 passim
2011 3362 2216 3410 faciunt
2253 3361 2527 3411 Chaldaici
2574 3366 2912 3428 interpretes.
2975 3362 3054 3411 Cf.

564 3451 766 3511 Winer,
804 3450 870 3498 de
907 3448 1180 3499 Onkeloso
1220 3450 1439 3513 eiusque
1476 3448 1790 3513 paraphrasi
1817 3446 2110 3497 chaldaica.
2149 3450 2296 3513 Lips.
2327 3451 2476 3498 1820.
2502 3466 2554 3514 p.
2581 3452 2664 3498 35.
2691 3464 2732 3498 s.
2769 3478 2822 3485 -
2857 3452 3050 3499 oratio—

566 3553 684 3585 nem
721 3536 910 3585 leviter
946 3537 1158 3585 mutatis
1195 3535 1471 3584 vocabulis
1508 3533 1804 3595 illustrare3
1841 3534 1935 3584 sed
1965 3550 2180 3585 sensum
2206 3536 2476 3601 scriptoris
2515 3538 2770 3585 continua
2806 3538 3053 3586 uberiore

566 3628 801 3673 attamen
846 3623 1147 3672 elocutione
1185 3637 1466 3687 exponere,
1503 3623 1579 3671 ita
1618 3621 1830 3685 quidem
1869 3627 1929 3670 ut
1965 3622 2219 3671 orationis
2256 3624 2492 3672 terminis
2531 3624 2787 3673 adstricta
2823 3628 3053 3673 maneat.

564 3710 629 3759 V.
664 3727 716 3775 p.
749 3711 864 3758 143.
922 3708 1005 3757 Ab
1042 3708 1144 3758 hoc
1184 3714 1238 3757 et
1276 3708 1531 3757 eiusmodi
1570 3707 1746 3757 studio
1787 3709 2060 3757 abstinent
2095 3708 2442 3759 translatores
2481 3709 2742 3758 chaldaei.
2807 3709 3056 3759 Ceterum

566 3797 770 3845 ratione
807 3796 1125 3845 sinceritatis
1162 3796 1513 3859 puritatisque
1549 3794 1766 3859 linguae
1796 3795 2048 3859 distingui
2085 3801 2326 3859 possunt,
2365 3795 2533 3861 aliqui
2559 3796 2628 3845 ad
2653 3795 3056 3845 Chaldaismum

565 3882 830 3933 Biblicum
856 3882 1093 3947 proxime
1134 3880 1413 3943 accedunt,
1452 3880 1545 3929 alii
1576 3880 1875 3945 Syriasmis,
1916 3880 2131 3944 quidam
2171 3876 2522 3949 μιξοβαρβαρία
2557 3881 2840 3947 squallent.
2893 3882 3057 3932 Octo

568 3975 744 4019 autem
784 3968 1109 4018 diversorum
1146 3972 1422 4018 auctorum
1471 3969 1527 4016 in
1565 3967 1805 4018 diversas
1845 3968 1897 4017 S.
1937 3966 2243 4031 Scripturae
2282 3973 2485 4033 partes,
2537 3968 2849 4018 chaldaicae
2897 3968 3057 4018 hodie

567 4060 913 4105 numerantur
958 4056 1247 4104 versiones.
1322 4054 1363 4119 3)
1406 4045 1585 4116 οὺΡΞΝ.
1650 4054 1693 4118 ⁴)
1734 4053 1814 4102 Cf.
1867 4053 1932 4103 de
1983 4054 2260 4103 Onkeloso
2311 4053 2620 4115 chaldaico,
2676 4070 2834 4119 quem
2883 4056 3060 4105 ferunt

566 4143 625 4191 P.
662 4142 1021 4207 Paraphraste
1058 4146 1113 4191 et
1149 4142 1275 4206 quid
1314 4143 1363 4190 ei
1401 4142 1621 4191 rationis
1655 4141 1956 4191 intercedat
1991 4157 2108 4190 cum
2137 4140 2298 4190 Akila
2323 4141 2530 4190 Graeco
2561 4141 2618 4189 V.
2646 4141 2707 4189 Τ.
2744 4142 3055 4205 interprete.

566 4230 629 4278 R.
666 4229 847 4293 Anger
882 4230 1030 4293 Lips.
1072 4230 1221 4277 1846.
1258 4244 1310 4293 p.
1348 4230 1396 4277 ὅ.
1434 4242 1476 4276 s.
1532 4228 1734 4289 Winer,
1772 4227 1808 4277 1.
1846 4244 1890 4277 c.
1937 4244 1988 4292 p.
2030 4229 2076 4276 7.
2115 4243 2158 4277 s.
2231 4228 2272 4291 ⁵)
2313 4227 2504 4276 Aboda
2537 4242 2676 4276 sara.
2715 4226 2809 4276 fol.
2851 4230 2933 4276 11.
2973 4227 3056 4276 ed.

567 4315 797 4367 Vindob.
836 4321 869 4364 t.
909 4317 957 4364 8.
1033 4314 1075 4379 ⁶)
1114 4316 1199 4365 De
1238 4330 1343 4380 quo
1382 4330 1589 4365 summa
1625 4328 1746 4363 cum
1781 4314 2158 4379 probabilitate
2205 4314 2380 4377 agitur
2415 4313 2532 4361 Act.
2570 4316 2620 4374 5,
2659 4314 2742 4363 34.
2783 4316 2866 4375 22,
2907 4316 2955 4362 3.
2993 4314 3056 4363 V.

566 4402 637 4451 H.
674 4402 739 4451 N.
776 4402 838 4451 Τ.
876 4419 927 4467 p.
966 4403 1083 4452 328.
1160 4401 1201 4465 ⁷)
1242 4400 1321 4451 Cf.
1358 4402 1772 4462 Bartoloccium,
1809 4400 1842 4449 l.
1881 4416 1927 4449 c.
1965 4418 2016 4466 p.
2048 4402 2162 4449 727.
2189 4416 2231 4449 s.
2277 4398 2335 4448 C.
2375 4400 2442 4448 H.
2483 4398 2722 4461 Grannii,
2761 4400 3058 4450 Historiam

570 4487 881 4537 Gamalielis
930 4490 1090 4538 senis.
1138 4488 1287 4537 Witt.
1330 4490 1480 4537 1687.
1530 4505 1582 4553 p.
1620 4490 1670 4537 5.
1707 4504 1749 4537 s.
1810 4487 1862 4537 J.
1900 4487 1962 4535 F.
1999 4485 2295 4547 Buddeum,
2333 4485 2534 4535 Introd.
2574 4486 2644 4535 ad
2679 4487 2884 4536 Histor.
2923 4486 3058 4536 Phil.

567 4574 733 4624 Hebr.
770 4574 895 4624 Hal.
935 4577 1085 4624 1702.
1126 4592 1176 4640 p.
1215 4577 1297 4623 92.
1352 4575 1404 4623 J.
1444 4574 1565 4624 Chr.
1604 4573 1870 4635 WVolfium,
1910 4574 2046 4622 Bibl.
2086 4574 2252 4622 Hebr.
2287 4574 2484 4623 Hamb.
2527 4576 2674 4622 1721.
2713 4574 2786 4635 ΙΙ,
2825 4575 2947 4623 822.
