3309 5300
1200 432 1263 473 De
1290 432 1495 474 Versione
1522 432 1792 483 Aethiopica.
2613 423 2733 486 197

252 614 299 658 et
331 609 619 659 Palatinae
658 609 786 659 Cod.
825 626 946 659 mss.
986 611 1173 660 orient.
1211 607 1367 659 catal.
1403 609 1638 659 Florent.
1672 611 1820 659 1742.
1857 627 1907 675 p.
1935 612 2019 659 59.
2054 610 2334 672 Ludolfus,
2374 613 2551 659 autem
2588 610 2732 659 Hist.

251 695 384 745 aeth.
410 696 512 745 111.
539 698 588 759 4,
616 699 664 746 2.
704 696 997 747 Comment.
1024 713 1075 746 n.
1100 698 1184 747 26.
1210 713 1252 747 ει.
1279 714 1330 761 p.
1358 698 1475 746 295.
1502 710 1542 745 ε.
1579 695 1760 746 Biblia
1782 696 2098 761 Aethiopica
2129 713 2194 745 ex
2218 697 2401 758 LXX„
2439 696 2733 761 horumque

250 783 360 833 cod.
398 783 766 834 Alexandrino
802 798 961 834 versa
995 783 1171 833 habet.
1233 784 1426 833 Mirum
1464 788 1544 833 est
1578 798 1710 833 sane
1746 782 1904 833 illud:
1953 782 2412 849 Aethiopicam
2449 787 2599 832 tran
2613 783 2733 833 sla-

246 869 495 919 tionem
532 886 658 920 non
693 872 929 935 paucis
965 870 1032 918 in
1068 868 1241 920 locis
1279 885 1357 919 ex
1382 869 1690 920 Hebraeo
1738 874 1922 919 textu
1959 870 2102 921 solo
2131 864 2338 935 'posse
2377 870 2732 935 explicari3

250 969 473 1021 eamque
509 958 569 1005 in
602 955 791 1005 iisdem
840 971 961 1005 cum
995 955 1231 1005 Arabica
1278 956 1577 1005 convenire.
1638 956 1796 1005 Unde
1846 957 2024 1021 opinio
2074 956 2140 1005 de
2177 955 2366 1007 Bibliis
2402 956 2733 1020 Aethiopicis

250 1058 315 1091 ex
357 1042 709 1103 „Arabico“
749 1042 1021 1092 translatis
1058 1041 1203 1091 haud
1237 1043 1412 1091 inanis
1448 1047 1553 1106 est3
1592 1042 1688 1091 sed
1723 1044 1900 1108 potius
1937 1044 1984 1093 si
2021 1043 2342 1092 eruditorum
2380 1058 2539 1093 curae
2577 1043 2734 1107 plura

248 1129 661 1179 ministraverint
684 1128 938 1190 subsidia„
958 1130 1015 1176 in
1041 1143 1157 1177 eam
1181 1143 1289 1177 rem
1316 1128 1621 1193 diligentius
1648 1128 2025 1193 disputandum
2051 1130 2165 1178 erit.
2203 1129 2442 1178 Plurima
2459 1129 2730 1178 Versionis

248 1213 594 1279 Aethiopicae
642 1215 765 1265 libri
812 1230 934 1264 mss.
972 1214 1273 1264 adhucdum
1310 1215 1365 1263 in
1408 1217 1641 1264 romanis
1685 1220 1739 1265 et
1779 1215 2002 1280 anglicis
2043 1214 2392 1265 Bibliothecis
2435 1221 2731 1266 servantur.

246 1301 391 1351 Editi
428 1301 579 1351 Libri
627 1299 681 1350 S.
719 1301 781 1351 V.
820 1300 882 1350 T.
919 1301 1212 1351 habentur:
1262 1300 1580 1351 Psalterium
1629 1318 1749 1351 cum
1789 1301 2010 1351 Cantieo
2058 1302 2398 1352 Canticorum
2441 1306 2494 1351 et
2529 1302 2734 1369 aliquot

246 1388 451 1452 hymnis
476 1386 697 1437 Biblicis
724 1387 901 1437 studio
925 1387 1152 1437 Joannis
1178 1387 1511 1450 Potkenii‚
1540 1388 1742 1438 Romae
1770 1389 1921 1437 1513.
1945 1390 2001 1437 in
2025 1388 2116 1438 IV.
2136 1388 2269 1454 Rep.
2300 1388 2556 1439 Coloniae
2579 1391 2729 1440 1518.

245 1475 493 1525 Potkenii
515 1476 716 1540 primus
741 1476 797 1523 in
820 1476 1044 1539 Europa
1068 1476 1295 1539 propriis
1319 1474 1638 1540 Aethiopum
1666 1475 2062 1525 characteribus
2096 1478 2385 1541 impressus
2421 1475 2558 1526 liber
2581 1477 2731 1526 Psal-

246 1578 461 1623 morum,
492 1578 554 1611 ex
579 1561 683 1611 hac
708 1560 907 1626 duplici
934 1561 1165 1611 editione
1190 1578 1310 1611 cum
1334 1577 1491 1612 msso.
1517 1562 1860 1613 Pocockiano
1888 1562 2137 1624 collatus,
2159 1564 2216 1612 in
2233 1563 2411 1612 Biblia
2434 1564 2730 1629 polyglotta

246 1649 611 1699 Londinensia
644 1649 878 1698 insertus
916 1653 1015 1711 est,
1069 1648 1164 1698 sed
1195 1651 1370 1698 minus
1418 1654 1685 1699 accurate.
1746 1649 2193 1700 Emendatissime
2228 1650 2550 1700 Psalterium
2587 1652 2728 1715 typis

247 1736 649 1787 describendum
687 1737 895 1786 curavit
928 1736 1226 1801 aethiopice
1253 1741 1307 1785 et
1329 1736 1493 1786 latine
1518 1736 1570 1786 J.
1596 1736 1884 1786 Ludolfu
1897 1753 1940 1787 s.
1970 1737 2162 1786 Franc.
2192 1738 2341 1787 1701.
2366 1737 2457 1787 IV.
2495 1736 2724 1787 Additae

246 1828 361 1875 sunt
404 1812 443 1873 'a
488 1824 539 1873 J.
578 1823 649 1873 Η.
684 1822 963 1873 Michaelis
1018 1824 1407 1885 annotationes,
1459 1824 1545 1873 cui
1594 1824 1755 1873 etiam
1802 1825 1978 1875 versio
2028 1825 2225 1874 Latina
2272 1823 2512 1874 debetur.
2567 1824 2620 1875 J.
2660 1823 2722 1874 G.

244 1912 384 1961 Niss
401 1910 489 1973 el,
538 1910 714 1975 Lugd.
762 1910 950 1959 Batav.
991 1910 1145 1959 1656.
1192 1909 1475 1959 Canticum
1512 1909 1571 1959 C.
1618 1925 1668 1959 a.
1708 1911 1860 1960 1660.
1897 1909 1931 1960 l.
1969 1909 2128 1973 Ruth,
2178 1914 2232 1960 et
2274 1927 2352 1976 pr.
2393 1909 2724 1976 Sophoniae3

244 2000 525 2047 Petraea
541 2014 592 2061 s,
642 1998 714 2047 ib.
768 1998 917 2046 1660.
966 2014 1044 2062 pr.
1082 1996 1283 2059 Jonae‚
1334 2011 1368 2045 a
1404 1998 1556 2047 1661.
1602 2012 1681 2062 pr.
1728 1997 1898 2047 Joelis
1945 1998 2200 2063 vulgavit.
2262 1998 2503 2058 Quatuor
2549 1998 2728 2062 priora

246 2099 353 2149 cap.
392 2084 529 2134 Gen.
570 2088 623 2134 et
657 2084 855 2133 Jonam
890 2083 1057 2133 edidit
1094 2082 1521 2133 Staudacher.
1559 2084 1752 2133 Franc.
1784 2086 1932 2133 1706.
1969 2084 2294 2151 Fragmenta
2318 2084 2382 2133 V.
2408 2084 2470 2133 Τ.
2507 2083 2631 2133 Chr.
2660 2083 2723 2133 A.

244 2170 437 2235 Bode,
476 2171 705 2221 Helmst.
746 2172 895 2220 1775.
951 2170 1143 2220 Totum
1188 2170 1252 2220 V.
1290 2170 1351 2219 Τ.
1403 2169 1559 2221 edere
1609 2172 1754 2235 cepit
1798 2172 1862 2220 A.
1911 2170 2276 2234 Dillmann‚
2325 2171 2504 2221 Biblia
2548 2172 2612 2221 V.
2661 2172 2723 2221 T.

243 2258 555 2324 Aethiopica
604 2257 675 2307 ad
712 2257 829 2307 libr.
868 2273 991 2307 mss.
1028 2256 1187 2306 fidem
1225 2256 1305 2307 ed.
1346 2262 1397 2307 et
1445 2262 1708 2322 apparatu
1759 2259 1942 2307 critico
1990 2259 2251 2307 instruxit.
2302 2259 2446 2323 Lips.
2491 2259 2640 2308 1854.
2679 2274 2720 2308 s.

244 2346 383 2395 Tom.
421 2346 466 2395 I.
506 2350 645 2395 cont.
683 2344 998 2394 Octoteuch.
1037 2349 1161 2393 tom.
1198 2343 1271 2394 11.
1309 2346 1461 2394 1861.
1498 2344 1570 2393 ib.
1608 2343 1772 2393 habet
1807 2344 1868 2392 L.
1908 2344 1969 2393 L.
2008 2344 2238 2409 Paralip.
2276 2344 2431 2394 Esdr.
2471 2344 2626 2394 Esth.

446 2432 603 2493 Quod
628 2432 697 2481 ad
721 2433 783 2484 L.
813 2430 864 2481 S.
890 2431 1030 2481 Novi
1055 2431 1385 2481 Testamenti
1410 2432 1615 2493 attinet,
1652 2429 1900 2479 videntur
1926 2446 1955 2480 e
1982 2430 2231 2481 Graeco
2271 2432 2470 2493 codice,
2497 2435 2722 2480 exeunte

244 2521 349 2569 fere
386 2518 655 2570 saeculo
694 2522 929 2583 quarto
955 2517 1201 2567 translati
1231 2519 1419 2581 fuisse3
1448 2524 1501 2567 et
1524 2521 1808 2583 propterea
1831 2518 2090 2582 insignem
2116 2522 2353 2582 praestat
2375 2520 2432 2566 in
2456 2534 2512 2567 re
2539 2518 2724 2567 critica

243 2622 389 2656 usum
415 2606 481 2656 N.
500 2605 561 2655 T.
585 2605 666 2655 Cf.
688 2604 922 2668 Walton,
949 2604 1245 2670 Prolegom.
1266 2605 1381 2666 XV,
1402 2606 1449 2654 3.
1470 2621 1521 2671 p.
1543 2605 1663 2654 595.
1699 2603 1990 2667 Dillmann‚
2015 2606 2072 2654 in
2097 2604 2328 2670 Herzog,
2353 2604 2415 2654 R.
2441 2605 2506 2654 E.
2533 2604 2575 2667 Ι,
2606 2606 2720 2655 170.

243 2695 468 2744 Primam
504 2691 558 2743 S.
594 2693 938 2742 Voluminum
973 2692 1038 2740 N.
1077 2692 1137 2740 T.
1176 2692 1487 2753 editionem,
1526 2691 1730 2741 scilicet
1766 2696 1992 2756 quatuor
2032 2691 2427 2757 Evangelia,
2478 2691 2720 2757 Apoca-

243 2782 499 2846 lypsim‚
548 2778 822 2844 Epistolas
862 2777 1269 2840 Catholicae,
1321 2778 1597 2842 epistolam
1634 2779 1703 2827 ad
1739 2778 2080 2827 Hebraeos
2118 2784 2171 2827 et
2205 2777 2404 2828 Actus
2443 2779 2720 2843 Apostolo-

244 2883 355 2916 rum
392 2866 588 2916 auxilio
626 2867 785 2915 trium
811 2865 1123 2914 clericorum
1160 2864 1482 2929 aethiopum,
1522 2865 1780 2914 suadente
1818 2865 1986 2914 Paulo
2024 2866 2118 2914 111.
2145 2865 2204 2914 P.
2230 2865 2301 2914 M.
2328 2865 2530 2914 Romae
2570 2867 2719 2914 1548.

243 2955 464 3018 imprimi
500 2953 709 3002 curavit
741 2952 979 3002 Petrus
1016 2950 1417 3001 Tesfa-Sion
1452 2950 1724 3016 Aethiops,
1765 2957 2104 3001 accesserunt
2140 2966 2268 3001 cura
2305 2951 2539 3002 eiusdem
2569 2955 2718 3002 1549.

242 3039 510 3105 Epistolae
534 3040 681 3088 XIII.
720 3038 1045 3088 Paulinae
1083 3054 1203 3087 cum
1227 3039 1486 3087 Ver-sione
1523 3040 1734 3088 Latina.
1786 3038 2010 3103 Saepius
2036 3039 2232 3089 abhinc
2259 3041 2478 3089 retentis
2516 3039 2719 3089 mendis

240 3129 517 3188 veteribus,
573 3131 627 3176 et
680 3127 833 3176 novis
887 3125 1241 3190 superadditis
1295 3125 1528 3174 Londini
1585 3127 1734 3173 1657.
1795 3127 1944 3174 1698.
2002 3127 2057 3173 in
2111 3126 2174 3174 N.
2213 3126 2274 3174 T.
2325 3125 2524 3190 polygl.
2581 3142 2714 3191 opus

240 3215 557 3264 rarissimum
609 3214 892 3279 repetitum
946 3213 1060 3262 fuit.
1135 3211 1319 3261 Codex
1374 3211 1474 3260 hac
1530 3213 1762 3262 editione
1812 3212 2106 3276 descriptus
2161 3213 2335 3262 bonae
2391 3218 2552 3261 notae
2610 3218 2716 3274 est3

242 3316 373 3366 quas
424 3317 547 3351 vero
589 3301 812 3350 lacunas
849 3300 1085 3349 habebat
1120 3299 1234 3349 Act.
1272 3302 1321 3360 9,
1360 3301 1581 3361 29-10,
1620 3301 1704 3348 32.
1743 3301 1824 3361 26,
1865 3297 2088 3362 8-1—fin.;
2130 3313 2318 3360 „versa
2355 3305 2478 3349 sunt
2512 3299 2714 3348 Romae

242 3403 269 3436 e
307 3387 486 3453 lingua
518 3389 763 3437 Romana
790 3392 843 3437 et
868 3387 1077 3437 Graeca
1108 3387 1163 3434 in
1188 3385 1556 3451 Aethiopicam
1592 3392 1810 3451 propter
1846 3385 2111 3436 defectum
2149 3385 2473 3450 archetypi.“
2519 3384 2716 3434 Multos

242 3474 543 3524 manifestos
567 3476 625 3523 in
648 3479 797 3524 textu
822 3473 1141 3538 Aethiopico
1182 3488 1386 3522 errores
1424 3474 1744 3536 emendavit,
1782 3478 1943 3538 atque
1979 3472 2235 3538 plurimas
2270 3478 2378 3522 tam
2417 3473 2716 3537 exegeticas

243 3576 397 3625 quam
431 3560 780 3626 philolog-icas
818 3561 1217 3610 observationes
1253 3559 1448 3609 adiecit
1478 3559 1537 3610 C.
1564 3561 1625 3609 A.
1652 3559 1856 3622 Rode,
1893 3561 1950 3608 in
1987 3560 2215 3609 editione
2255 3575 2393 3625 quae
2429 3560 2716 3609 Brunovici

241 3649 311 3696 II.
347 3647 447 3697 vol.
492 3648 687 3712 prodiit
726 3649 875 3697 1752.
928 3652 981 3696 et
1030 3648 1179 3696 1755.
1227 3663 1269 3696 s.
1316 3651 1352 3696 t.
1415 3647 1623 3696 Novum
1675 3648 1741 3697 D.
1779 3648 1843 3696 N.
1881 3646 1931 3696 J.
1973 3646 2031 3696 C.
2080 3646 2225 3696 Test.
2276 3663 2340 3695 ex
2387 3663 2524 3696 vers.
2563 3646 2713 3695 Aeth.

243 3736 451 3799 interpr.
488 3737 543 3783 in
579 3734 709 3785 bibl.
748 3733 955 3798 Polygl.
992 3733 1147 3799 Angl.
1198 3735 1255 3783 in
1289 3733 1381 3783 lat.
1419 3734 1599 3783 transl.
1656 3733 1930 3783 Sumtibus
1967 3735 2240 3784 societatis
2277 3733 2536 3798 anglicae,
2577 3747 2714 3798 quae

241 3837 297 3870 se
334 3821 577 3870 biblicam
611 3825 785 3870 vocat.
824 3820 1204 3886 Cantabrigiae
1244 3821 1393 3870 1826.
1426 3823 1509 3869 30.
1547 3821 1611 3870 N.
1638 3821 1700 3870 T.
1736 3821 1899 3870 edidit
1935 3821 2004 3869 ad
2043 3821 2157 3870 cod.
2185 3836 2306 3870 mss.
2345 3819 2503 3868 fidem
2539 3818 2711 3869 Lond.

244 3909 392 3958 1830.
427 3907 521 3956 Th.
560 3906 718 3957 Pell.
756 3906 949 3956 Platt.
987 3907 1049 3954 In
1086 3908 1205 3971 ipsa
1240 3911 1420 3956 tamen
1456 3907 1649 3956 menda
1685 3907 1916 3971 plurima
1952 3909 2122 3972 carpit
2158 3907 2448 3967 Dillmann‚
2488 3905 2522 3955 1.
2561 3922 2606 3955 c.

641 4212 701 4290 ἓ.
752 4211 854 4276 85.
912 4208 1032 4271 De
1079 4206 1652 4272 Versionibus
1699 4207 2295 4292 Aegyptiacis.

434 4427 517 4475 Ex
545 4441 651 4492 quo
678 4425 857 4475 lumen
882 4425 1005 4475 fidei
1030 4430 1201 4475 terrae
1226 4426 1623 4492 Aegyptiorum,
1663 4427 1854 4476 crassis
1889 4427 2188 4491 paganismi
2225 4427 2456 4475 tenebris
2495 4430 2710 4490 opertae

244 4511 384 4562 illata
426 4513 551 4577 fuit3
604 4513 785 4578 primis
821 4513 929 4561 iam
964 4513 1251 4578 Evangelii
1292 4515 1619 4579 temporibus
1655 4512 1935 4563 Ecclesiae
1984 4513 2183 4563 ibidem
2220 4512 2528 4573 floruerunt,
2554 4540 2620 4548 —
2647 4513 2709 4561 L.

244 4599 571 4655 Taki-eddini
618 4599 880 4664 Makrizii,
930 4599 1169 4653 Historia
1218 4599 1509 4668 Coptorum
1559 4601 1983 4654 Christianorum
2031 4602 2088 4650 in
2124 4601 2384 4666 AegyptO.
2423 4600 2504 4648 ed.
2553 4599 2620 4650 H.
2658 4600 2710 4649 J.
