3309 5300
554 386 639 449 48
1239 395 1479 439 Comment.
1511 394 1565 437 de
1593 398 1638 439 S.
1660 395 1875 448 Scriptur.
1904 408 1999 448 cap.
2030 396 2155 447 prim.
2186 396 2296 437 sect.
2327 393 2361 437 1.

556 578 804 638 spectans
841 588 1103 638 nusquam
1139 572 1368 622 antehac
1406 572 1729 638 evulgatum.
1783 574 1904 622 Hoc
1941 573 2281 623 eruditissimi
2316 573 2415 621 viri
2450 569 2637 639 εὕρημα
2673 573 2957 635 erroribuS,
2995 576 3055 620 ut

555 661 672 725 ipse
707 660 850 723 dicit,
889 664 942 709 et
978 660 1220 709 sordibus
1259 659 1329 709 ad
1363 675 1621 710 nauseam
1657 674 1827 725 usque
1864 659 2141 724 repletum,
2186 660 2401 709 maximi
2434 664 2617 709 tamen
2652 665 2733 710 est
2768 659 3052 721 momenti3

557 764 678 797 cum
712 750 771 797 in
801 763 863 797 eo
889 748 1199 797 veterrimus
1227 746 1280 797 S,
1306 746 1650 797 Voluminum
1688 747 1962 813 catalog-us
1998 748 2326 797 Romanus
2364 747 2639 797 habeatur.
2676 748 2883 795 Damus
2919 744 3055 793 illud

557 834 616 883 in
653 835 1018 899 sequentibus,
1055 836 1234 899 prouti
1266 836 1408 900 typis
1459 834 1647 884 excudi
1687 836 1894 884 curavit
1931 850 1959 883 e
1996 836 2355 899 manuscripto
2393 833 2782 884 Mediolanensi
2817 832 3053 881 Murato-

554 922 691 984 rius;
739 921 1036 971 addidimus
1083 927 1265 971 tamen
1299 924 1452 972 uncis
1501 922 1822 972 includendo
1874 922 2273 972 emendationes
2324 925 2377 970 et
2421 921 2710 971 lectionum
2745 920 3051 979 varietates,

555 1022 688 1072 quas
737 1006 1112 1058 collationibus
1159 1010 1374 1074 nuperis
1423 1010 1739 1059 detexerunt
1782 1008 1981 1061 Critici.
2017 1008 2265 1069 Notulae‚
2314 1023 2447 1073 quas
2494 1008 2867 1072 adspersimus,
2916 1005 3051 1054 varii

555 1096 764 1159 generis
820 1094 938 1145 loca
991 1097 1245 1161 imprimis
1301 1098 1592 1147 attentione
1649 1097 1813 1161 digna
1864 1095 2231 1159 illustrabunt;
2288 1099 2343 1145 et
2389 1096 2445 1144 in
2492 1095 2689 1144 iudicio
2740 1093 2805 1143 de
2855 1096 3049 1153 aetate,

555 1182 828 1246 scriptore,
868 1186 921 1231 et
955 1184 1124 1248 pretio
1163 1184 1450 1233 testimonii
1486 1183 1811 1233 efformando
1850 1184 2257 1249 praeparatione
2294 1183 2526 1247 quadam
2558 1180 2898 1231 laborabunt.

773 1343 1156 1399 Testimonium
1179 1345 1450 1417 Anonymi
1471 1364 1638 1416 penes
1662 1346 2037 1401 Muratorium
2060 1364 2177 1399 cum
2211 1344 2457 1399 omnibus
2484 1342 2695 1399 mendis
2725 1348 2883 1411 atque
2906 1360 3049 1396 erro-

555 1449 710 1503 ribus
739 1450 1098 1520 repetierunt:
1142 1450 1213 1505 E.
1247 1450 1323 1505 H.
1361 1452 1432 1504 D.
1463 1449 1669 1517 Stoech,
1716 1468 1898 1505 comm.
1944 1450 1995 1506 Iz.
2034 1467 2076 1504 c.
2123 1450 2187 1503 de
2233 1448 2528 1503 Librorum
2572 1448 2645 1502 N.
2696 1446 2757 1502 T.
2808 1445 3046 1505 Ganone.

555 1553 758 1608 Flranc.
793 1555 870 1608 ad
913 1554 1067 1608 Vidr.
1105 1556 1289 1610 1755.
1311 1573 1375 1624 p.
1413 1556 1554 1610 181.
1585 1572 1630 1610 ε.
1690 1552 2045 1621 Gallandiue,
2081 1554 2229 1608 Bibl.
2262 1553 2334 1607 P.
2363 1550 2426 1605 P.
2459 1551 2538 1620 ΙΙ,
2566 1553 2710 1608 203.
2745 1568 2787 1605 e.
2832 1550 3051 1605 Simeon

554 1658 619 1711 de
649 1657 956 1729 Maqietrie,
999 1658 1209 1711 Daniel
1251 1658 1542 1711 secundam
1572 1658 1756 1716 LXX.
1806 1676 1832 1711 e
1865 1656 2057 1711 Codice
2090 1656 2363 1711 Ohisiano.
2412 1656 2568 1712 Rom.
2602 1657 2787 1709 1772.
2820 1673 2953 1725 app.
2982 1673 3045 1727 p.

525 1750 634 1815 '46
640 1763 674 1814 7
681 1803 693 1816 .
725 1780 769 1819 8.
819 1762 914 1815 Fr.
948 1762 1004 1818 J.
1045 1762 1412 1831 Freindaller,
1463 1760 1588 1831 Caji
1621 1762 1923 1834 presbyetri
1954 1761 2333 1835 fragmentum
2378 1761 2691 1830 acephalom
2736 1761 2802 1813 de
2835 1758 3051 1815 Ganone

552 1867 866 1919 divinorum
897 1868 968 1923 N.
1000 1867 1068 1922 F.
1102 1867 1364 1921 librorum
1395 1885 1578 1921 comm.
1613 1867 1778 1923 Line.
1811 1869 1987 1922 1803.
2034 1866 2133 1923 Fr.
2172 1867 2268 1922 Th.
2300 1866 2728 1932 Zimmermann,
2760 1865 2894 1920 dise.
2918 1866 2967 1919 Ιι.
3005 1883 3049 1919 c.

551 1969 850 2039 Scriptorie
893 1970 1088 2024 incerti
1147 1972 1212 2025 de
1259 1970 1475 2025 Conone
1534 1972 1833 2025 Librorum
1876 1970 2171 2026 Sacrorum
2221 1969 2598 2042 fraymentum
2644 1988 2679 2022 a
2726 1969 3045 2023 Muratorio

551 2079 819 2143 repertum
851 2072 1113 2129 exhibens.
1150 2074 1272 2131 Jen.
1301 2077 1485 2131 1805.
1531 2076 1747 2130 Deinde
1778 2076 1959 2130 codice
1988 2094 2145 2130 meso.
2182 2074 2455 2142 Bobiemi,
2488 2092 2633 2127 nunc
2664 2073 3041 2141 AmbrosianO,

551 2196 654 2248 quo
697 2178 910 2248 quidem
954 2197 1062 2233 uno
1107 2196 1235 2232 usus
1265 2186 1340 2232 eet
1371 2179 1737 2248 Mar-ateriae,
1771 2199 1806 2234 a
1840 2180 1909 2235 G.
1945 2180 2041 2235 Fr.
2073 2181 2205 2235 Nott
2244 2180 2443 2233 collato
2460 2198 2482 2247 ;
2528 2178 2608 2235 Μ
2642 2177 2699 2234 J.
2734 2178 2930 2247 Routh,
2980 2179 3039 2231 in

553 2281 827 2353 Reliquiis
889 2283 1082 2338 sacris.
1130 2284 1211 2339 ed.
1258 2284 1355 2337 alt.
1405 2284 1579 2341 Oaeon.
1632 2287 1817 2339 1846.
1863 2284 1911 2353 I,
1960 2286 2103 2342 394.
2152 2302 2197 2340 ε.
2246 2283 2620 2357 fraymentum
2683 2284 2839 2337 hocce
2893 2282 3043 2353 typis

551 2386 856 2457 descripsit.
921 2388 1150 2441 Demum
1210 2406 1354 2442 nova
1413 2388 1703 2443 collatione
1748 2408 1784 2442 a
1830 2389 1897 2443 cl.
1947 2388 2044 2444 Fr.
2102 2388 2384 2443 Wieeelero
2428 2387 2615 2456 facta,
2653 2387 2807 2441 ‘illud
2863 2388 3043 2458 ipsum

553 2490 611 2547 G.
653 2491 904 2547 Wieeeler
947 2493 1120 2545 edidit
1163 2493 1224 2547 in
1271 2510 1398 2548 ann.
1446 2493 1605 2549 Stud.
1646 2512 1699 2549 a.
1732 2493 1875 2547 Krit.
1912 2494 2088 2551 1847.
2118 2511 2179 2563 Ρ.
2220 2495 2363 2549 815.
2400 2510 2443 2545 ε.
2502 2492 2883 2547 Sue-cesserant
2928 2492 3046 2545 die-

552 2596 866 2668 quisitiones
918 2595 976 2653 G.
1021 2596 1086 2650 A.
1137 2570 1391 2668 &eduen
1457 2596 1647 2652 Gesch.
1712 2598 1765 2654 d.
1822 2604 2041 2654 neutest.
2100 2598 2315 2654 Kanon.
2382 2598 2461 2652 ed.
2520 2598 2794 2654 Volkmar.
2858 2597 3045 2652 Berol.

556 2703 740 2758 1860.
767 2720 826 2772 p.
859 2704 992 2758 146.
1037 2703 1094 2758 J.
1127 2721 1176 2756 v.
1211 2703 1381 2774 Gneo,
1429 2704 1571 2774 disp.
1619 2705 1685 2757 de
1731 2704 2115 2774 antiquissimo
2147 2704 2439 2758 Librorum
2477 2701 2536 2760 S.
2571 2704 2643 2759 N.
2674 2703 2745 2756 F.
2782 2701 3047 2775 Cataloyo

552 2804 647 2876 qui
692 2806 850 2879 vulgo
867 2806 1245 2878 fraqmentum
1275 2791 1581 2862 Muratofii
1624 2809 1955 2880 appellatur.
1988 2807 2157 2865 Amet.
2192 2809 2367 2864 1852.
2394 2826 2453 2878 p.
2489 2809 2542 2862 7.
2573 2825 2619 2863 ε.
2670 2807 2737 2863 P.
2774 2807 3045 2875 Bottcher,

564 2909 794 2964 Ver-euch
859 2912 1006 2966 einer
1063 2913 1412 2986 Heretellunq
1471 2914 1564 2968 des
1631 2913 1817 2968 Canon
1873 2913 2317 2980 Muratorianm,
2378 2913 2451 2966 im
2499 2912 2762 2968 Zeitsclzr.
2796 2911 2854 2981 f.
2902 2913 2959 2967 d.
3008 2912 3045 2966 l.

558 3014 735 3070 Theoi.
786 3017 971 3072 1854.
1025 3018 1166 3072 127.
1213 3034 1258 3070 ε.
1327 3018 1412 3073 Μ.
1460 3019 1626 3072 Hertz
1686 3019 1840 3089 apud
1883 3019 1939 3074 J.
1988 3019 2227 3084 Bunsen,
2290 3015 2557 3071 Analecta
2620 3017 3045 3071 ante-Nicaena.

553 3121 732 3176 Lond.
780 3122 958 3174 1854.
1003 3121 1052 3186 1,
1101 3123 1242 3175 137.
1311 3121 1496 3190 Nolte,
1558 3123 1689 3176 uber
1749 3124 1852 3176 das
1910 3128 2238 3195 soyenannte
2296 3120 2701 3174 Muratorieche
2746 3121 3049 3191 Fraqment

553 3225 910 3280 kanonisclzer
965 3227 1077 3278 und
1138 3225 1642 3281 nichtkanoniscker
1689 3228 1917 3296 Bucher,
1977 3229 2039 3280 in
2091 3226 2221 3282 Tssb.
2270 3225 2331 3288 Q.
2378 3225 2433 3279 S.
2483 3226 2659 3282 1860.
2703 3243 2765 3294 p.
2815 3225 2956 3278 195.
3003 3243 3047 3278 ε.

553 3328 616 3381 Α.
665 3329 1006 3403 Hilyenseld‚
1073 3331 1168 3384 der
1229 3331 1432 3385 Kanon
1485 3333 1600 3385 und
1654 3333 1742 3386 die
1808 3331 1993 3387 Kritik
2038 3333 2093 3386 d.
2141 3332 2212 3385 N.
2267 3331 2325 3384 Τ.
2373 3330 2556 3385 Halle.
2608 3330 2791 3383 1863.
2829 3347 2892 3398 p.
2941 3330 3046 3381 40.

759 3434 1150 3490 Monimentam
1195 3438 1587 3491 celeberrimum
1644 3443 1776 3506 poet
1836 3437 2081 3507 aliquam
2115 3435 2347 3504 ‚Codicis
2407 3435 2667 3488 lacunam
2726 3435 2812 3488 lais
2868 3434 3047 3486 verbis

551 3539 776 3608 incipit:
829 3581 859 3615 „
886 3579 1191 3597 .......
1225 3541 1418 3612 quibus
1465 3548 1641 3596 tamen
1686 3539 1939 3608 interfuit
1984 3547 2031 3594 et
2076 3539 2160 3593 ita
2196 3541 2384 3609 posuit
2414 3535 2451 3592 ¹.
2518 3539 2697 3592 Tertio
2745 3537 3046 3616 &vangelii

553 3643 781 3696 [fibram
825 3645 1058 3698 secundo
1105 3645 1330 3700 Lucam.
1407 3645 1593 3699 Lucas
1647 3645 1749 3700 iste
1793 3645 2030 3697 medicus
2065 3649 2195 3714 post
2240 3659 2521 3696 ascensum
2574 3640 2775 3696 Christi
2820 3661 2938 3695 cum
2986 3660 3046 3696 eo

553 3747 767 3800 Paulus
811 3749 971 3819 quasi
1026 3755 1086 3802 at
1125 3751 1277 3818 juris
1335 3749 1635 3802 studiosum
1699 3749 1988 3802 secandum
2048 3746 2397 3800 adsnmsisset
2459 3746 2677 3800 numeni
2738 3747 3048 3815 [nomine]

550 3869 648 3905 suo
691 3870 757 3905 ex
801 3853 1052 3923 opinione
1097 3854 1356 3908 concriset
1403 3854 1961 3922 [conscripsisset]
2006 3853 2304 3906 Dominum
2362 3859 2539 3906 tamen
2601 3870 2696 3906 nec
2738 3852 2855 3920 ipse
2899 3850 3047 3904 vidit

551 3956 610 4010 in
656 3974 834 4025 carne,
883 3963 930 4012 et
975 3957 1115 4012 idem
1150 3965 1318 4028 prout
1355 3959 1579 4029 ‘assequi
1612 3959 1816 4028 potuit.
1864 3957 1955 4012 Ita
1995 3963 2041 4011 et
2072 3977 2108 4010 a
2138 3957 2493 4012 nativitatate
2523 3956 2796 4011 Jolzannis
2840 3955 3049 4026 incipet

762 4250 798 4314 1)
836 4252 921 4300 De
959 4251 1392 4301 memorabilibus
1434 4251 1484 4300 J.
1525 4249 1722 4299 Christi
1759 4265 1793 4300 a
1830 4251 1879 4299 d.
1916 4250 2097 4299 Marco
2136 4249 2355 4316 digestis
2391 4252 2447 4299 in
2484 4249 2787 4301 immediate
2822 4264 3045 4317 praece·

551 4335 797 4387 dentibus
845 4353 1016 4388 sermo
1068 4338 1234 4388 fuisse
1280 4338 1504 4387 videtur.
1578 4338 1853 4403 Per-penso
1904 4339 1957 4388 S.
1994 4337 2236 4388 Marcum
2282 4354 2403 4388 cum
2449 4337 2739 4404 Apostolis,
2785 4339 3045 4404 imprimis

553 4439 671 4473 cum
711 4423 763 4474 S.
801 4425 960 4474 Petro
999 4425 1411 4474 familiaritatem
1449 4426 1808 4475 contraxisse:
1852 4440 1919 4474 ea
1958 4425 2234 4489 „quibus
2272 4429 2492 4474 tamen
2528 4425 2893 4487 interfuit“‚
2932 4439 3045 4474 non

551 4516 677 4560 sunt
726 4527 811 4561 res
850 4525 884 4560 a
921 4511 1131 4562 Christo
1179 4516 1384 4576 gestae,
1435 4512 1528 4562 sed
1573 4529 1616 4562 s.
1654 4513 1801 4562 Petri
1839 4510 1905 4562 de
1954 4512 2112 4562 rebus
2149 4526 2184 4561 a
2221 4510 2431 4561 Christo
2480 4512 2642 4575 gestis
2690 4513 3041 4572 narrationes,

550 4598 744 4664 quibus
782 4599 832 4648 d.
869 4600 1097 4660 Marone,
1138 4601 1335 4665 quippe
1371 4600 1517 4648 Petri
1555 4595 1846 4667 ἑρμηνευτὴς
1882 4598 2138 4648 interfuit.
