<?xml version="1.0" encoding="UTF-8"?>
<!DOCTYPE html PUBLIC "-//W3C//DTD XHTML 1.0 Transitional//EN"
    "http://www.w3.org/TR/xhtml1/DTD/xhtml1-transitional.dtd">
<html xmlns="http://www.w3.org/1999/xhtml" xml:lang="en" lang="en">
 <head>
  <title>
</title>
<meta http-equiv="Content-Type" content="text/html;charset=utf-8" />
  <meta name='ocr-system' content='tesseract 3.04.00' />
  <meta name='ocr-capabilities' content='ocr_page ocr_carea ocr_par ocr_line ocrx_word'/>
</head>
<body>
  <div class='ocr_page' id='page_1' title='image "./historiarevelat02dankgoog_0376.png"; bbox 0 0 3309 5300; ppageno 0'>
   <div class='ocr_carea' id='block_1_1' title="bbox 546 426 678 492">
    <p class='ocr_par' dir='ltr' id='par_1_1' title="bbox 546 426 678 492">
     <span class='ocr_line' id='line_1_1' title="bbox 546 426 678 492; baseline 0.015 -1"><span class='ocrx_word' id='word_1_1' title='bbox 546 426 678 492; x_wconf 86' lang='lat'>354</span> 
     </span>
    </p>
   </div>
   <div class='ocr_carea' id='block_1_2' title="bbox 545 611 758 708">
    <p class='ocr_par' dir='ltr' id='par_1_2' title="bbox 545 611 758 708">
     <span class='ocr_line' id='line_1_2' title="bbox 545 611 758 647; baseline -0.009 0"><span class='ocrx_word' id='word_1_2' title='bbox 545 611 652 647; x_wconf 80' lang='lat' dir='ltr'>Anni</span> <span class='ocrx_word' id='word_1_3' title='bbox 668 615 758 646; x_wconf 71' lang='lat' dir='ltr'>ante</span> 
     </span>
     <span class='ocr_line' id='line_1_3' title="bbox 587 674 726 708; baseline -0.007 -1"><span class='ocrx_word' id='word_1_4' title='bbox 587 674 654 707; x_wconf 77' lang='lat' dir='ltr'>Ae.</span> <span class='ocrx_word' id='word_1_5' title='bbox 678 674 726 708; x_wconf 80' lang='lat' dir='ltr'>V.</span> 
     </span>
    </p>
   </div>
   <div class='ocr_carea' id='block_1_3' title="bbox 621 927 723 1061">
    <p class='ocr_par' dir='ltr' id='par_1_3' title="bbox 621 927 723 1061">
     <span class='ocr_line' id='line_1_4' title="bbox 622 927 723 974; baseline -0.01 0"><span class='ocrx_word' id='word_1_6' title='bbox 622 927 723 974; x_wconf 89' lang='lat'>600</span> 
     </span>
     <span class='ocr_line' id='line_1_5' title="bbox 621 1013 721 1061; baseline 0.02 -2"><span class='ocrx_word' id='word_1_7' title='bbox 621 1013 721 1061; x_wconf 83' lang='lat'>597</span> 
     </span>
    </p>
   </div>
   <div class='ocr_carea' id='block_1_4' title="bbox 623 1444 723 1491">
    <p class='ocr_par' dir='ltr' id='par_1_4' title="bbox 623 1444 723 1491">
     <span class='ocr_line' id='line_1_6' title="bbox 623 1444 723 1491; baseline 0 0"><span class='ocrx_word' id='word_1_8' title='bbox 623 1444 723 1491; x_wconf 88' lang='grc'>596</span> 
     </span>
    </p>
   </div>
   <div class='ocr_carea' id='block_1_5' title="bbox 624 1618 723 1665">
    <p class='ocr_par' dir='ltr' id='par_1_5' title="bbox 624 1618 723 1665">
     <span class='ocr_line' id='line_1_7' title="bbox 624 1618 723 1665; baseline 0.01 -1"><span class='ocrx_word' id='word_1_9' title='bbox 624 1618 723 1665; x_wconf 89' lang='grc'>586</span> 
     </span>
    </p>
   </div>
   <div class='ocr_carea' id='block_1_6' title="bbox 625 2117 717 2167">
    <p class='ocr_par' dir='ltr' id='par_1_6' title="bbox 625 2117 717 2167">
     <span class='ocr_line' id='line_1_8' title="bbox 625 2117 717 2167; baseline 0 0"><span class='ocrx_word' id='word_1_10' title='bbox 625 2117 717 2167; x_wconf 89' lang='grc' dir='ltr'>ΑΒ</span> 
     </span>
    </p>
   </div>
   <div class='ocr_carea' id='block_1_7' title="bbox 625 2346 727 2826">
    <p class='ocr_par' dir='ltr' id='par_1_7' title="bbox 625 2346 727 2826">
     <span class='ocr_line' id='line_1_9' title="bbox 625 2346 723 2392; baseline -0.01 0"><span class='ocrx_word' id='word_1_11' title='bbox 625 2346 723 2392; x_wconf 91' lang='grc'>561</span> 
     </span>
     <span class='ocr_line' id='line_1_10' title="bbox 626 2518 726 2565; baseline -0.01 0"><span class='ocrx_word' id='word_1_12' title='bbox 626 2518 726 2565; x_wconf 91' lang='grc'>560</span> 
     </span>
     <span class='ocr_line' id='line_1_11' title="bbox 625 2604 726 2653; baseline -0.01 0"><span class='ocrx_word' id='word_1_13' title='bbox 625 2604 726 2653; x_wconf 87' lang='grc'>558</span> 
     </span>
     <span class='ocr_line' id='line_1_12' title="bbox 628 2693 726 2739; baseline -0.01 0"><span class='ocrx_word' id='word_1_14' title='bbox 628 2693 726 2739; x_wconf 89' lang='lat'>553</span> 
     </span>
     <span class='ocr_line' id='line_1_13' title="bbox 628 2779 727 2826; baseline -0.02 0"><span class='ocrx_word' id='word_1_15' title='bbox 628 2779 727 2826; x_wconf 84' lang='lat'>539</span> 
     </span>
    </p>
   </div>
   <div class='ocr_carea' id='block_1_8' title="bbox 629 2950 726 2999">
    <p class='ocr_par' dir='ltr' id='par_1_8' title="bbox 629 2950 726 2999">
     <span class='ocr_line' id='line_1_14' title="bbox 629 2950 726 2999; baseline -0.031 0"><span class='ocrx_word' id='word_1_16' title='bbox 629 2950 726 2999; x_wconf 83' lang='lat'>537</span> 
     </span>
    </p>
   </div>
   <div class='ocr_carea' id='block_1_9' title="bbox 517 3211 731 3776">
    <p class='ocr_par' dir='ltr' id='par_1_9' title="bbox 517 3211 731 3776">
     <span class='ocr_line' id='line_1_15' title="bbox 628 3211 728 3258; baseline 0 0"><span class='ocrx_word' id='word_1_17' title='bbox 628 3211 728 3258; x_wconf 84' lang='lat'>535</span> 
     </span>
     <span class='ocr_line' id='line_1_16' title="bbox 627 3384 729 3431; baseline -0.01 0"><span class='ocrx_word' id='word_1_18' title='bbox 627 3384 729 3431; x_wconf 83' lang='lat'>485</span> 
     </span>
     <span class='ocr_line' id='line_1_17' title="bbox 628 3555 731 3603; baseline 0.01 -1"><span class='ocrx_word' id='word_1_19' title='bbox 628 3555 731 3603; x_wconf 86' lang='lat'>458</span> 
     </span>
     <span class='ocr_line' id='line_1_18' title="bbox 517 3710 731 3776; baseline 0 0"><span class='ocrx_word' id='word_1_20' title='bbox 517 3710 524 3718; x_wconf 84' lang='grc'><strong>’</strong></span> <span class='ocrx_word' id='word_1_21' title='bbox 629 3729 731 3776; x_wconf 87' lang='grc'>445</span> 
     </span>
    </p>
   </div>
   <div class='ocr_carea' id='block_1_10' title="bbox 631 3903 733 4035">
    <p class='ocr_par' dir='ltr' id='par_1_10' title="bbox 631 3903 733 4035">
     <span class='ocr_line' id='line_1_19' title="bbox 631 3903 732 3949; baseline 0 -1"><span class='ocrx_word' id='word_1_22' title='bbox 631 3903 732 3949; x_wconf 90' lang='grc'>433</span> 
     </span>
     <span class='ocr_line' id='line_1_20' title="bbox 633 3989 733 4035; baseline 0 0"><span class='ocrx_word' id='word_1_23' title='bbox 633 3989 733 4035; x_wconf 87' lang='grc'>332</span> 
     </span>
    </p>
   </div>
   <div class='ocr_carea' id='block_1_11' title="bbox 634 4162 735 4294">
    <p class='ocr_par' dir='ltr' id='par_1_11' title="bbox 634 4162 735 4294">
     <span class='ocr_line' id='line_1_21' title="bbox 634 4162 731 4208; baseline 0 -1"><span class='ocrx_word' id='word_1_24' title='bbox 634 4162 731 4208; x_wconf 90' lang='grc'>331</span> 
     </span>
     <span class='ocr_line' id='line_1_22' title="bbox 636 4248 735 4294; baseline -0.01 0"><span class='ocrx_word' id='word_1_25' title='bbox 636 4248 735 4294; x_wconf 87' lang='grc'>174</span> 
     </span>
    </p>
   </div>
   <div class='ocr_carea' id='block_1_12' title="bbox 636 4507 735 4556">
    <p class='ocr_par' dir='ltr' id='par_1_12' title="bbox 636 4507 735 4556">
     <span class='ocr_line' id='line_1_23' title="bbox 636 4507 735 4556; baseline 0.03 -3"><span class='ocrx_word' id='word_1_26' title='bbox 636 4507 735 4556; x_wconf 87' lang='grc'>167</span> 
     </span>
    </p>
   </div>
   <div class='ocr_carea' id='block_1_13' title="bbox 2891 1373 2898 1586">
    <p class='ocr_par' dir='ltr' id='par_1_13' title="bbox 2891 1373 2898 1586">
     <span class='ocr_line' id='line_1_24' title="bbox 2891 1373 2898 1586; baseline 0 3714"><span class='ocrx_word' id='word_1_27' title='bbox 2891 1373 2898 1586; x_wconf 95' lang='lat' dir='ltr'> </span> 
     </span>
    </p>
   </div>
   <div class='ocr_carea' id='block_1_14' title="bbox 2893 1635 2898 1772">
    <p class='ocr_par' dir='ltr' id='par_1_14' title="bbox 2893 1635 2898 1772">
     <span class='ocr_line' id='line_1_25' title="bbox 2893 1635 2898 1772; baseline 0 0"><span class='ocrx_word' id='word_1_28' title='bbox 2893 1635 2898 1772; x_wconf 95' lang='lat' dir='ltr'> </span> 
     </span>
    </p>
   </div>
   <div class='ocr_carea' id='block_1_15' title="bbox 846 650 3050 1857">
    <p class='ocr_par' dir='ltr' id='par_1_15' title="bbox 846 650 3050 1857">
     <span class='ocr_line' id='line_1_26' title="bbox 2940 650 3032 693; baseline 0.011 -10"><span class='ocrx_word' id='word_1_29' title='bbox 2940 650 3032 693; x_wconf 65' lang='lat' dir='ltr'>Pas.</span> 
     </span>
     <span class='ocr_line' id='line_1_27' title="bbox 917 752 2852 817; baseline 0.001 -16"><span class='ocrx_word' id='word_1_30' title='bbox 917 752 1197 817; x_wconf 79' lang='lat' dir='ltr'><strong>Tempore,</strong></span> <span class='ocrx_word' id='word_1_31' title='bbox 1253 768 1359 817; x_wconf 88' lang='lat' dir='ltr'>quo</span> <span class='ocrx_word' id='word_1_32' title='bbox 1394 752 1679 803; x_wconf 85' lang='lat' dir='ltr'>Joakimus</span> <span class='ocrx_word' id='word_1_33' title='bbox 1715 754 1926 803; x_wconf 84' lang='lat' dir='ltr'>vinctus</span> <span class='ocrx_word' id='word_1_34' title='bbox 1963 755 2263 817; x_wconf 88' lang='lat' dir='ltr'>tenebatur,</span> <span class='ocrx_word' id='word_1_35' title='bbox 2314 755 2626 804; x_wconf 87' lang='lat' dir='ltr'>acciderunt</span> <span class='ocrx_word' id='word_1_36' title='bbox 2677 770 2761 805; x_wconf 87' lang='lat' dir='ltr'>res</span> <span class='ocrx_word' id='word_1_37' title='bbox 2817 768 2852 803; x_wconf 89' lang='lat' dir='ltr'>a</span> 
     </span>
     <span class='ocr_line' id='line_1_28' title="bbox 918 838 3047 903; baseline 0 -17"><span class='ocrx_word' id='word_1_38' title='bbox 918 838 1142 887; x_wconf 85' lang='lat' dir='ltr'>Juditha</span> <span class='ocrx_word' id='word_1_39' title='bbox 1178 840 1317 888; x_wconf 90' lang='lat' dir='ltr'>bene</span> <span class='ocrx_word' id='word_1_40' title='bbox 1356 843 1537 903; x_wconf 83' lang='lat' dir='ltr'>gestae</span> <span class='ocrx_word' id='word_1_41' title='bbox 1574 876 2840 891; x_wconf 87' lang='grc'><strong>...................</strong></span> <span class='ocrx_word' id='word_1_42' title='bbox 2941 841 3047 888; x_wconf 84' lang='grc'>433</span> 
     </span>
     <span class='ocr_line' id='line_1_29' title="bbox 848 925 3046 992; baseline 0 -19"><span class='ocrx_word' id='word_1_43' title='bbox 848 925 1346 975; x_wconf 80' lang='lat' dir='ltr'><strong>Nabuchodonosor</strong></span> <span class='ocrx_word' id='word_1_44' title='bbox 1382 926 1708 988; x_wconf 88' lang='lat' dir='ltr'>Joakimum,</span> <span class='ocrx_word' id='word_1_45' title='bbox 1745 926 1945 975; x_wconf 90' lang='lat' dir='ltr'>indicto</span> <span class='ocrx_word' id='word_1_46' title='bbox 1983 928 2198 989; x_wconf 85' lang='lat' dir='ltr'>tributo,</span> <span class='ocrx_word' id='word_1_47' title='bbox 2235 943 2399 992; x_wconf 90' lang='lat' dir='ltr'>regno</span> <span class='ocrx_word' id='word_1_48' title='bbox 2438 928 2700 976; x_wconf 78' lang='lat' dir='ltr'><strong>restituit.</strong></span> <span class='ocrx_word' id='word_1_49' title='bbox 2758 966 2770 977; x_wconf 94' lang='lat'><strong>.</strong></span> <span class='ocrx_word' id='word_1_50' title='bbox 2828 965 2839 976; x_wconf 89' lang='lat'><strong>.</strong></span> <span class='ocrx_word' id='word_1_51' title='bbox 2941 927 3046 974; x_wconf 94' lang='grc'>427</span> 
     </span>
     <span class='ocr_line' id='line_1_30' title="bbox 848 1010 2851 1073; baseline 0 -13"><span class='ocrx_word' id='word_1_52' title='bbox 848 1010 1347 1061; x_wconf 81' lang='lat' dir='ltr'><strong>Nabuchodonosor</strong></span> <span class='ocrx_word' id='word_1_53' title='bbox 1394 1012 1701 1060; x_wconf 87' lang='lat' dir='ltr'>Joakimum</span> <span class='ocrx_word' id='word_1_54' title='bbox 1751 1012 1849 1061; x_wconf 88' lang='lat' dir='ltr'>sub</span> <span class='ocrx_word' id='word_1_55' title='bbox 1900 1012 2115 1061; x_wconf 88' lang='lat' dir='ltr'>foedere</span> <span class='ocrx_word' id='word_1_56' title='bbox 2166 1014 2511 1062; x_wconf 87' lang='lat' dir='ltr'>subiectionis</span> <span class='ocrx_word' id='word_1_57' title='bbox 2562 1014 2851 1073; x_wconf 86' lang='lat' dir='ltr'>dimissum,</span> 
     </span>
     <span class='ocr_line' id='line_1_31' title="bbox 923 1097 2850 1163; baseline 0.001 -17"><span class='ocrx_word' id='word_1_58' title='bbox 923 1097 1176 1147; x_wconf 82' lang='lat' dir='ltr'>rebellem</span> <span class='ocrx_word' id='word_1_59' title='bbox 1202 1099 1359 1162; x_wconf 89' lang='lat' dir='ltr'>cepit,</span> <span class='ocrx_word' id='word_1_60' title='bbox 1396 1100 1452 1146; x_wconf 91' lang='lat' dir='ltr'>in</span> <span class='ocrx_word' id='word_1_61' title='bbox 1490 1099 1603 1148; x_wconf 88' lang='lat' dir='ltr'>eius</span> <span class='ocrx_word' id='word_1_62' title='bbox 1639 1098 1820 1147; x_wconf 91' lang='lat' dir='ltr'>locum</span> <span class='ocrx_word' id='word_1_63' title='bbox 1855 1098 2020 1147; x_wconf 89' lang='lat' dir='ltr'>filium</span> <span class='ocrx_word' id='word_1_64' title='bbox 2046 1100 2368 1148; x_wconf 88' lang='lat' dir='ltr'>Joachinum</span> <span class='ocrx_word' id='word_1_65' title='bbox 2406 1101 2707 1162; x_wconf 84' lang='lat' dir='ltr'>substituit3</span> <span class='ocrx_word' id='word_1_66' title='bbox 2745 1114 2850 1163; x_wconf 90' lang='lat' dir='ltr'>quo</span> 
     </span>
     <span class='ocr_line' id='line_1_32' title="bbox 918 1184 2849 1250; baseline 0.001 -17"><span class='ocrx_word' id='word_1_67' title='bbox 918 1184 1247 1233; x_wconf 82' lang='lat' dir='ltr'>detrectante</span> <span class='ocrx_word' id='word_1_68' title='bbox 1308 1184 1700 1247; x_wconf 81' lang='lat' dir='ltr'>obedientiam,</span> <span class='ocrx_word' id='word_1_69' title='bbox 1775 1190 1897 1250; x_wconf 89' lang='lat' dir='ltr'>post</span> <span class='ocrx_word' id='word_1_70' title='bbox 1955 1188 2271 1235; x_wconf 82' lang='lat' dir='ltr'>trimestrem</span> <span class='ocrx_word' id='word_1_71' title='bbox 2329 1186 2662 1235; x_wconf 79' lang='lat' dir='ltr'>obsidionem</span> <span class='ocrx_word' id='word_1_72' title='bbox 2719 1186 2849 1234; x_wconf 90' lang='lat' dir='ltr'>Hie-</span> 
     </span>
     <span class='ocr_line' id='line_1_33' title="bbox 916 1270 2852 1337; baseline 0.001 -18"><span class='ocrx_word' id='word_1_73' title='bbox 916 1270 1184 1335; x_wconf 86' lang='lat' dir='ltr'>rosolyma</span> <span class='ocrx_word' id='word_1_74' title='bbox 1232 1277 1495 1336; x_wconf 90' lang='lat' dir='ltr'>occupata</span> <span class='ocrx_word' id='word_1_75' title='bbox 1540 1288 1720 1337; x_wconf 91' lang='lat' dir='ltr'>regem</span> <span class='ocrx_word' id='word_1_76' title='bbox 1771 1288 1886 1321; x_wconf 90' lang='lat' dir='ltr'>cum</span> <span class='ocrx_word' id='word_1_77' title='bbox 1937 1274 2240 1337; x_wconf 81' lang='lat' dir='ltr'>praecipuis</span> <span class='ocrx_word' id='word_1_78' title='bbox 2275 1274 2406 1323; x_wconf 84' lang='lat' dir='ltr'>viris</span> <span class='ocrx_word' id='word_1_79' title='bbox 2441 1302 2508 1309; x_wconf 92' lang='lat'>—-</span> <span class='ocrx_word' id='word_1_80' title='bbox 2539 1275 2680 1321; x_wconf 89' lang='lat' dir='ltr'>inter</span> <span class='ocrx_word' id='word_1_81' title='bbox 2717 1287 2852 1337; x_wconf 88' lang='lat' dir='ltr'>quos</span> 
     </span>
     <span class='ocr_line' id='line_1_34' title="bbox 916 1352 3046 1424; baseline -0.001 -17"><span class='ocrx_word' id='word_1_82' title='bbox 916 1358 1171 1407; x_wconf 85' lang='lat' dir='ltr'>Ezechiel</span> <span class='ocrx_word' id='word_1_83' title='bbox 1208 1362 1261 1406; x_wconf 91' lang='lat' dir='ltr'>et</span> <span class='ocrx_word' id='word_1_84' title='bbox 1294 1358 1684 1409; x_wconf 85' lang='lat' dir='ltr'>Mardochaeus</span> <span class='ocrx_word' id='word_1_85' title='bbox 1709 1388 1776 1395; x_wconf 90' lang='lat'>—</span> <span class='ocrx_word' id='word_1_86' title='bbox 1801 1360 2133 1423; x_wconf 83' lang='lat' dir='ltr'>Babylonem</span> <span class='ocrx_word' id='word_1_87' title='bbox 2170 1360 2416 1424; x_wconf 88' lang='lat' dir='ltr'>deportat</span> <span class='ocrx_word' id='word_1_88' title='bbox 2480 1398 2491 1408; x_wconf 92' lang='lat'><strong>.</strong></span> <span class='ocrx_word' id='word_1_89' title='bbox 2551 1397 2561 1408; x_wconf 94' lang='lat'><strong>.</strong></span> <span class='ocrx_word' id='word_1_90' title='bbox 2589 1352 2592 1357; x_wconf 68' lang='grc'><strong>’</strong></span> <span class='ocrx_word' id='word_1_91' title='bbox 2619 1397 2630 1409; x_wconf 94' lang='grc'><strong>.</strong></span> <span class='ocrx_word' id='word_1_92' title='bbox 2689 1398 2700 1409; x_wconf 93' lang='grc'><strong>.</strong></span> <span class='ocrx_word' id='word_1_93' title='bbox 2759 1398 2769 1408; x_wconf 95' lang='grc'>.</span> <span class='ocrx_word' id='word_1_94' title='bbox 2829 1396 2840 1407; x_wconf 93' lang='grc'><strong>.</strong></span> <span class='ocrx_word' id='word_1_95' title='bbox 2941 1359 3046 1406; x_wconf 94' lang='grc'>427</span> 
     </span>
     <span class='ocr_line' id='line_1_35' title="bbox 846 1444 2853 1508; baseline 0.001 -17"><span class='ocrx_word' id='word_1_96' title='bbox 846 1444 1161 1505; x_wconf 84' lang='lat' dir='ltr'>Matthania,</span> <span class='ocrx_word' id='word_1_97' title='bbox 1188 1444 1321 1493; x_wconf 85' lang='lat' dir='ltr'>alias</span> <span class='ocrx_word' id='word_1_98' title='bbox 1348 1444 1616 1507; x_wconf 88' lang='lat' dir='ltr'>Sedecias,</span> <span class='ocrx_word' id='word_1_99' title='bbox 1641 1447 1832 1495; x_wconf 86' lang='lat' dir='ltr'>tertius</span> <span class='ocrx_word' id='word_1_100' title='bbox 1856 1444 1996 1495; x_wconf 87' lang='lat' dir='ltr'>filius</span> <span class='ocrx_word' id='word_1_101' title='bbox 2021 1446 2056 1494; x_wconf 88' lang='lat' dir='ltr'><strong>J</strong></span> <span class='ocrx_word' id='word_1_102' title='bbox 2060 1448 2222 1507; x_wconf 88' lang='lat' dir='ltr'>osiae,</span> <span class='ocrx_word' id='word_1_103' title='bbox 2263 1460 2295 1494; x_wconf 90' lang='lat' dir='ltr'>a</span> <span class='ocrx_word' id='word_1_104' title='bbox 2321 1445 2853 1508; x_wconf 86' lang='lat' dir='ltr'>Nabuchodonosore</span> 
     </span>
     <span class='ocr_line' id='line_1_36' title="bbox 921 1530 3048 1596; baseline -0 -17"><span class='ocrx_word' id='word_1_105' title='bbox 921 1532 1238 1579; x_wconf 83' lang='lat' dir='ltr'>constitutus</span> <span class='ocrx_word' id='word_1_106' title='bbox 1286 1547 1380 1579; x_wconf 92' lang='lat' dir='ltr'>rex</span> <span class='ocrx_word' id='word_1_107' title='bbox 1427 1531 1674 1581; x_wconf 89' lang='lat' dir='ltr'>undecim</span> <span class='ocrx_word' id='word_1_108' title='bbox 1712 1547 1880 1581; x_wconf 89' lang='lat' dir='ltr'>annos</span> <span class='ocrx_word' id='word_1_109' title='bbox 1917 1533 2148 1596; x_wconf 83' lang='lat' dir='ltr'>praefuit</span> <span class='ocrx_word' id='word_1_110' title='bbox 2202 1568 2840 1582; x_wconf 87' lang='grc'><strong>..........</strong></span> <span class='ocrx_word' id='word_1_111' title='bbox 2941 1530 3048 1579; x_wconf 87' lang='grc'>435</span> 
     </span>
     <span class='ocr_line' id='line_1_37' title="bbox 855 1616 2898 1684; baseline 0.001 -20"><span class='ocrx_word' id='word_1_112' title='bbox 855 1616 1118 1669; x_wconf 71' lang='lat' dir='ltr'>Sedecias,</span> <span class='ocrx_word' id='word_1_113' title='bbox 1144 1633 1264 1665; x_wconf 89' lang='lat' dir='ltr'>cum</span> <span class='ocrx_word' id='word_1_114' title='bbox 1299 1617 1459 1666; x_wconf 92' lang='lat' dir='ltr'>fidem</span> <span class='ocrx_word' id='word_1_115' title='bbox 1504 1618 1666 1684; x_wconf 86' lang='lat' dir='ltr'>fregit</span> <span class='ocrx_word' id='word_1_116' title='bbox 1701 1634 1734 1667; x_wconf 89' lang='lat' dir='ltr'>a</span> <span class='ocrx_word' id='word_1_117' title='bbox 1769 1634 1894 1683; x_wconf 90' lang='lat' dir='ltr'>rege</span> <span class='ocrx_word' id='word_1_118' title='bbox 1933 1618 2324 1668; x_wconf 82' lang='lat' dir='ltr'>Chaldaeorum</span> <span class='ocrx_word' id='word_1_119' title='bbox 2361 1620 2562 1668; x_wconf 84' lang='lat' dir='ltr'>eversis</span> <span class='ocrx_word' id='word_1_120' title='bbox 2599 1620 2850 1667; x_wconf 87' lang='lat' dir='ltr'>Hieroso·</span> <span class='ocrx_word' id='word_1_121' title='bbox 2893 1617 2898 1628; x_wconf 84' lang='lat'><strong><em>&#39;</em></strong></span> 
     </span>
     <span class='ocr_line' id='line_1_38' title="bbox 916 1703 2851 1769; baseline 0.001 -18"><span class='ocrx_word' id='word_1_122' title='bbox 916 1703 1069 1767; x_wconf 86' lang='lat' dir='ltr'>lymis</span> <span class='ocrx_word' id='word_1_123' title='bbox 1106 1708 1313 1768; x_wconf 87' lang='lat' dir='ltr'>captus,</span> <span class='ocrx_word' id='word_1_124' title='bbox 1364 1704 1567 1754; x_wconf 82' lang='lat' dir='ltr'>effossis</span> <span class='ocrx_word' id='word_1_125' title='bbox 1608 1704 1791 1767; x_wconf 87' lang='lat' dir='ltr'>oculis,</span> <span class='ocrx_word' id='word_1_126' title='bbox 1840 1705 2171 1769; x_wconf 86' lang='lat' dir='ltr'>Babylonem</span> <span class='ocrx_word' id='word_1_127' title='bbox 2209 1705 2505 1754; x_wconf 89' lang='lat' dir='ltr'>deducitur.</span> <span class='ocrx_word' id='word_1_128' title='bbox 2560 1704 2736 1769; x_wconf 87' lang='lat' dir='ltr'>Atque</span> <span class='ocrx_word' id='word_1_129' title='bbox 2773 1706 2851 1753; x_wconf 87' lang='lat' dir='ltr'>ita</span> 
     </span>
     <span class='ocr_line' id='line_1_39' title="bbox 917 1789 3050 1857; baseline -0.001 -18"><span class='ocrx_word' id='word_1_130' title='bbox 917 1789 1287 1839; x_wconf 83' lang='lat' dir='ltr'>translatus</span> <span class='ocrx_word' id='word_1_131' title='bbox 1326 1795 1429 1840; x_wconf 89' lang='lat' dir='ltr'>est</span> <span class='ocrx_word' id='word_1_132' title='bbox 1464 1791 1674 1842; x_wconf 83' lang='lat' dir='ltr'>Judas</span> <span class='ocrx_word' id='word_1_133' title='bbox 1713 1808 1742 1841; x_wconf 91' lang='lat' dir='ltr'>e</span> <span class='ocrx_word' id='word_1_134' title='bbox 1777 1797 1957 1841; x_wconf 89' lang='lat' dir='ltr'>terra</span> <span class='ocrx_word' id='word_1_135' title='bbox 1991 1806 2113 1841; x_wconf 81' lang='lat' dir='ltr'>sua</span> <span class='ocrx_word' id='word_1_136' title='bbox 2153 1790 2280 1857; x_wconf 85' lang='lat' dir='ltr'>[Jer.</span> <span class='ocrx_word' id='word_1_137' title='bbox 2320 1794 2403 1853; x_wconf 87' lang='grc'>52,</span> <span class='ocrx_word' id='word_1_138' title='bbox 2444 1790 2546 1857; x_wconf 92' lang='grc'>27.]</span> <span class='ocrx_word' id='word_1_139' title='bbox 2617 1830 2628 1841; x_wconf 93' lang='grc'><strong>.</strong></span> <span class='ocrx_word' id='word_1_140' title='bbox 2684 1830 2697 1841; x_wconf 89' lang='grc'><strong>.</strong></span> <span class='ocrx_word' id='word_1_141' title='bbox 2754 1829 2766 1840; x_wconf 94' lang='grc'><strong>.</strong></span> <span class='ocrx_word' id='word_1_142' title='bbox 2823 1828 2836 1839; x_wconf 89' lang='grc'><strong>.</strong></span> <span class='ocrx_word' id='word_1_143' title='bbox 2894 1789 2898 1853; x_wconf 68' lang='grc' dir='ltr'>ζ</span> <span class='ocrx_word' id='word_1_144' title='bbox 2941 1790 3050 1837; x_wconf 86' lang='grc'>437</span> 
     </span>
    </p>
   </div>
   <div class='ocr_carea' id='block_1_16' title="bbox 1435 2010 2156 2066">
    <p class='ocr_par' dir='ltr' id='par_1_16' title="bbox 1435 2010 2156 2066">
     <span class='ocr_line' id='line_1_40' title="bbox 1435 2010 2156 2066; baseline -0.001 -4"><span class='ocrx_word' id='word_1_145' title='bbox 1435 2010 1813 2066; x_wconf 73' lang='grc' dir='ltr'>ΡΕΒΙΟΒΠΒ</span> <span class='ocrx_word' id='word_1_146' title='bbox 1858 2012 2156 2065; x_wconf 73' lang='grc' dir='ltr'><strong>ΤΕΒΤΙΑ.</strong></span> 
     </span>
    </p>
   </div>
   <div class='ocr_carea' id='block_1_17' title="bbox 772 2116 2974 2182">
    <p class='ocr_par' dir='ltr' id='par_1_17' title="bbox 772 2116 2974 2182">
     <span class='ocr_line' id='line_1_41' title="bbox 772 2116 2974 2182; baseline 0 -15"><span class='ocrx_word' id='word_1_147' title='bbox 772 2117 1024 2167; x_wconf 87' lang='lat' dir='ltr'>EXILIO</span> <span class='ocrx_word' id='word_1_148' title='bbox 1081 2116 1543 2167; x_wconf 89' lang='lat' dir='ltr'>BABYLONICO</span> <span class='ocrx_word' id='word_1_149' title='bbox 1598 2118 1840 2179; x_wconf 78' lang='lat' dir='ltr'>USQUE</span> <span class='ocrx_word' id='word_1_150' title='bbox 1897 2118 1993 2167; x_wconf 89' lang='lat' dir='ltr'>AD</span> <span class='ocrx_word' id='word_1_151' title='bbox 2052 2117 2422 2169; x_wconf 86' lang='lat' dir='ltr'>CHRISTUM</span> <span class='ocrx_word' id='word_1_152' title='bbox 2475 2118 2752 2182; x_wconf 87' lang='lat' dir='ltr'>NATUM,</span> <span class='ocrx_word' id='word_1_153' title='bbox 2810 2118 2974 2168; x_wconf 81' lang='lat' dir='ltr'>SIVE</span> 
     </span>
    </p>
   </div>
   <div class='ocr_carea' id='block_1_18' title="bbox 1350 2204 2247 2255">
    <p class='ocr_par' dir='ltr' id='par_1_18' title="bbox 1350 2204 2247 2255">
     <span class='ocr_line' id='line_1_42' title="bbox 1350 2204 2247 2255; baseline 0.003 -3"><span class='ocrx_word' id='word_1_154' title='bbox 1350 2204 1441 2252; x_wconf 86' lang='lat' dir='ltr'>AB</span> <span class='ocrx_word' id='word_1_155' title='bbox 1480 2204 1675 2253; x_wconf 90' lang='lat' dir='ltr'>ANNO</span> <span class='ocrx_word' id='word_1_156' title='bbox 1714 2206 1935 2255; x_wconf 81' lang='lat'>586—4.</span> <span class='ocrx_word' id='word_1_157' title='bbox 1983 2204 2046 2254; x_wconf 90' lang='lat' dir='ltr'>A.</span> <span class='ocrx_word' id='word_1_158' title='bbox 2087 2204 2146 2254; x_wconf 85' lang='lat' dir='ltr'>C.</span> <span class='ocrx_word' id='word_1_159' title='bbox 2182 2206 2247 2255; x_wconf 88' lang='lat' dir='ltr'>N.</span> 
     </span>
    </p>
   </div>
   <div class='ocr_carea' id='block_1_19' title="bbox 850 2341 3055 2756">
    <p class='ocr_par' dir='ltr' id='par_1_19' title="bbox 850 2341 3055 2756">
     <span class='ocr_line' id='line_1_43' title="bbox 850 2341 2851 2407; baseline 0.001 -16"><span class='ocrx_word' id='word_1_160' title='bbox 850 2341 1345 2404; x_wconf 83' lang='lat' dir='ltr'>Evilmerodachus,</span> <span class='ocrx_word' id='word_1_161' title='bbox 1400 2347 1606 2392; x_wconf 88' lang='lat' dir='ltr'>mortuo</span> <span class='ocrx_word' id='word_1_162' title='bbox 1661 2348 1813 2407; x_wconf 91' lang='lat' dir='ltr'>patre</span> <span class='ocrx_word' id='word_1_163' title='bbox 1867 2342 2413 2406; x_wconf 86' lang='lat' dir='ltr'>Nabuchodonosore,</span> <span class='ocrx_word' id='word_1_164' title='bbox 2474 2348 2654 2393; x_wconf 89' lang='lat' dir='ltr'>manet</span> <span class='ocrx_word' id='word_1_165' title='bbox 2708 2344 2851 2393; x_wconf 87' lang='lat' dir='ltr'>solus</span> 
     </span>
     <span class='ocr_line' id='line_1_44' title="bbox 927 2428 3053 2494; baseline 0 -16"><span class='ocrx_word' id='word_1_166' title='bbox 927 2428 1225 2478; x_wconf 86' lang='lat' dir='ltr'>dominator</span> <span class='ocrx_word' id='word_1_167' title='bbox 1259 2430 1466 2494; x_wconf 90' lang='lat' dir='ltr'>imperii</span> <span class='ocrx_word' id='word_1_168' title='bbox 1504 2429 1781 2479; x_wconf 76' lang='lat' dir='ltr'>Chaldaici</span> <span class='ocrx_word' id='word_1_169' title='bbox 1856 2467 2426 2481; x_wconf 90' lang='grc'><strong>.........</strong></span> <span class='ocrx_word' id='word_1_170' title='bbox 2455 2466 2461 2472; x_wconf 83' lang='lat'>-</span> <span class='ocrx_word' id='word_1_171' title='bbox 2484 2468 2842 2480; x_wconf 89' lang='grc'><strong>......</strong></span> <span class='ocrx_word' id='word_1_172' title='bbox 2943 2432 3053 2480; x_wconf 90' lang='grc'>478</span> 
     </span>
     <span class='ocr_line' id='line_1_45' title="bbox 854 2515 3035 2567; baseline 0 -3"><span class='ocrx_word' id='word_1_173' title='bbox 854 2516 1150 2565; x_wconf 88' lang='lat' dir='ltr'>Joachinus</span> <span class='ocrx_word' id='word_1_174' title='bbox 1186 2515 1416 2564; x_wconf 85' lang='lat' dir='ltr'>vinculis</span> <span class='ocrx_word' id='word_1_175' title='bbox 1466 2518 1711 2565; x_wconf 86' lang='lat' dir='ltr'>eximitur</span> <span class='ocrx_word' id='word_1_176' title='bbox 1781 2554 2841 2567; x_wconf 91' lang='grc'><strong>................</strong></span> <span class='ocrx_word' id='word_1_177' title='bbox 2962 2545 3035 2552; x_wconf 91' lang='grc'>-</span> 
     </span>
     <span class='ocr_line' id='line_1_46' title="bbox 851 2601 3055 2669; baseline -0 -17"><span class='ocrx_word' id='word_1_178' title='bbox 851 2602 1227 2668; x_wconf 83' lang='lat' dir='ltr'>Neriglisorus,</span> <span class='ocrx_word' id='word_1_179' title='bbox 1242 2601 1784 2653; x_wconf 77' lang='lat' dir='ltr'>Nabuchodonosoris</span> <span class='ocrx_word' id='word_1_180' title='bbox 1805 2618 1982 2669; x_wconf 89' lang='lat' dir='ltr'>gener,</span> <span class='ocrx_word' id='word_1_181' title='bbox 2000 2604 2203 2654; x_wconf 83' lang='lat' dir='ltr'>obtinet</span> <span class='ocrx_word' id='word_1_182' title='bbox 2220 2608 2486 2669; x_wconf 87' lang='lat' dir='ltr'>sceptrum</span> <span class='ocrx_word' id='word_1_183' title='bbox 2509 2602 2852 2653; x_wconf 88' lang='lat' dir='ltr'>Chaldaicum</span> <span class='ocrx_word' id='word_1_184' title='bbox 2946 2604 3055 2652; x_wconf 88' lang='grc'>469</span> 
     </span>
     <span class='ocr_line' id='line_1_47' title="bbox 851 2689 3055 2756; baseline 0 -19"><span class='ocrx_word' id='word_1_185' title='bbox 851 2689 1126 2738; x_wconf 82' lang='lat' dir='ltr'>Baltassar</span> <span class='ocrx_word' id='word_1_186' title='bbox 1162 2690 1704 2740; x_wconf 85' lang='lat' dir='ltr'>Nabuchodonosoris</span> <span class='ocrx_word' id='word_1_187' title='bbox 1751 2706 1918 2756; x_wconf 90' lang='lat' dir='ltr'>nepos</span> <span class='ocrx_word' id='word_1_188' title='bbox 1967 2692 2187 2755; x_wconf 90' lang='lat' dir='ltr'>imperio</span> <span class='ocrx_word' id='word_1_189' title='bbox 2236 2692 2438 2755; x_wconf 88' lang='lat' dir='ltr'>potitur</span> <span class='ocrx_word' id='word_1_190' title='bbox 2483 2729 2841 2740; x_wconf 92' lang='grc'><strong>......</strong></span> <span class='ocrx_word' id='word_1_191' title='bbox 2946 2692 3055 2738; x_wconf 88' lang='grc'>478</span> 
     </span>
    </p>
   </div>
   <div class='ocr_carea' id='block_1_20' title="bbox 855 2775 3034 2929">
    <p class='ocr_par' dir='ltr' id='par_1_20' title="bbox 855 2775 3034 2929">
     <span class='ocr_line' id='line_1_48' title="bbox 855 2775 2852 2843; baseline 0.001 -19"><span class='ocrx_word' id='word_1_192' title='bbox 855 2775 1024 2839; x_wconf 82' lang='lat' dir='ltr'>Cyrus</span> <span class='ocrx_word' id='word_1_193' title='bbox 1062 2777 1347 2826; x_wconf 86' lang='lat' dir='ltr'>Persarum</span> <span class='ocrx_word' id='word_1_194' title='bbox 1397 2793 1503 2838; x_wconf 89' lang='lat' dir='ltr'>rex,</span> <span class='ocrx_word' id='word_1_195' title='bbox 1556 2782 1714 2843; x_wconf 88' lang='lat' dir='ltr'>capta</span> <span class='ocrx_word' id='word_1_196' title='bbox 1757 2777 2053 2842; x_wconf 84' lang='lat' dir='ltr'>Babylone,</span> <span class='ocrx_word' id='word_1_197' title='bbox 2105 2781 2159 2826; x_wconf 87' lang='lat' dir='ltr'>et</span> <span class='ocrx_word' id='word_1_198' title='bbox 2204 2777 2484 2826; x_wconf 86' lang='lat' dir='ltr'>interfecto</span> <span class='ocrx_word' id='word_1_199' title='bbox 2532 2777 2852 2838; x_wconf 88' lang='lat' dir='ltr'>Baltassare,</span> 
     </span>
     <span class='ocr_line' id='line_1_49' title="bbox 928 2863 3034 2929; baseline 0 -17"><span class='ocrx_word' id='word_1_200' title='bbox 928 2865 1119 2912; x_wconf 86' lang='lat' dir='ltr'>evertit</span> <span class='ocrx_word' id='word_1_201' title='bbox 1153 2865 1432 2929; x_wconf 88' lang='lat' dir='ltr'>imperium</span> <span class='ocrx_word' id='word_1_202' title='bbox 1470 2863 1820 2913; x_wconf 88' lang='lat' dir='ltr'>Chaldaicum</span> <span class='ocrx_word' id='word_1_203' title='bbox 1856 2900 2842 2914; x_wconf 89' lang='grc'><strong>...............</strong></span> <span class='ocrx_word' id='word_1_204' title='bbox 2963 2889 3034 2897; x_wconf 94' lang='lat'>—</span> 
     </span>
    </p>
   </div>
   <div class='ocr_carea' id='block_1_21' title="bbox 857 2947 2856 3102">
    <p class='ocr_par' dir='ltr' id='par_1_21' title="bbox 857 2947 2856 3102">
     <span class='ocr_line' id='line_1_50' title="bbox 857 2947 2856 3014; baseline 0 -16"><span class='ocrx_word' id='word_1_205' title='bbox 857 2947 1028 3012; x_wconf 84' lang='lat' dir='ltr'>Cyrus</span> <span class='ocrx_word' id='word_1_206' title='bbox 1086 2950 1258 2999; x_wconf 91' lang='lat' dir='ltr'>edicto</span> <span class='ocrx_word' id='word_1_207' title='bbox 1314 2949 1527 3014; x_wconf 89' lang='lat' dir='ltr'>publico</span> <span class='ocrx_word' id='word_1_208' title='bbox 1582 2951 1795 3008; x_wconf 80' lang='lat' dir='ltr'>veniam</span> <span class='ocrx_word' id='word_1_209' title='bbox 1838 2950 2061 3000; x_wconf 85' lang='lat' dir='ltr'>Judaeis</span> <span class='ocrx_word' id='word_1_210' title='bbox 2111 2950 2256 3000; x_wconf 87' lang='lat' dir='ltr'>dedit</span> <span class='ocrx_word' id='word_1_211' title='bbox 2310 2952 2366 2998; x_wconf 92' lang='lat' dir='ltr'>in</span> <span class='ocrx_word' id='word_1_212' title='bbox 2419 2951 2649 3014; x_wconf 88' lang='lat' dir='ltr'>patriam</span> <span class='ocrx_word' id='word_1_213' title='bbox 2705 2965 2856 2999; x_wconf 89' lang='lat' dir='ltr'>suam</span> 
     </span>
     <span class='ocr_line' id='line_1_51' title="bbox 925 3037 2855 3102; baseline 0 -18"><span class='ocrx_word' id='word_1_214' title='bbox 925 3037 1249 3100; x_wconf 86' lang='lat' dir='ltr'>remigrandi</span> <span class='ocrx_word' id='word_1_215' title='bbox 1272 3037 1711 3101; x_wconf 90' lang='lat' dir='ltr'>instaurandique</span> <span class='ocrx_word' id='word_1_216' title='bbox 1736 3037 1937 3102; x_wconf 87' lang='lat' dir='ltr'>templi.</span> <span class='ocrx_word' id='word_1_217' title='bbox 1972 3037 2183 3086; x_wconf 87' lang='lat' dir='ltr'>Accidit</span> <span class='ocrx_word' id='word_1_218' title='bbox 2207 3037 2324 3099; x_wconf 92' lang='lat' dir='ltr'>hoc,</span> <span class='ocrx_word' id='word_1_219' title='bbox 2351 3051 2473 3086; x_wconf 90' lang='lat' dir='ltr'>cum</span> <span class='ocrx_word' id='word_1_220' title='bbox 2498 3040 2747 3086; x_wconf 89' lang='lat' dir='ltr'>accurate</span> <span class='ocrx_word' id='word_1_221' title='bbox 2774 3038 2855 3085; x_wconf 89' lang='grc'>70.</span> 
     </span>
    </p>
   </div>
   <div class='ocr_carea' id='block_1_22' title="bbox 854 3122 3066 3878">
    <p class='ocr_par' dir='ltr' id='par_1_22' title="bbox 854 3122 3059 3274">
     <span class='ocr_line' id='line_1_52' title="bbox 930 3122 3059 3188; baseline -0.001 -18"><span class='ocrx_word' id='word_1_222' title='bbox 930 3124 1056 3170; x_wconf 88' lang='lat' dir='ltr'>anni</span> <span class='ocrx_word' id='word_1_223' title='bbox 1095 3124 1417 3187; x_wconf 88' lang='lat' dir='ltr'>captivitatis</span> <span class='ocrx_word' id='word_1_224' title='bbox 1468 3123 1718 3188; x_wconf 89' lang='lat' dir='ltr'>completi</span> <span class='ocrx_word' id='word_1_225' title='bbox 1765 3128 1944 3174; x_wconf 88' lang='lat' dir='ltr'>essent</span> <span class='ocrx_word' id='word_1_226' title='bbox 2001 3159 2843 3174; x_wconf 90' lang='grc'><strong>.............</strong></span> <span class='ocrx_word' id='word_1_227' title='bbox 2950 3122 3059 3169; x_wconf 91' lang='grc'>493</span> 
     </span>
     <span class='ocr_line' id='line_1_53' title="bbox 854 3207 2859 3274; baseline 0 -17"><span class='ocrx_word' id='word_1_228' title='bbox 854 3207 1177 3258; x_wconf 87' lang='lat' dir='ltr'>Auctoribus</span> <span class='ocrx_word' id='word_1_229' title='bbox 1215 3209 1545 3259; x_wconf 89' lang='lat' dir='ltr'>Zorobabele</span> <span class='ocrx_word' id='word_1_230' title='bbox 1584 3215 1637 3259; x_wconf 90' lang='lat' dir='ltr'>et</span> <span class='ocrx_word' id='word_1_231' title='bbox 1671 3211 1844 3260; x_wconf 85' lang='lat' dir='ltr'>Josua</span> <span class='ocrx_word' id='word_1_232' title='bbox 1891 3210 2240 3259; x_wconf 87' lang='lat' dir='ltr'>fundamenta</span> <span class='ocrx_word' id='word_1_233' title='bbox 2285 3209 2355 3258; x_wconf 90' lang='lat' dir='ltr'>ad</span> <span class='ocrx_word' id='word_1_234' title='bbox 2389 3208 2670 3274; x_wconf 83' lang='lat' dir='ltr'>Templum</span> <span class='ocrx_word' id='word_1_235' title='bbox 2715 3208 2859 3258; x_wconf 90' lang='lat' dir='ltr'>aedi-</span> 
     </span>
    </p>

    <p class='ocr_par' dir='ltr' id='par_1_23' title="bbox 854 3294 3062 3448">
     <span class='ocr_line' id='line_1_54' title="bbox 922 3294 3062 3348; baseline -0.001 -5"><span class='ocrx_word' id='word_1_236' title='bbox 922 3295 1191 3344; x_wconf 88' lang='lat' dir='ltr'>ficandum</span> <span class='ocrx_word' id='word_1_237' title='bbox 1227 3297 1371 3345; x_wconf 90' lang='lat' dir='ltr'>iacta</span> <span class='ocrx_word' id='word_1_238' title='bbox 1407 3301 1532 3345; x_wconf 86' lang='lat' dir='ltr'>sunt</span> <span class='ocrx_word' id='word_1_239' title='bbox 1576 3332 2845 3348; x_wconf 85' lang='grc'><strong>...................</strong></span> <span class='ocrx_word' id='word_1_240' title='bbox 2950 3294 3062 3341; x_wconf 88' lang='grc'>494</span> 
     </span>
     <span class='ocr_line' id='line_1_55' title="bbox 854 3381 2859 3448; baseline 0 -18"><span class='ocrx_word' id='word_1_241' title='bbox 854 3383 1075 3444; x_wconf 86' lang='lat' dir='ltr'>Xerxes,</span> <span class='ocrx_word' id='word_1_242' title='bbox 1124 3381 1388 3432; x_wconf 83' lang='lat' dir='ltr'>Assuerus</span> <span class='ocrx_word' id='word_1_243' title='bbox 1438 3382 1714 3446; x_wconf 87' lang='lat' dir='ltr'>Estherae,</span> <span class='ocrx_word' id='word_1_244' title='bbox 1767 3381 2132 3448; x_wconf 86' lang='lat' dir='ltr'>gubernacula</span> <span class='ocrx_word' id='word_1_245' title='bbox 2185 3383 2529 3432; x_wconf 88' lang='lat' dir='ltr'>monarchiae</span> <span class='ocrx_word' id='word_1_246' title='bbox 2574 3383 2859 3432; x_wconf 87' lang='lat' dir='ltr'>Persarum</span> 
     </span>
    </p>

    <p class='ocr_par' dir='ltr' id='par_1_24' title="bbox 855 3465 3066 3621">
     <span class='ocr_line' id='line_1_56' title="bbox 924 3465 3066 3520; baseline -0.002 -3"><span class='ocrx_word' id='word_1_247' title='bbox 924 3473 1073 3517; x_wconf 88' lang='lat' dir='ltr'>tenet</span> <span class='ocrx_word' id='word_1_248' title='bbox 1096 3505 1593 3518; x_wconf 91' lang='grc'><strong><em>........</em></strong></span> <span class='ocrx_word' id='word_1_249' title='bbox 1618 3465 1627 3472; x_wconf 83' lang='grc'><em>“</em></span> <span class='ocrx_word' id='word_1_250' title='bbox 1652 3505 2846 3520; x_wconf 91' lang='grc'><strong>..................</strong></span> <span class='ocrx_word' id='word_1_251' title='bbox 2952 3466 3066 3514; x_wconf 88' lang='grc'>505</span> 
     </span>
     <span class='ocr_line' id='line_1_57' title="bbox 855 3553 2858 3621; baseline -0 -18"><span class='ocrx_word' id='word_1_252' title='bbox 855 3554 1031 3603; x_wconf 87' lang='lat' dir='ltr'>Esdra</span> <span class='ocrx_word' id='word_1_253' title='bbox 1064 3556 1119 3602; x_wconf 90' lang='lat' dir='ltr'>in</span> <span class='ocrx_word' id='word_1_254' title='bbox 1144 3554 1411 3604; x_wconf 89' lang='lat' dir='ltr'>Judaeam</span> <span class='ocrx_word' id='word_1_255' title='bbox 1449 3556 1516 3604; x_wconf 88' lang='lat' dir='ltr'>ab</span> <span class='ocrx_word' id='word_1_256' title='bbox 1542 3554 1835 3604; x_wconf 85' lang='lat' dir='ltr'>Artaxerxe</span> <span class='ocrx_word' id='word_1_257' title='bbox 1873 3555 2168 3618; x_wconf 84' lang='lat' dir='ltr'>dimittitur,</span> <span class='ocrx_word' id='word_1_258' title='bbox 2204 3559 2265 3604; x_wconf 86' lang='lat' dir='ltr'>ut</span> <span class='ocrx_word' id='word_1_259' title='bbox 2299 3555 2683 3621; x_wconf 89' lang='lat' dir='ltr'>rempublicam</span> <span class='ocrx_word' id='word_1_260' title='bbox 2721 3553 2858 3603; x_wconf 90' lang='lat' dir='ltr'>ordi-</span> 
     </span>
    </p>

    <p class='ocr_par' dir='ltr' id='par_1_25' title="bbox 855 3639 3062 3792">
     <span class='ocr_line' id='line_1_58' title="bbox 925 3639 3062 3692; baseline 0 -3"><span class='ocrx_word' id='word_1_261' title='bbox 925 3646 1079 3690; x_wconf 91' lang='lat' dir='ltr'>naret</span> <span class='ocrx_word' id='word_1_262' title='bbox 1091 3678 2848 3692; x_wconf 87' lang='grc'><strong>..........................</strong></span> <span class='ocrx_word' id='word_1_263' title='bbox 2955 3639 3062 3686; x_wconf 86' lang='grc'>511</span> 
     </span>
     <span class='ocr_line' id='line_1_59' title="bbox 855 3725 2861 3792; baseline 0.002 -18"><span class='ocrx_word' id='word_1_264' title='bbox 855 3725 1140 3776; x_wconf 87' lang='lat' dir='ltr'>Nehemias</span> <span class='ocrx_word' id='word_1_265' title='bbox 1179 3727 1339 3792; x_wconf 87' lang='lat' dir='ltr'>regiis</span> <span class='ocrx_word' id='word_1_266' title='bbox 1374 3727 1540 3778; x_wconf 90' lang='lat' dir='ltr'>literis</span> <span class='ocrx_word' id='word_1_267' title='bbox 1586 3729 1877 3778; x_wconf 84' lang='lat' dir='ltr'>instructus</span> <span class='ocrx_word' id='word_1_268' title='bbox 1914 3729 2075 3778; x_wconf 85' lang='lat' dir='ltr'>Urbis</span> <span class='ocrx_word' id='word_1_269' title='bbox 2124 3728 2281 3792; x_wconf 92' lang='lat' dir='ltr'>plene</span> <span class='ocrx_word' id='word_1_270' title='bbox 2331 3728 2689 3778; x_wconf 84' lang='lat' dir='ltr'>restituendae</span> <span class='ocrx_word' id='word_1_271' title='bbox 2735 3743 2861 3778; x_wconf 87' lang='lat' dir='ltr'>con-</span> 
     </span>
    </p>

    <p class='ocr_par' dir='ltr' id='par_1_26' title="bbox 929 3813 3064 3878">
     <span class='ocr_line' id='line_1_60' title="bbox 929 3813 3064 3878; baseline -0 -15"><span class='ocrx_word' id='word_1_272' title='bbox 929 3813 1107 3863; x_wconf 85' lang='lat' dir='ltr'>silium</span> <span class='ocrx_word' id='word_1_273' title='bbox 1154 3815 1459 3878; x_wconf 88' lang='lat' dir='ltr'>exsequitur</span> <span class='ocrx_word' id='word_1_274' title='bbox 1513 3852 2851 3866; x_wconf 89' lang='grc'><strong>....................</strong></span> <span class='ocrx_word' id='word_1_275' title='bbox 2957 3813 3064 3861; x_wconf 88' lang='grc'>512</span> 
     </span>
    </p>
   </div>
   <div class='ocr_carea' id='block_1_23' title="bbox 859 3900 3074 4659">
    <p class='ocr_par' dir='ltr' id='par_1_27' title="bbox 859 3900 3074 4659">
     <span class='ocr_line' id='line_1_61' title="bbox 862 3900 3066 3967; baseline -0.001 -18"><span class='ocrx_word' id='word_1_276' title='bbox 862 3900 1149 3949; x_wconf 85' lang='lat' dir='ltr'>Nehemias</span> <span class='ocrx_word' id='word_1_277' title='bbox 1187 3900 1517 3965; x_wconf 90' lang='lat' dir='ltr'>Babylonem</span> <span class='ocrx_word' id='word_1_278' title='bbox 1555 3901 1738 3967; x_wconf 87' lang='lat' dir='ltr'>redux,</span> <span class='ocrx_word' id='word_1_279' title='bbox 1775 3903 1928 3951; x_wconf 85' lang='lat' dir='ltr'>brevi</span> <span class='ocrx_word' id='word_1_280' title='bbox 1963 3915 2144 3952; x_wconf 83' lang='lat' dir='ltr'>rursus</span> <span class='ocrx_word' id='word_1_281' title='bbox 2181 3902 2374 3967; x_wconf 90' lang='lat' dir='ltr'>repetit</span> <span class='ocrx_word' id='word_1_282' title='bbox 2401 3901 2763 3951; x_wconf 84' lang='lat' dir='ltr'>Palaestinam</span> <span class='ocrx_word' id='word_1_283' title='bbox 2839 3939 2852 3950; x_wconf 91' lang='lat'>.</span> <span class='ocrx_word' id='word_1_284' title='bbox 2959 3900 3066 3947; x_wconf 83' lang='lat'>514</span> 
     </span>
     <span class='ocr_line' id='line_1_62' title="bbox 860 3987 2862 4054; baseline 0.001 -19"><span class='ocrx_word' id='word_1_285' title='bbox 860 3987 1164 4036; x_wconf 87' lang='lat' dir='ltr'>Alexander</span> <span class='ocrx_word' id='word_1_286' title='bbox 1196 3987 1271 4036; x_wconf 89' lang='lat' dir='ltr'>M.</span> <span class='ocrx_word' id='word_1_287' title='bbox 1311 3994 1617 4052; x_wconf 85' lang='lat' dir='ltr'>expugnata</span> <span class='ocrx_word' id='word_1_288' title='bbox 1650 3989 1792 4053; x_wconf 86' lang='lat' dir='ltr'>Tyro</span> <span class='ocrx_word' id='word_1_289' title='bbox 1831 3990 2025 4038; x_wconf 84' lang='lat' dir='ltr'>infesto</span> <span class='ocrx_word' id='word_1_290' title='bbox 2065 3990 2240 4038; x_wconf 88' lang='lat' dir='ltr'>animo</span> <span class='ocrx_word' id='word_1_291' title='bbox 2277 3989 2678 4053; x_wconf 86' lang='lat' dir='ltr'>Hierosolymas</span> <span class='ocrx_word' id='word_1_292' title='bbox 2712 3989 2862 4054; x_wconf 91' lang='lat' dir='ltr'>petit,</span> 
     </span>
     <span class='ocr_line' id='line_1_63' title="bbox 930 4073 3068 4140; baseline -0 -19"><span class='ocrx_word' id='word_1_293' title='bbox 930 4073 1022 4122; x_wconf 91' lang='lat' dir='ltr'>sed</span> <span class='ocrx_word' id='word_1_294' title='bbox 1059 4073 1261 4122; x_wconf 90' lang='lat' dir='ltr'>Urbem</span> <span class='ocrx_word' id='word_1_295' title='bbox 1296 4075 1567 4138; x_wconf 87' lang='lat' dir='ltr'>ingressus</span> <span class='ocrx_word' id='word_1_296' title='bbox 1592 4075 1816 4126; x_wconf 86' lang='lat' dir='ltr'>Judaeis</span> <span class='ocrx_word' id='word_1_297' title='bbox 1857 4077 2054 4140; x_wconf 84' lang='lat' dir='ltr'>gratias</span> <span class='ocrx_word' id='word_1_298' title='bbox 2094 4074 2347 4140; x_wconf 87' lang='lat' dir='ltr'>elargitus</span> <span class='ocrx_word' id='word_1_299' title='bbox 2386 4081 2466 4126; x_wconf 89' lang='lat' dir='ltr'>est</span> <span class='ocrx_word' id='word_1_300' title='bbox 2496 4113 2854 4124; x_wconf 91' lang='grc'><strong>......</strong></span> <span class='ocrx_word' id='word_1_301' title='bbox 2961 4073 3068 4122; x_wconf 87' lang='grc'>535</span> 
     </span>
     <span class='ocr_line' id='line_1_64' title="bbox 861 4158 3070 4212; baseline -0.001 -4"><span class='ocrx_word' id='word_1_302' title='bbox 861 4158 1166 4208; x_wconf 85' lang='lat' dir='ltr'>Alexander</span> <span class='ocrx_word' id='word_1_303' title='bbox 1210 4159 1281 4208; x_wconf 89' lang='lat' dir='ltr'>M.</span> <span class='ocrx_word' id='word_1_304' title='bbox 1319 4159 1684 4210; x_wconf 89' lang='lat' dir='ltr'>Monarchiam</span> <span class='ocrx_word' id='word_1_305' title='bbox 1721 4162 1992 4212; x_wconf 89' lang='lat' dir='ltr'>Persicam</span> <span class='ocrx_word' id='word_1_306' title='bbox 2039 4164 2230 4211; x_wconf 87' lang='lat' dir='ltr'>evertit</span> <span class='ocrx_word' id='word_1_307' title='bbox 2284 4198 2856 4211; x_wconf 91' lang='grc'><strong>.........</strong></span> <span class='ocrx_word' id='word_1_308' title='bbox 2961 4160 3070 4206; x_wconf 82' lang='grc'>470</span> 
     </span>
     <span class='ocr_line' id='line_1_65' title="bbox 859 4245 2868 4313; baseline 0.001 -19"><span class='ocrx_word' id='word_1_309' title='bbox 859 4245 1153 4296; x_wconf 90' lang='lat' dir='ltr'>Antiochus</span> <span class='ocrx_word' id='word_1_310' title='bbox 1191 4251 1499 4311; x_wconf 85' lang='lat' dir='ltr'>persecutor</span> <span class='ocrx_word' id='word_1_311' title='bbox 1543 4248 1890 4310; x_wconf 89' lang='lat' dir='ltr'>Judaeorum‚</span> <span class='ocrx_word' id='word_1_312' title='bbox 1943 4250 2121 4298; x_wconf 89' lang='lat' dir='ltr'>occiso</span> <span class='ocrx_word' id='word_1_313' title='bbox 2173 4247 2415 4310; x_wconf 83' lang='lat' dir='ltr'>Seleuco,</span> <span class='ocrx_word' id='word_1_314' title='bbox 2463 4263 2626 4313; x_wconf 88' lang='lat' dir='ltr'>regno</span> <span class='ocrx_word' id='word_1_315' title='bbox 2679 4247 2868 4310; x_wconf 86' lang='lat' dir='ltr'>Syriae</span> 
     </span>
     <span class='ocr_line' id='line_1_66' title="bbox 931 4332 2868 4399; baseline 0 -18"><span class='ocrx_word' id='word_1_316' title='bbox 931 4335 1155 4396; x_wconf 81' lang='lat' dir='ltr'>potitus3</span> <span class='ocrx_word' id='word_1_317' title='bbox 1209 4333 1264 4381; x_wconf 93' lang='lat' dir='ltr'>id</span> <span class='ocrx_word' id='word_1_318' title='bbox 1314 4335 1527 4384; x_wconf 91' lang='lat' dir='ltr'>omnino</span> <span class='ocrx_word' id='word_1_319' title='bbox 1579 4337 1710 4399; x_wconf 89' lang='lat' dir='ltr'>egit,</span> <span class='ocrx_word' id='word_1_320' title='bbox 1765 4341 1827 4384; x_wconf 91' lang='lat' dir='ltr'>ut</span> <span class='ocrx_word' id='word_1_321' title='bbox 1875 4335 2073 4384; x_wconf 88' lang='lat' dir='ltr'>Judaei</span> <span class='ocrx_word' id='word_1_322' title='bbox 2127 4350 2160 4384; x_wconf 86' lang='lat' dir='ltr'>a</span> <span class='ocrx_word' id='word_1_323' title='bbox 2207 4336 2325 4384; x_wconf 90' lang='lat' dir='ltr'>Deo</span> <span class='ocrx_word' id='word_1_324' title='bbox 2379 4350 2507 4383; x_wconf 84' lang='lat' dir='ltr'>vero</span> <span class='ocrx_word' id='word_1_325' title='bbox 2563 4332 2868 4383; x_wconf 88' lang='lat' dir='ltr'>deficerent.</span> 
     </span>
     <span class='ocr_line' id='line_1_67' title="bbox 927 4405 3073 4485; baseline -0.001 -17"><span class='ocrx_word' id='word_1_326' title='bbox 927 4421 1223 4469; x_wconf 84' lang='lat' dir='ltr'>Eleazarus</span> <span class='ocrx_word' id='word_1_327' title='bbox 1242 4405 1317 4468; x_wconf 65' lang='lat' dir='ltr'>tet</span> <span class='ocrx_word' id='word_1_328' title='bbox 1352 4425 1556 4485; x_wconf 87' lang='lat' dir='ltr'>septem</span> <span class='ocrx_word' id='word_1_329' title='bbox 1592 4422 1786 4471; x_wconf 86' lang='lat' dir='ltr'>fratres</span> <span class='ocrx_word' id='word_1_330' title='bbox 1824 4405 2145 4471; x_wconf 38' lang='lat' dir='ltr'>Machab&#39;aei</span> <span class='ocrx_word' id='word_1_331' title='bbox 2181 4421 2432 4485; x_wconf 85' lang='lat' dir='ltr'>martyrio</span> <span class='ocrx_word' id='word_1_332' title='bbox 2472 4425 2797 4469; x_wconf 88' lang='lat' dir='ltr'>coronantur</span> <span class='ocrx_word' id='word_1_333' title='bbox 2845 4458 2856 4468; x_wconf 84' lang='lat'><strong>.</strong></span> <span class='ocrx_word' id='word_1_334' title='bbox 2966 4417 3073 4466; x_wconf 83' lang='lat'>555</span> 
     </span>
     <span class='ocr_line' id='line_1_68' title="bbox 861 4504 2870 4581; baseline -0.001 -25"><span class='ocrx_word' id='word_1_335' title='bbox 861 4507 1033 4556; x_wconf 89' lang='lat' dir='ltr'>Judas</span> <span class='ocrx_word' id='word_1_336' title='bbox 1057 4504 1437 4568; x_wconf 87' lang='lat' dir='ltr'>Machabaeus,</span> <span class='ocrx_word' id='word_1_337' title='bbox 1474 4506 1806 4557; x_wconf 88' lang='lat' dir='ltr'>Mathathiae</span> <span class='ocrx_word' id='word_1_338' title='bbox 1851 4507 2010 4570; x_wconf 90' lang='lat' dir='ltr'>filius,</span> <span class='ocrx_word' id='word_1_339' title='bbox 2049 4508 2156 4557; x_wconf 88' lang='lat' dir='ltr'>dux</span> <span class='ocrx_word' id='word_1_340' title='bbox 2192 4505 2252 4556; x_wconf 90' lang='lat' dir='ltr'>fit</span> <span class='ocrx_word' id='word_1_341' title='bbox 2281 4506 2637 4581; x_wconf 80' lang='lat' dir='ltr'>Judaeorum3</span> <span class='ocrx_word' id='word_1_342' title='bbox 2684 4507 2870 4570; x_wconf 91' lang='lat' dir='ltr'>ingen-</span> 
     </span>
     <span class='ocr_line' id='line_1_69' title="bbox 926 4591 3074 4659; baseline -0.002 -17"><span class='ocrx_word' id='word_1_343' title='bbox 926 4594 1069 4642; x_wconf 89' lang='lat' dir='ltr'>tibus</span> <span class='ocrx_word' id='word_1_344' title='bbox 1097 4591 1349 4641; x_wconf 88' lang='lat' dir='ltr'>Antiochi</span> <span class='ocrx_word' id='word_1_345' title='bbox 1388 4595 1555 4657; x_wconf 81' lang='lat' dir='ltr'>copiis</span> <span class='ocrx_word' id='word_1_346' title='bbox 1590 4594 1740 4656; x_wconf 85' lang='lat' dir='ltr'>fusis,</span> <span class='ocrx_word' id='word_1_347' title='bbox 1779 4595 2039 4659; x_wconf 89' lang='lat' dir='ltr'>templum</span> <span class='ocrx_word' id='word_1_348' title='bbox 2073 4598 2271 4659; x_wconf 88' lang='lat' dir='ltr'>purgat</span> <span class='ocrx_word' id='word_1_349' title='bbox 2308 4599 2360 4642; x_wconf 90' lang='lat' dir='ltr'>et</span> <span class='ocrx_word' id='word_1_350' title='bbox 2395 4607 2550 4642; x_wconf 82' lang='lat' dir='ltr'>sacra</span> <span class='ocrx_word' id='word_1_351' title='bbox 2585 4594 2868 4642; x_wconf 81' lang='lat' dir='ltr'>instaurat.</span> <span class='ocrx_word' id='word_1_352' title='bbox 2965 4591 3074 4639; x_wconf 89' lang='grc'>557</span> 
     </span>
    </p>
   </div>
   <div class='ocr_carea' id='block_1_24' title="bbox 3292 4263 3297 4780">
    <p class='ocr_par' dir='ltr' id='par_1_28' title="bbox 3292 4263 3297 4780">
     <span class='ocr_line' id='line_1_70' title="bbox 3292 4263 3297 4780; baseline 0 0"><span class='ocrx_word' id='word_1_353' title='bbox 3292 4263 3297 4780; x_wconf 95' lang='lat' dir='ltr'> </span> 
     </span>
    </p>
   </div>
  </div>
 </body>
</html>
