3309 5300
578 441 702 504 180
1279 453 1513 495 Comment.
1546 454 1599 493 de
1628 454 1672 493 S.
1695 453 1852 504 Seript.
1885 466 1976 505 cap.
2009 466 2096 496 sec.
2125 456 2256 496 tract.
2287 454 2344 496 II.

569 636 706 690 tum
741 648 774 689 e
807 624 1243 691 traditione
1276 626 1726 692 Ecclesiarum
1760 628 2043 692 Orientis
2062 632 2110 711 ¹3
2157 638 2295 693 tum
2329 652 2364 693 e
2396 632 2780 696 testimoniis
2813 630 3068 713 ,Vete-

569 742 755 802 rum‘
772 762 785 799 :
820 740 1423 823 interpretationem
1454 745 1545 799 τοῦ
1577 743 1748 821 Σύρου
1780 740 1973 804 valde
2000 743 2333 825 antiquam
2361 764 2525 805 esse.
2577 741 2748 806 Sane
2780 744 3069 807 rationes

572 851 749 914 haud
798 849 1210 936 spernendae
1259 850 1646 915 Versionem
1694 851 2114 937 ,Simplicem‘
2166 853 2296 915 divi
2343 854 2770 939 Ephraemi
2815 866 3069 940 tempo-

571 964 749 1027 ribus
780 964 975 1047 longe
1006 964 1349 1047 priorem
1384 966 1527 1027 e'sse
1558 965 1860 1049 probant.
1895 987 1952 1027 a.
1988 963 2247 1050 Scripta
2280 964 2344 1028 S.
2378 966 2649 1047 Patrum
2684 977 2748 1031 et
2779 966 3069 1052 Scripto-

570 1098 714 1139 rum
748 1076 847 1157 E„
895 1077 963 1138 in
998 1077 1233 1161 quibus
1265 1100 1756 1161 nonnumquam
1805 1083 1916 1158 ,τοῦ
1963 1080 2154 1157 ωύρουί
2197 1080 2444 1142 'mentio
2477 1079 2568 1142 fit.
2633 1078 2736 1143 Ita
2766 1081 2899 1143 iam
2933 1102 3070 1143 sae·

574 1187 717 1251 culo
766 1187 1055 1251 secundo
1105 1187 1385 1252 Melito
1433 1188 1732 1253 Sarden
1749 1191 1855 1252 sis
1875 1191 1900 1231 2
1947 1189 2274 1274 quendam
2321 1193 2749 1275 interpretem
2790 1194 2843 1274 ,ὁ
2875 1193 3067 1273 Σύροςί

572 1304 866 1365 nominat
890 1304 930 1363 3.
1009 1300 1391 1386 Interpretis
1448 1300 1593 1385 Syri
1641 1303 2041 1366 mentionem
2105 1302 2406 1366 fecerunt
2453 1302 2517 1366 S.
2561 1304 2958 1367 Basilius4
3006 1314 3072 1367 et

576 1412 639 1477 S.
691 1414 1151 1479 Ambrosius
1174 1417 1213 1475 ⁵.
1296 1398 1573 1477 Certam'
1606 1413 1899 1477 eiusdem
1945 1416 2239 1477 notitiam
2294 1414 2664 1479 habuerunt
2718 1415 2779 1480 d.
2832 1416 3070 1501 Chry-

574 1536 969 1590 sostomus
994 1530 1043 1607 ⁶,
1094 1536 1158 1589 et
1203 1525 1830 1608 Theodoretus73
1874 1526 2144 1589 Praesul
2176 1527 2669 1612 Hipponensis8
2714 1538 2780 1592 et
2811 1528 3075 1594 Doctor

576 1636 1017 1702 Stridonensis
1040 1641 1079 1700 9.
1161 1636 1311 1722 Syri
1355 1659 1551 1723 porro
1587 1638 1649 1701 b.
1683 1641 1750 1701 in
1781 1638 2112 1723 plerisque
2162 1637 2228 1702 S.
2263 1637 2328 1702 S.
2363 1640 2580 1704 Libris
2611 1641 3074 1726 Hexaploru‘m

574 1750 889 1815 lectiones
922 1750 1281 1814 afferuntur
1313 1750 1394 1813 ab
1420 1749 1710 1814 Eusebio
1739 1750 2166 1819 Caesareensi
2199 1761 2262 1814 et
2286 1751 2617 1833 Emiseno,
2651 1756 3076 1839 maximeque

578 2037 917 2086 traditionem
968 2036 1128 2095 „Tres
1166 2036 1381 2083 fuerunt
1418 2036 1742 2097 sententiae3
1788 2035 1957 2098 prima
1994 2034 2136 2098 quod
2175 2039 2409 2099 tempore
2449 2034 2748 2085 Salomonis
2789 2042 2842 2085 et
2877 2037 3074 2085 Hiram

580 2140 761 2188 regum
800 2138 1057 2172 conversa
1093 2122 1273 2184 fuerit3
1326 2121 1563 2169 secunda
1601 2120 1743 2185 quod
1768 2122 1877 2169 Asa
1915 2120 2179 2181 sacerdOS,
2219 2136 2337 2169 cum
2377 2122 2442 2170 ab
2480 2122 2696 2185 Assyrio
2734 2125 2931 2173 missus
2973 2124 3076 2171 fuit

584 2210 892 2271 Samariam,
934 2224 1050 2258 eam
1088 2207 1441 2270 transtulerit3
1478 2209 1635 2256 tertia
1672 2208 1896 2266 demum,
1935 2208 2077 2271 quod
2115 2212 2290 2256 aetate
2319 2208 2488 2257 Adaei
2513 2208 2755 2273 Apostoli
2791 2214 2845 2258 et
2867 2210 3076 2274 Abgari

578 2298 719 2363 regis
756 2296 1020 2346 Osrhoeni
1056 2310 1213 2344 versa
1258 2295 1433 2355 fuerit,
1472 2294 1686 2359 quando
1727 2296 1885 2342 etiam
1923 2295 2133 2343 Novum
2171 2294 2571 2344 Testamentum
2616 2296 2803 2346 eadem
2845 2295 3082 2361 simplici

582 2384 752 2433 forma
784 2384 1083 2432 traductum
1120 2386 1245 2431 est.“
1300 2383 1507 2430 Primae
1548 2382 1685 2429 duae
1726 2383 1987 2445 originum
2027 2380 2468 2430 Peschitonianae
2499 2384 2966 2447 interpretationis,
3006 2382 3075 2431 de

584 2486 690 2537 qua
725 2470 811 2519 hic
840 2472 1080 2535 quaestio
1109 2471 1345 2530 vertitur,
1381 2483 1575 2517 causae
1604 2484 1728 2516 vero
1769 2467 2046 2516 dissimiles
2071 2470 2175 2516 imo
2213 2468 2567 2532 impossibiles
2593 2475 2730 2518 sunt.
2781 2470 3076 2519 Praeterea

584 2560 722 2608 enim
773 2558 913 2623 quod
962 2558 1154 2606 Libros
1207 2556 1259 2605 S.
1300 2554 1571 2603 Salomoni
1620 2571 1729 2603 non
1776 2556 1948 2602 minus
2001 2570 2158 2619 quam
2209 2556 2347 2604 Asae
2403 2558 2724 2619 posteriores
2782 2558 3078 2619 contineat,

582 2646 805 2696 vocibus
860 2646 1025 2693 utitur
1079 2643 1359 2693 manifeste
1399 2643 1744 2707 graecanicis.
1817 2640 2026 2690 Graeca
2075 2646 2251 2691 autem
2300 2642 2485 2706 lingua
2533 2658 2709 2707 neque
2760 2641 3084 2706 Salomonis,

584 2749 759 2798 neque
804 2733 945 2782 Asae
996 2737 1172 2781 aetate
1223 2731 1367 2794 Syris
1418 2731 1633 2793 cognita
1682 2734 1808 2777 erat.
1867 2728 2066 2777 Ultima
2115 2745 2242 2777 vero
2294 2730 2472 2793 opinio
2521 2731 2747 2793 primum
2795 2728 3086 2778 Ecclesiae

588 2820 861 2871 saeculum
898 2821 1195 2868 versionem
1244 2821 1398 2866 istam
1449 2817 1800 2881 adaequasse,
1841 2831 1868 2864 e
1909 2817 2214 2863 coniectura
2251 2817 2435 2879 magis,
2477 2831 2635 2880 quam
2673 2833 2702 2864 e
2741 2819 2898 2865 certis
2939 2817 3086 2866 testi-

588 2908 777 2957 moniis
815 2907 978 2971 ponit.

804 2995 839 3057 ¹)
880 2991 1165 3042 Enimvero
1204 2991 1391 3040 Versio
1448 2989 1805 3054 „simplex“,
1857 2995 2073 3038 exarata
2110 2991 2208 3038 fuit.
2244 2991 2300 3039 in
2336 2990 2542 3054 lingua,
2584 3006 2744 3054 quam
2793 2990 3088 3055 loquuntur

587 3083 900 3140 Maronitae,
941 3080 1029 3143 qui
1068 3079 1312 3127 habitant
1346 3079 1401 3124 in
1440 3079 1591 3140 pagis
1630 3079 1773 3125 cirea
1811 3082 2038 3125 montem
2077 3078 2296 3139 Libani;
2337 3078 2497 3126 etiam
2535 3076 2694 3126 hodie
2733 3078 2877 3142 apud
2918 3073 3082 3141 Syros

587 3170 785 3218 usitata
823 3171 917 3216 est.
992 3165 1032 3228 2)
1070 3165 1429 3213 Annotatione
1468 3165 1533 3212 ad
1575 3163 1706 3212 Gen.
1747 3167 1828 3223 22,
1872 3167 1950 3212 13.
1991 3181 2040 3228 p.
2069 3167 2150 3212 37.
2192 3164 2272 3213 ed.
2300 3165 2466 3213 LXX.
2505 3166 2856 3214 Morinianae.
2935 3165 2976 3228 ³)
3017 3167 3085 3213 D.

589 3274 636 3320 q.
676 3272 725 3303 V.
764 3253 1129 3312 Montfaucon,
1182 3251 1585 3300 Praeliminaria
1633 3252 1688 3298 in
1725 3250 1973 3314 Hexapla
2012 3255 2056 3309 1,
2098 3253 2145 3299 8.
2186 3267 2234 3314 p.
2278 3253 2356 3300 18.
2407 3241 2769 3312 Wichelhaus,
2813 3253 2878 3300 de
2918 3252 2981 3300 N.
3025 3253 3084 3300 Τ.

590 3343 809 3406 Syriaca
844 3340 1092 3389 Peschito
1131 3356 1180 3403 p.
1221 3340 1302 3387 64.
1343 3355 1381 3386 s.
1439 3338 1489 3386 J.
1529 3337 1728 3397 Perles,
1768 3337 2109 3386 Meletemata
2143 3336 2634 3386 Peschitthoniana.
2673 3337 2887 3403 Vratisl.
2933 3340 3084 3388 1860.

588 3447 638 3494 p.
678 3433 724 3478 3.
764 3444 803 3477 s.
843 3430 924 3476 49.
965 3443 1004 3474 s.
1080 3424 1119 3490 ⁴)
1155 3426 1215 3472 In
1256 3425 1646 3473 Hexaemeron.
1685 3424 1754 3484 11,
1796 3426 1842 3471 6.
1881 3423 1922 3484 Ι,
1965 3425 2045 3474 18.
2105 3423 2145 3488 ⁵)
2184 3424 2572 3486 Hexaemeron,
2599 3424 2633 3472 l.
2660 3425 2702 3473 I.
2731 3427 2780 3486 8,
2807 3428 2890 3475 29.
2922 3442 2972 3489 p.
3003 3429 3085 3475 20.

591 3517 631 3581 6)
668 3517 731 3564 In
780 3516 1070 3573 Joaunem,
1121 3512 1298 3560 homil.
1351 3513 1400 3572 1,
1441 3514 1489 3559 2.
1540 3529 1591 3575 p.
1633 3513 1712 3559 10.
1755 3511 1929 3573 „Syri‚
1987 3511 2258 3574 Aegyptii,
2312 3511 2456 3572 Indi,
2511 3511 2734 3573 Persae,
2792 3512 3089 3576 Aethiopes

590 3607 1007 3667 innumeraeque
1060 3600 1196 3649 aliae
1247 3605 1431 3664 gentes
1482 3598 1734 3662 dogmata-
1784 3599 1850 3646 ab
1903 3596 1992 3645 illo
2042 3597 2262 3645 inducta
2309 3599 2362 3645 in
2414 3599 2650 3662 linguam
2707 3614 2857 3648 suam
2915 3605 3088 3648 trans-

590 3691 871 3739 ferentes.“
949 3689 988 3752 ⁷)
1030 3687 1321 3736 Comment.
1372 3688 1427 3734 in
1464 3685 1639 3734 ‚Ionae
1691 3688 1737 3746 3,
1789 3687 1837 3732 4.
1885 3701 1935 3748 p.
1989 3686 2136 3733 1471.
2211 3684 2250 3748 8)
2291 3686 2374 3734 De
2428 3685 2541 3734 civ.
2591 3687 2694 3733 Dei
2744 3687 2858 3734 XV.
2915 3689 2996 3748 13,
3041 3690 3087 3734 3.

590 3795 640 3842 p.
673 3780 753 3826 75.
817 3777 858 3840 9)
898 3775 980 3824 Ad
1016 3774 1366 3823 Eustochium
1405 3774 1679 3837 virginem,
1721 3789 1802 3836 ep.
1844 3773 1958 3833 108,
1999 3773 2080 3820 30.
2119 3789 2170 3836 p.
2213 3773 2327 3820 723.
2391 3773 2451 3834 10)
2490 3772 2810 3837 Disputatur
2846 3789 2976 3821 vero
3022 3788 3089 3821 an

593 3867 635 3913 si
672 3866 761 3928 qui
802 3863 921 3927 Syri
958 3862 1214 3911 lectiones
1253 3861 1623 3920 adhibuerunt,
1665 3873 1754 3908 eas
1794 3859 1884 3906 ubi
1925 3874 2058 3922 opus
2097 3859 2196 3907 fuit
2245 3852 2436 3923 graece
2487 3861 2857 3923 expresserint,
2909 3875 2979 3908 an
3023 3877 3084 3908 ex

594 3952 775 4015 aliqua
814 3951 1017 4014 Syriaci
1055 3950 1253 3997 Textus
1293 3962 1487 4012 graeca
1535 3945 1885 3995 translatione
1933 3947 2077 4009 prius
2128 3945 2388 3994 adornata
2439 3948 2664 3995 mutuati
2713 3947 2948 3994 fuerint?
3006 3948 3090 3995 De

593 4039 694 4086 hac
726 4054 781 4086 re
808 4036 979 4085 donec
1012 4035 1211 4084 clarum
1249 4033 1467 4098 aliquod
1493 4035 1747 4104 Veterum
1773 4035 2131 4082 testimonium
2168 4035 2478 4096 reperiatur,
2520 4035 2730 4082 nonnisi
2770 4032 3090 4082 hariolando

592 4127 739 4190 loqui
776 4139 1073 4189 possumus.
1115 4122 1251 4170 Sunt
1274 4124 1328 4170 in
1354 4121 1613 4186 Hexaplis
1652 4121 1794 4170 haud
1831 4135 2008 4185 pauca
2033 4119 2292 4183 exempla,
2333 4134 2470 4183 quae
2498 4119 2746 4182 Syrorum
2786 4122 3090 4169 versionem

594 4227 817 4276 arguere
853 4211 1113 4260 videntur.
1176 4210 1260 4257 Ita
1299 4209 1429 4257 Gen.
1470 4210 1517 4269 8,
1560 4211 1605 4256 7.
1644 4225 1695 4272 p.
1737 4211 1818 4256 26.
1881 4207 2142 4271 Didymus
2189 4211 2441 4255 testatur:
2481 4205 2670 4269 Syrum
2708 4206 3022 4255 dissimilem
3061 4223 3092 4254 a

595 4299 801 4348 Graeco
849 4297 1130 4347 lectionem
1180 4311 1309 4360 prae
1360 4311 1415 4344 se
1466 4297 1619 4343 ferre.
1681 4295 1948 4342 Eusebius
1987 4292 2366 4342 Caesareensis
2413 4298 2466 4341 et
2500 4293 2768 4341 Diodorus
2807 4295 3092 4342 Tarsensis

597 4387 830 4434 Hebraei
880 4391 931 4433 et
977 4383 1093 4447 Syri
1139 4383 1395 4432 lectiones
1450 4382 1724 4442 adferunt,
1777 4383 1842 4429 ab
1895 4379 2013 4428 aliis
2063 4372 2122 4428 S.
2155 4379 2205 4427 S.
2253 4381 2780 4444 interpretationibus
2831 4381 3091 4430 diversas.

592 4473 959 4521 Theodoretus
1009 4472 1098 4534 qui
1148 4472 1466 4518 aramaieam
1510 4469 1747 4533 linguam
1791 4468 2061 4528 didicerat,
2099 4466 2392 4532 praemissa.
2428 4473 2556 4516 nota
2607 4461 2632 4514 ὁ
2669 4464 2846 4534 Σύρος,
2894 4483 3091 4533 graeco

597 4561 817 4624 opponit
852 4560 1048 4620 textui3
1088 4557 1229 4622 quod
1268 4573 1396 4606 sane
1436 4573 1540 4606 non
1578 4556 1810 4615 fecisset,
1841 4556 1882 4603 si
1915 4571 1978 4602 ex
2006 4553 2188 4617 aliqua
2213 4569 2408 4616 graeca
2431 4555 2674 4603 versione
2710 4571 2809 4603 sua
2845 4555 3090 4619 deprom-

597 4648 767 4696 sissot.
832 4646 1095 4705 Quoniam
1132 4661 1260 4694 vero
1299 4643 1417 4708 Syri
1452 4644 1613 4704 illius,
1654 4645 1806 4692 cuius
1844 4641 1986 4706 apud
2025 4640 2072 4690 S.
2099 4641 2157 4688 P.
2197 4645 2250 4688 et
2288 4639 2339 4688 S.
2378 4642 2442 4689 E.
2483 4642 2678 4689 mentio
2717 4641 2788 4702 fit,
2827 4641 3093 4691 lectiones
