<?xml version="1.0" encoding="UTF-8"?>
<!DOCTYPE html PUBLIC "-//W3C//DTD XHTML 1.0 Transitional//EN"
    "http://www.w3.org/TR/xhtml1/DTD/xhtml1-transitional.dtd">
<html xmlns="http://www.w3.org/1999/xhtml" xml:lang="en" lang="en">
 <head>
  <title>
</title>
<meta http-equiv="Content-Type" content="text/html;charset=utf-8" />
  <meta name='ocr-system' content='tesseract 3.04.00' />
  <meta name='ocr-capabilities' content='ocr_page ocr_carea ocr_par ocr_line ocrx_word'/>
</head>
<body>
  <div class='ocr_page' id='page_1' title='image "./historiarevelat02dankgoog_0386.png"; bbox 0 0 3309 5300; ppageno 0'>
   <div class='ocr_carea' id='block_1_1' title="bbox 510 396 640 461">
    <p class='ocr_par' dir='ltr' id='par_1_1' title="bbox 510 396 640 461">
     <span class='ocr_line' id='line_1_1' title="bbox 510 396 640 461; baseline 0 0"><span class='ocrx_word' id='word_1_1' title='bbox 510 396 640 461; x_wconf 83' lang='lat'><strong>364</strong></span> 
     </span>
    </p>
   </div>
   <div class='ocr_carea' id='block_1_2' title="bbox 491 582 2964 1563">
    <p class='ocr_par' dir='ltr' id='par_1_2' title="bbox 491 582 2964 1563">
     <span class='ocr_line' id='line_1_2' title="bbox 509 582 2770 663; baseline -0.002 -46"><span class='ocrx_word' id='word_1_2' title='bbox 509 582 613 617; x_wconf 72' lang='lat' dir='ltr'><strong>Anni</strong></span> <span class='ocrx_word' id='word_1_3' title='bbox 641 592 715 617; x_wconf 73' lang='lat' dir='ltr'><strong>aer.</strong></span> <span class='ocrx_word' id='word_1_4' title='bbox 2570 584 2577 663; x_wconf 85' lang='grc' dir='ltr'>Ι</span> <span class='ocrx_word' id='word_1_5' title='bbox 2741 626 2770 658; x_wconf 69' lang='lat' dir='ltr'>P</span> 
     </span>
     <span class='ocr_line' id='line_1_3' title="bbox 554 634 2836 686; baseline -0.004 -9"><span class='ocrx_word' id='word_1_6' title='bbox 554 644 665 686; x_wconf 65' lang='grc' dir='ltr'><strong>ναις.</strong></span> <span class='ocrx_word' id='word_1_7' title='bbox 2771 634 2836 667; x_wconf 68' lang='grc' dir='ltr'><strong>ιε·</strong></span> 
     </span>
     <span class='ocr_line' id='line_1_4' title="bbox 579 720 2478 784; baseline -0.002 -11"><span class='ocrx_word' id='word_1_8' title='bbox 579 726 661 773; x_wconf 89' lang='lat'><strong>30.</strong></span> <span class='ocrx_word' id='word_1_9' title='bbox 822 723 982 771; x_wconf 87' lang='lat' dir='ltr'><strong>Feria</strong></span> <span class='ocrx_word' id='word_1_10' title='bbox 1020 727 1185 784; x_wconf 82' lang='lat' dir='ltr'><strong>sexta,</strong></span> <span class='ocrx_word' id='word_1_11' title='bbox 1221 723 1381 772; x_wconf 88' lang='lat' dir='ltr'><strong>Jesus</strong></span> <span class='ocrx_word' id='word_1_12' title='bbox 1433 720 1564 770; x_wconf 88' lang='lat' dir='ltr'><strong>hora</strong></span> <span class='ocrx_word' id='word_1_13' title='bbox 1610 722 1768 769; x_wconf 88' lang='lat' dir='ltr'><strong>tertia</strong></span> <span class='ocrx_word' id='word_1_14' title='bbox 1815 720 2099 782; x_wconf 84' lang='lat' dir='ltr'><strong>iudicatus,</strong></span> <span class='ocrx_word' id='word_1_15' title='bbox 2148 720 2280 769; x_wconf 88' lang='lat' dir='ltr'><strong>hora</strong></span> <span class='ocrx_word' id='word_1_16' title='bbox 2327 726 2478 769; x_wconf 86' lang='lat' dir='ltr'><strong>sexta</strong></span> 
     </span>
     <span class='ocr_line' id='line_1_5' title="bbox 892 806 2476 871; baseline -0.001 -14"><span class='ocrx_word' id='word_1_17' title='bbox 892 807 1189 870; x_wconf 85' lang='lat' dir='ltr'><strong>crucifixus,</strong></span> <span class='ocrx_word' id='word_1_18' title='bbox 1210 809 1429 857; x_wconf 85' lang='lat' dir='ltr'><strong>moritur</strong></span> <span class='ocrx_word' id='word_1_19' title='bbox 1448 822 1555 871; x_wconf 88' lang='lat' dir='ltr'><strong>qua</strong></span> <span class='ocrx_word' id='word_1_20' title='bbox 1572 806 1707 856; x_wconf 88' lang='lat' dir='ltr'><strong>hora</strong></span> <span class='ocrx_word' id='word_1_21' title='bbox 1732 807 1990 856; x_wconf 88' lang='lat' dir='ltr'><strong>occiditur</strong></span> <span class='ocrx_word' id='word_1_22' title='bbox 2017 821 2186 871; x_wconf 85' lang='lat' dir='ltr'><strong>agnus</strong></span> <span class='ocrx_word' id='word_1_23' title='bbox 2208 806 2476 871; x_wconf 87' lang='lat' dir='ltr'><strong>paschalis</strong></span> 
     </span>
     <span class='ocr_line' id='line_1_6' title="bbox 889 892 2964 957; baseline -0.001 -13"><span class='ocrx_word' id='word_1_24' title='bbox 889 894 1244 956; x_wconf 81' lang='lat' dir='ltr'><strong>Judaeorum3</strong></span> <span class='ocrx_word' id='word_1_25' title='bbox 1272 893 1547 942; x_wconf 86' lang='lat' dir='ltr'><strong>descendit</strong></span> <span class='ocrx_word' id='word_1_26' title='bbox 1572 893 1640 941; x_wconf 81' lang='lat' dir='ltr'><strong>ad</strong></span> <span class='ocrx_word' id='word_1_27' title='bbox 1665 892 1892 956; x_wconf 85' lang='lat' dir='ltr'><strong>inferos3</strong></span> <span class='ocrx_word' id='word_1_28' title='bbox 1931 892 2185 957; x_wconf 79' lang='lat' dir='ltr'><strong>sepelitur</strong></span> <span class='ocrx_word' id='word_1_29' title='bbox 2209 908 2432 957; x_wconf 86' lang='lat' dir='ltr'><strong>vespere</strong></span> <span class='ocrx_word' id='word_1_30' title='bbox 2455 931 2464 941; x_wconf 92' lang='lat'><strong>.</strong></span> <span class='ocrx_word' id='word_1_31' title='bbox 2691 896 2803 943; x_wconf 81' lang='lat'><strong>133.</strong></span> <span class='ocrx_word' id='word_1_32' title='bbox 2843 895 2964 942; x_wconf 85' lang='grc'><strong>254.</strong></span> 
     </span>
     <span class='ocr_line' id='line_1_7' title="bbox 580 978 2474 1044; baseline -0.002 -13"><span class='ocrx_word' id='word_1_33' title='bbox 580 1011 643 1018; x_wconf 93' lang='grc'>-</span> <span class='ocrx_word' id='word_1_34' title='bbox 820 981 1055 1031; x_wconf 86' lang='lat' dir='ltr'><strong>Sabbato</strong></span> <span class='ocrx_word' id='word_1_35' title='bbox 1095 980 1292 1029; x_wconf 84' lang='lat' dir='ltr'><strong>Christi</strong></span> <span class='ocrx_word' id='word_1_36' title='bbox 1340 994 1549 1029; x_wconf 86' lang='lat' dir='ltr'><strong>sacrum</strong></span> <span class='ocrx_word' id='word_1_37' title='bbox 1596 995 1789 1044; x_wconf 88' lang='lat' dir='ltr'><strong>corpus</strong></span> <span class='ocrx_word' id='word_1_38' title='bbox 1841 981 1898 1028; x_wconf 90' lang='lat' dir='ltr'><strong>in</strong></span> <span class='ocrx_word' id='word_1_39' title='bbox 1946 978 2242 1043; x_wconf 88' lang='lat' dir='ltr'><strong>sepulchr0‚</strong></span> <span class='ocrx_word' id='word_1_40' title='bbox 2295 980 2474 1027; x_wconf 88' lang='lat' dir='ltr'><strong>anima</strong></span> 
     </span>
     <span class='ocr_line' id='line_1_8' title="bbox 890 1049 2962 1117; baseline -0.001 0"><span class='ocrx_word' id='word_1_41' title='bbox 890 1067 1199 1117; x_wconf 86' lang='lat' dir='ltr'><strong>beatissima</strong></span> <span class='ocrx_word' id='word_1_42' title='bbox 1234 1068 1290 1115; x_wconf 91' lang='lat' dir='ltr'><strong>in</strong></span> <span class='ocrx_word' id='word_1_43' title='bbox 1326 1066 1488 1116; x_wconf 89' lang='lat' dir='ltr'>limbo</span> <span class='ocrx_word' id='word_1_44' title='bbox 1527 1067 1748 1115; x_wconf 86' lang='lat' dir='ltr'><strong>Patrum</strong></span> <span class='ocrx_word' id='word_1_45' title='bbox 1784 1070 1964 1115; x_wconf 85' lang='lat' dir='ltr'><strong>manet</strong></span> <span class='ocrx_word' id='word_1_46' title='bbox 2035 1102 2463 1114; x_wconf 90' lang='grc'><strong>.......</strong></span> <span class='ocrx_word' id='word_1_47' title='bbox 2674 1049 2682 1058; x_wconf 65' lang='grc'><em>’</em></span> <span class='ocrx_word' id='word_1_48' title='bbox 2844 1068 2962 1115; x_wconf 84' lang='grc'><strong>152.</strong></span> 
     </span>
     <span class='ocr_line' id='line_1_9' title="bbox 576 1151 2962 1219; baseline -0 -16"><span class='ocrx_word' id='word_1_49' title='bbox 576 1184 641 1192; x_wconf 84' lang='lat'><strong>—-</strong></span> <span class='ocrx_word' id='word_1_50' title='bbox 818 1154 979 1203; x_wconf 83' lang='lat' dir='ltr'><strong>Feria</strong></span> <span class='ocrx_word' id='word_1_51' title='bbox 1004 1155 1175 1219; x_wconf 89' lang='lat' dir='ltr'><strong>prima</strong></span> <span class='ocrx_word' id='word_1_52' title='bbox 1197 1154 1232 1202; x_wconf 92' lang='lat' dir='ltr'><strong>i.</strong></span> <span class='ocrx_word' id='word_1_53' title='bbox 1254 1168 1299 1203; x_wconf 92' lang='lat' dir='ltr'><strong>e.</strong></span> <span class='ocrx_word' id='word_1_54' title='bbox 1319 1155 1601 1203; x_wconf 89' lang='lat' dir='ltr'><strong>Dominica</strong></span> <span class='ocrx_word' id='word_1_55' title='bbox 1620 1153 1656 1201; x_wconf 88' lang='lat' dir='ltr'><strong>J</strong></span> <span class='ocrx_word' id='word_1_56' title='bbox 1661 1169 1781 1202; x_wconf 88' lang='lat' dir='ltr'><strong>esus</strong></span> <span class='ocrx_word' id='word_1_57' title='bbox 1807 1168 1840 1201; x_wconf 88' lang='lat' dir='ltr'><strong>a</strong></span> <span class='ocrx_word' id='word_1_58' title='bbox 1863 1157 2029 1201; x_wconf 90' lang='lat' dir='ltr'><strong>morte</strong></span> <span class='ocrx_word' id='word_1_59' title='bbox 2055 1152 2224 1200; x_wconf 88' lang='lat' dir='ltr'><strong>victor</strong></span> <span class='ocrx_word' id='word_1_60' title='bbox 2248 1151 2476 1215; x_wconf 83' lang='lat' dir='ltr'><strong>resurgit</strong></span> <span class='ocrx_word' id='word_1_61' title='bbox 2845 1154 2962 1202; x_wconf 83' lang='lat'><strong>162.</strong></span> 
     </span>
     <span class='ocr_line' id='line_1_10' title="bbox 491 1239 2476 1305; baseline -0.003 -15"><span class='ocrx_word' id='word_1_62' title='bbox 491 1269 494 1272; x_wconf 94' lang='lat'><em>-</em></span> <span class='ocrx_word' id='word_1_63' title='bbox 576 1270 643 1277; x_wconf 92' lang='lat'>—</span> <span class='ocrx_word' id='word_1_64' title='bbox 819 1241 979 1290; x_wconf 89' lang='lat' dir='ltr'><strong>Visus</strong></span> <span class='ocrx_word' id='word_1_65' title='bbox 1041 1255 1203 1305; x_wconf 86' lang='lat' dir='ltr'><strong>saepe</strong></span> <span class='ocrx_word' id='word_1_66' title='bbox 1265 1256 1360 1304; x_wconf 87' lang='lat' dir='ltr'><strong>per</strong></span> <span class='ocrx_word' id='word_1_67' title='bbox 1420 1239 1772 1305; x_wconf 85' lang='lat' dir='ltr'><strong>quadraginta</strong></span> <span class='ocrx_word' id='word_1_68' title='bbox 1826 1240 1966 1301; x_wconf 83' lang='lat' dir='ltr'><strong>dies3</strong></span> <span class='ocrx_word' id='word_1_69' title='bbox 2033 1253 2362 1288; x_wconf 79' lang='lat' dir='ltr'><strong>convescens</strong></span> <span class='ocrx_word' id='word_1_70' title='bbox 2423 1241 2476 1286; x_wconf 88' lang='lat' dir='ltr'><strong>et</strong></span> 
     </span>
     <span class='ocr_line' id='line_1_11' title="bbox 888 1324 2960 1391; baseline -0.001 -17"><span class='ocrx_word' id='word_1_71' title='bbox 888 1326 1114 1391; x_wconf 89' lang='lat' dir='ltr'><strong>loquens</strong></span> <span class='ocrx_word' id='word_1_72' title='bbox 1152 1326 1217 1375; x_wconf 88' lang='lat' dir='ltr'><strong>de</strong></span> <span class='ocrx_word' id='word_1_73' title='bbox 1253 1342 1418 1391; x_wconf 85' lang='lat' dir='ltr'><strong>regno</strong></span> <span class='ocrx_word' id='word_1_74' title='bbox 1456 1326 1559 1375; x_wconf 91' lang='lat' dir='ltr'><strong>Dei</strong></span> <span class='ocrx_word' id='word_1_75' title='bbox 1616 1360 2463 1375; x_wconf 86' lang='grc'><strong>.............</strong></span> <span class='ocrx_word' id='word_1_76' title='bbox 2843 1324 2960 1372; x_wconf 87' lang='grc'><strong>166.</strong></span> 
     </span>
     <span class='ocr_line' id='line_1_12' title="bbox 578 1399 2550 1477; baseline -0.002 -15"><span class='ocrx_word' id='word_1_77' title='bbox 578 1440 641 1449; x_wconf 84' lang='grc'>-</span> <span class='ocrx_word' id='word_1_78' title='bbox 818 1414 1066 1477; x_wconf 88' lang='lat' dir='ltr'><strong>Denique</strong></span> <span class='ocrx_word' id='word_1_79' title='bbox 1076 1413 1212 1462; x_wconf 86' lang='lat' dir='ltr'><strong>feria</strong></span> <span class='ocrx_word' id='word_1_80' title='bbox 1235 1414 1437 1477; x_wconf 88' lang='lat' dir='ltr'><strong>quinta,</strong></span> <span class='ocrx_word' id='word_1_81' title='bbox 1461 1412 1546 1461; x_wconf 88' lang='lat' dir='ltr'><strong>die</strong></span> <span class='ocrx_word' id='word_1_82' title='bbox 1573 1411 1981 1477; x_wconf 87' lang='lat' dir='ltr'><strong>quadragesima</strong></span> <span class='ocrx_word' id='word_1_83' title='bbox 2006 1426 2038 1459; x_wconf 86' lang='lat' dir='ltr'><strong>a</strong></span> <span class='ocrx_word' id='word_1_84' title='bbox 2063 1410 2473 1459; x_wconf 86' lang='lat' dir='ltr'><strong>Resurrectione</strong></span> <span class='ocrx_word' id='word_1_85' title='bbox 2543 1399 2550 1405; x_wconf 64' lang='grc'>’</span> 
     </span>
     <span class='ocr_line' id='line_1_13' title="bbox 719 1496 2958 1563; baseline -0.001 -16"><span class='ocrx_word' id='word_1_86' title='bbox 719 1513 724 1563; x_wconf 74' lang='lat'>1</span> <span class='ocrx_word' id='word_1_87' title='bbox 886 1498 923 1547; x_wconf 87' lang='lat' dir='ltr'><strong>J</strong></span> <span class='ocrx_word' id='word_1_88' title='bbox 926 1514 1047 1549; x_wconf 88' lang='lat' dir='ltr'><strong>esus</strong></span> <span class='ocrx_word' id='word_1_89' title='bbox 1072 1498 1314 1548; x_wconf 86' lang='lat' dir='ltr'><strong>ascendit</strong></span> <span class='ocrx_word' id='word_1_90' title='bbox 1336 1500 1392 1547; x_wconf 89' lang='lat' dir='ltr'><strong>in</strong></span> <span class='ocrx_word' id='word_1_91' title='bbox 1417 1496 1615 1561; x_wconf 89' lang='lat' dir='ltr'><strong>coelos,</strong></span> <span class='ocrx_word' id='word_1_92' title='bbox 1657 1502 1712 1547; x_wconf 89' lang='lat' dir='ltr'><strong>et</strong></span> <span class='ocrx_word' id='word_1_93' title='bbox 1747 1497 1896 1547; x_wconf 88' lang='lat' dir='ltr'><strong>sedet</strong></span> <span class='ocrx_word' id='word_1_94' title='bbox 1933 1512 1966 1545; x_wconf 88' lang='lat' dir='ltr'><strong>a</strong></span> <span class='ocrx_word' id='word_1_95' title='bbox 1990 1496 2186 1546; x_wconf 76' lang='lat' dir='ltr'><strong>dextris</strong></span> <span class='ocrx_word' id='word_1_96' title='bbox 2211 1496 2315 1544; x_wconf 89' lang='lat' dir='ltr'><strong>Dei</strong></span> <span class='ocrx_word' id='word_1_97' title='bbox 2379 1534 2390 1545; x_wconf 92' lang='lat'><strong>.</strong></span> <span class='ocrx_word' id='word_1_98' title='bbox 2451 1534 2462 1545; x_wconf 92' lang='lat'><strong>.</strong></span> <span class='ocrx_word' id='word_1_99' title='bbox 2841 1497 2958 1545; x_wconf 82' lang='lat'><strong>175.</strong></span> 
     </span>
    </p>
   </div>
   <div class='ocr_carea' id='block_1_3' title="bbox 787 2280 2700 2650">
    <p class='ocr_par' dir='ltr' id='par_1_3' title="bbox 787 2280 2700 2650">
     <span class='ocr_line' id='line_1_14' title="bbox 787 2280 2700 2447; baseline -0.001 -1"><span class='ocrx_word' id='word_1_100' title='bbox 787 2351 1389 2447; x_wconf 85' lang='lat' dir='ltr'><strong>TABULA</strong></span> <span class='ocrx_word' id='word_1_101' title='bbox 1462 2280 2700 2445; x_wconf 78' lang='lat' dir='ltr'><strong>CHRONOLOGICA.</strong></span> 
     </span>
     <span class='ocr_line' id='line_1_15' title="bbox 1088 2573 2358 2650; baseline 0.001 -3"><span class='ocrx_word' id='word_1_102' title='bbox 1088 2573 1207 2647; x_wconf 74' lang='lat' dir='ltr'><strong>,b.</strong></span> <span class='ocrx_word' id='word_1_103' title='bbox 1280 2574 1734 2650; x_wconf 84' lang='lat' dir='ltr'><strong>HISTORIAE</strong></span> <span class='ocrx_word' id='word_1_104' title='bbox 1796 2573 2358 2649; x_wconf 85' lang='lat' dir='ltr'><strong>APOSTOLICAE</strong></span> 
     </span>
    </p>
   </div>
   <div class='ocr_carea' id='block_1_4' title="bbox 501 2726 2992 2873">
    <p class='ocr_par' dir='ltr' id='par_1_4' title="bbox 501 2697 2992 2873">
     <span class='ocr_line' id='line_1_16' title="bbox 501 2726 2992 2792; baseline 0.001 -12"><span class='ocrx_word' id='word_1_105' title='bbox 501 2732 593 2780; x_wconf 90' lang='lat' dir='ltr'><strong>AB</strong></span> <span class='ocrx_word' id='word_1_106' title='bbox 631 2729 1081 2781; x_wconf 79' lang='lat' dir='ltr'><strong>ASCENSIONE</strong></span> <span class='ocrx_word' id='word_1_107' title='bbox 1118 2731 1184 2778; x_wconf 89' lang='lat' dir='ltr'><strong>D.</strong></span> <span class='ocrx_word' id='word_1_108' title='bbox 1221 2730 1286 2779; x_wconf 85' lang='lat' dir='ltr'><strong>N.</strong></span> <span class='ocrx_word' id='word_1_109' title='bbox 1324 2728 1375 2778; x_wconf 88' lang='lat' dir='ltr'><strong>J.</strong></span> <span class='ocrx_word' id='word_1_110' title='bbox 1416 2728 1473 2776; x_wconf 84' lang='lat' dir='ltr'><strong>C.</strong></span> <span class='ocrx_word' id='word_1_111' title='bbox 1512 2728 1754 2788; x_wconf 82' lang='lat' dir='ltr'>USQUE</span> <span class='ocrx_word' id='word_1_112' title='bbox 1799 2726 1897 2776; x_wconf 91' lang='lat' dir='ltr'><strong>AD</strong></span> <span class='ocrx_word' id='word_1_113' title='bbox 1943 2727 2223 2776; x_wconf 88' lang='lat' dir='ltr'>OBITUM</span> <span class='ocrx_word' id='word_1_114' title='bbox 2263 2726 2314 2776; x_wconf 90' lang='lat' dir='ltr'><strong>S.</strong></span> <span class='ocrx_word' id='word_1_115' title='bbox 2341 2728 2658 2792; x_wconf 85' lang='lat' dir='ltr'><strong>JOANNIS,</strong></span> <span class='ocrx_word' id='word_1_116' title='bbox 2699 2731 2861 2781; x_wconf 84' lang='lat' dir='ltr'>SIVE</span> <span class='ocrx_word' id='word_1_117' title='bbox 2897 2733 2992 2782; x_wconf 89' lang='lat' dir='ltr'><strong>AB</strong></span> 
     </span>
     <span class='ocr_line' id='line_1_17' title="bbox 1269 2821 2213 2873; baseline -0.001 -1"><span class='ocrx_word' id='word_1_118' title='bbox 1269 2822 1465 2873; x_wconf 89' lang='lat' dir='ltr'><strong>ANNO</strong></span> <span class='ocrx_word' id='word_1_119' title='bbox 1505 2825 1763 2873; x_wconf 82' lang='lat'><strong>30—106.</strong></span> <span class='ocrx_word' id='word_1_120' title='bbox 1801 2823 1960 2872; x_wconf 76' lang='lat' dir='ltr'><strong>AER.</strong></span> <span class='ocrx_word' id='word_1_121' title='bbox 1997 2821 2213 2873; x_wconf 77' lang='lat' dir='ltr'>VULG.</span> 
     </span>
    </p>
   </div>
   <div class='ocr_carea' id='block_1_5' title="bbox 499 3033 2958 3836">
    <p class='ocr_par' dir='ltr' id='par_1_5' title="bbox 499 3033 694 3067">
     <span class='ocr_line' id='line_1_18' title="bbox 499 3033 694 3067; baseline 0.005 -1"><span class='ocrx_word' id='word_1_122' title='bbox 499 3033 601 3067; x_wconf 76' lang='lat' dir='ltr'><strong>Anni</strong></span> <span class='ocrx_word' id='word_1_123' title='bbox 626 3043 694 3067; x_wconf 72' lang='lat' dir='ltr'><strong>ner</strong></span> 
     </span>
    </p>

    <p class='ocr_par' dir='ltr' id='par_1_6' title="bbox 544 3077 2825 3238">
     <span class='ocr_line' id='line_1_19' title="bbox 544 3077 2825 3136; baseline 0 -8"><span class='ocrx_word' id='word_1_124' title='bbox 544 3095 653 3136; x_wconf 77' lang='lat' dir='ltr'><strong>Vulg.</strong></span> <span class='ocrx_word' id='word_1_125' title='bbox 2736 3077 2825 3118; x_wconf 47' lang='grc' dir='ltr'><strong>ΡΨ·</strong></span> 
     </span>
     <span class='ocr_line' id='line_1_20' title="bbox 569 3165 2467 3238; baseline -0.003 -16"><span class='ocrx_word' id='word_1_126' title='bbox 569 3176 651 3222; x_wconf 91' lang='grc'><strong>30.</strong></span> <span class='ocrx_word' id='word_1_127' title='bbox 812 3171 1094 3219; x_wconf 86' lang='lat' dir='ltr'><strong>Dominica</strong></span> <span class='ocrx_word' id='word_1_128' title='bbox 1118 3168 1465 3217; x_wconf 86' lang='lat' dir='ltr'><strong>Pentecostes</strong></span> <span class='ocrx_word' id='word_1_129' title='bbox 1494 3165 1720 3238; x_wconf 84' lang='lat' dir='ltr'><strong>Spiritus</strong></span> <span class='ocrx_word' id='word_1_130' title='bbox 1747 3166 1974 3216; x_wconf 87' lang='lat' dir='ltr'><strong>Sanctus</strong></span> <span class='ocrx_word' id='word_1_131' title='bbox 2004 3166 2292 3230; x_wconf 89' lang='lat' dir='ltr'><strong>descendit,</strong></span> <span class='ocrx_word' id='word_1_132' title='bbox 2318 3170 2467 3232; x_wconf 88' lang='lat' dir='ltr'><strong>quin-</strong></span> 
     </span>
    </p>

    <p class='ocr_par' dir='ltr' id='par_1_7' title="bbox 570 3235 2958 3492">
     <span class='ocr_line' id='line_1_21' title="bbox 883 3235 2958 3320; baseline 0.002 -17"><span class='ocrx_word' id='word_1_133' title='bbox 883 3256 1193 3320; x_wconf 89' lang='lat' dir='ltr'><strong>quagesima</strong></span> <span class='ocrx_word' id='word_1_134' title='bbox 1230 3254 1314 3302; x_wconf 89' lang='lat' dir='ltr'><strong>die</strong></span> <span class='ocrx_word' id='word_1_135' title='bbox 1350 3259 1471 3318; x_wconf 88' lang='lat' dir='ltr'><strong>post</strong></span> <span class='ocrx_word' id='word_1_136' title='bbox 1506 3253 1970 3303; x_wconf 81' lang='lat' dir='ltr'><strong>Resurrectionem</strong></span> <span class='ocrx_word' id='word_1_137' title='bbox 2005 3254 2247 3302; x_wconf 88' lang='lat' dir='ltr'><strong>Domini.</strong></span> <span class='ocrx_word' id='word_1_138' title='bbox 2306 3293 2317 3303; x_wconf 93' lang='lat'><strong>.</strong></span> <span class='ocrx_word' id='word_1_139' title='bbox 2377 3294 2386 3304; x_wconf 91' lang='lat'>.</span> <span class='ocrx_word' id='word_1_140' title='bbox 2427 3235 2456 3304; x_wconf 32' lang='lat'><strong>⁵.</strong></span> <span class='ocrx_word' id='word_1_141' title='bbox 2709 3260 2958 3310; x_wconf 90' lang='lat' dir='ltr'>LXXVI.</span> 
     </span>
     <span class='ocr_line' id='line_1_22' title="bbox 571 3341 2956 3405; baseline 0 -14"><span class='ocrx_word' id='word_1_142' title='bbox 571 3374 634 3382; x_wconf 90' lang='lat'><strong>-—</strong></span> <span class='ocrx_word' id='word_1_143' title='bbox 813 3341 1077 3391; x_wconf 84' lang='lat' dir='ltr'><strong>Creantur</strong></span> <span class='ocrx_word' id='word_1_144' title='bbox 1113 3344 1315 3405; x_wconf 80' lang='lat' dir='ltr'><strong>septem</strong></span> <span class='ocrx_word' id='word_1_145' title='bbox 1349 3341 1582 3389; x_wconf 87' lang='lat' dir='ltr'><strong>Diaconi</strong></span> <span class='ocrx_word' id='word_1_146' title='bbox 1611 3378 2456 3392; x_wconf 91' lang='grc'><strong>.............</strong></span> <span class='ocrx_word' id='word_1_147' title='bbox 2836 3348 2956 3396; x_wconf 84' lang='grc'><strong>323.</strong></span> 
     </span>
     <span class='ocr_line' id='line_1_23' title="bbox 570 3425 2466 3492; baseline -0.001 -14"><span class='ocrx_word' id='word_1_148' title='bbox 570 3459 633 3467; x_wconf 93' lang='grc'>-</span> <span class='ocrx_word' id='word_1_149' title='bbox 809 3430 914 3479; x_wconf 87' lang='lat' dir='ltr'><strong>Die</strong></span> <span class='ocrx_word' id='word_1_150' title='bbox 960 3431 1043 3478; x_wconf 83' lang='lat'><strong>26.</strong></span> <span class='ocrx_word' id='word_1_151' title='bbox 1091 3429 1401 3477; x_wconf 88' lang='lat' dir='ltr'><strong>Decembris</strong></span> <span class='ocrx_word' id='word_1_152' title='bbox 1451 3426 1720 3492; x_wconf 82' lang='lat' dir='ltr'><strong>lapidatur</strong></span> <span class='ocrx_word' id='word_1_153' title='bbox 1758 3425 2076 3492; x_wconf 83' lang='lat' dir='ltr'><strong>Stephanus,</strong></span> <span class='ocrx_word' id='word_1_154' title='bbox 2119 3427 2466 3478; x_wconf 89' lang='lat' dir='ltr'><strong>diaconorum</strong></span> 
     </span>
    </p>

    <p class='ocr_par' dir='ltr' id='par_1_8' title="bbox 567 3513 2957 3836">
     <span class='ocr_line' id='line_1_24' title="bbox 881 3513 2956 3580; baseline 0.001 -16"><span class='ocrx_word' id='word_1_155' title='bbox 881 3516 1097 3580; x_wconf 89' lang='lat' dir='ltr'><strong>primus,</strong></span> <span class='ocrx_word' id='word_1_156' title='bbox 1137 3515 1512 3579; x_wconf 87' lang='lat' dir='ltr'><strong>disperguntur</strong></span> <span class='ocrx_word' id='word_1_157' title='bbox 1549 3513 1734 3563; x_wconf 86' lang='lat' dir='ltr'><strong>fideles</strong></span> <span class='ocrx_word' id='word_1_158' title='bbox 1748 3552 2454 3564; x_wconf 90' lang='grc'><strong>...........</strong></span> <span class='ocrx_word' id='word_1_159' title='bbox 2835 3520 2956 3567; x_wconf 86' lang='grc'><strong>325.</strong></span> 
     </span>
     <span class='ocr_line' id='line_1_25' title="bbox 568 3600 2957 3654; baseline 0.001 -2"><span class='ocrx_word' id='word_1_160' title='bbox 568 3604 650 3652; x_wconf 88' lang='grc'><strong>37.</strong></span> <span class='ocrx_word' id='word_1_161' title='bbox 809 3603 913 3651; x_wconf 91' lang='lat' dir='ltr'><strong>Die</strong></span> <span class='ocrx_word' id='word_1_162' title='bbox 949 3602 1197 3651; x_wconf 88' lang='lat' dir='ltr'><strong>Januarii</strong></span> <span class='ocrx_word' id='word_1_163' title='bbox 1234 3603 1317 3650; x_wconf 84' lang='grc'><strong>25.</strong></span> <span class='ocrx_word' id='word_1_164' title='bbox 1356 3600 1605 3651; x_wconf 82' lang='lat' dir='ltr'><strong>Saulus</strong></span> <span class='ocrx_word' id='word_1_165' title='bbox 1644 3601 1970 3650; x_wconf 87' lang='lat' dir='ltr'><strong>convertitur</strong></span> <span class='ocrx_word' id='word_1_166' title='bbox 2029 3639 2455 3651; x_wconf 90' lang='grc'><strong>.......</strong></span> <span class='ocrx_word' id='word_1_167' title='bbox 2682 3605 2957 3654; x_wconf 86' lang='lat' dir='ltr'>LXXVII.</span> 
     </span>
     <span class='ocr_line' id='line_1_26' title="bbox 567 3687 2957 3751; baseline 0.001 -13"><span class='ocrx_word' id='word_1_168' title='bbox 567 3691 649 3738; x_wconf 88' lang='lat'><strong>41.</strong></span> <span class='ocrx_word' id='word_1_169' title='bbox 809 3689 1088 3738; x_wconf 84' lang='lat' dir='ltr'><strong>Primum</strong></span> <span class='ocrx_word' id='word_1_170' title='bbox 1126 3688 1175 3737; x_wconf 91' lang='lat' dir='ltr'><strong>d.</strong></span> <span class='ocrx_word' id='word_1_171' title='bbox 1213 3687 1369 3736; x_wconf 88' lang='lat' dir='ltr'><strong>Pauli</strong></span> <span class='ocrx_word' id='word_1_172' title='bbox 1406 3689 1504 3736; x_wconf 88' lang='lat' dir='ltr'><strong>iter</strong></span> <span class='ocrx_word' id='word_1_173' title='bbox 1538 3687 2066 3751; x_wconf 85' lang='lat' dir='ltr'><strong>hierosolymitanum</strong></span> <span class='ocrx_word' id='word_1_174' title='bbox 2096 3725 2105 3734; x_wconf 96' lang='lat'><strong>.</strong></span> <span class='ocrx_word' id='word_1_175' title='bbox 2166 3727 2175 3736; x_wconf 91' lang='lat'><strong>.</strong></span> <span class='ocrx_word' id='word_1_176' title='bbox 2235 3726 2245 3736; x_wconf 93' lang='lat'>.</span> <span class='ocrx_word' id='word_1_177' title='bbox 2306 3727 2316 3737; x_wconf 93' lang='lat'><strong>.</strong></span> <span class='ocrx_word' id='word_1_178' title='bbox 2445 3727 2454 3737; x_wconf 93' lang='lat'>.</span> <span class='ocrx_word' id='word_1_179' title='bbox 2653 3691 2957 3741; x_wconf 88' lang='lat' dir='ltr'>LXXVIII.</span> 
     </span>
     <span class='ocr_line' id='line_1_27' title="bbox 567 3772 2955 3836; baseline 0.001 -12"><span class='ocrx_word' id='word_1_180' title='bbox 567 3777 650 3825; x_wconf 89' lang='grc'><strong>44.</strong></span> <span class='ocrx_word' id='word_1_181' title='bbox 812 3774 1180 3825; x_wconf 89' lang='lat' dir='ltr'><strong>Secundum</strong></span> <span class='ocrx_word' id='word_1_182' title='bbox 1216 3776 1316 3822; x_wconf 87' lang='lat' dir='ltr'><strong>iter</strong></span> <span class='ocrx_word' id='word_1_183' title='bbox 1352 3774 1400 3822; x_wconf 89' lang='lat' dir='ltr'><strong>d.</strong></span> <span class='ocrx_word' id='word_1_184' title='bbox 1439 3773 1594 3822; x_wconf 89' lang='lat' dir='ltr'><strong>Pauli</strong></span> <span class='ocrx_word' id='word_1_185' title='bbox 1631 3772 1995 3836; x_wconf 81' lang='lat' dir='ltr'><strong>Jerosolymas</strong></span> <span class='ocrx_word' id='word_1_186' title='bbox 2024 3811 2456 3824; x_wconf 87' lang='grc'><strong>.......</strong></span> <span class='ocrx_word' id='word_1_187' title='bbox 2705 3778 2955 3827; x_wconf 87' lang='lat' dir='ltr'>LXXIX.</span> 
     </span>
    </p>
   </div>
   <div class='ocr_carea' id='block_1_6' title="bbox 565 3859 2956 4272">
    <p class='ocr_par' dir='ltr' id='par_1_9' title="bbox 566 3859 2465 3924">
     <span class='ocr_line' id='line_1_28' title="bbox 566 3859 2465 3924; baseline 0.001 -14"><span class='ocrx_word' id='word_1_188' title='bbox 566 3889 633 3898; x_wconf 91' lang='lat'><strong>-—</strong></span> <span class='ocrx_word' id='word_1_189' title='bbox 808 3861 1054 3910; x_wconf 88' lang='lat' dir='ltr'><strong>Herodes</strong></span> <span class='ocrx_word' id='word_1_190' title='bbox 1080 3860 1333 3924; x_wconf 84' lang='lat' dir='ltr'><strong>Agrippa,</strong></span> <span class='ocrx_word' id='word_1_191' title='bbox 1370 3863 1429 3908; x_wconf 89' lang='lat' dir='ltr'><strong>ut</strong></span> <span class='ocrx_word' id='word_1_192' title='bbox 1454 3859 1693 3924; x_wconf 85' lang='lat' dir='ltr'><strong>placeret</strong></span> <span class='ocrx_word' id='word_1_193' title='bbox 1722 3859 1964 3920; x_wconf 82' lang='lat' dir='ltr'><strong>Judaeis,</strong></span> <span class='ocrx_word' id='word_1_194' title='bbox 2000 3859 2267 3909; x_wconf 86' lang='lat' dir='ltr'><strong>Jacobum</strong></span> <span class='ocrx_word' id='word_1_195' title='bbox 2298 3859 2465 3911; x_wconf 85' lang='lat' dir='ltr'><strong>Joan-</strong></span> 
     </span>
    </p>

    <p class='ocr_par' dir='ltr' id='par_1_10' title="bbox 878 3945 2464 4012">
     <span class='ocr_line' id='line_1_29' title="bbox 878 3945 2464 4012; baseline 0.001 -17"><span class='ocrx_word' id='word_1_196' title='bbox 878 3949 962 3997; x_wconf 90' lang='lat' dir='ltr'><strong>nis</strong></span> <span class='ocrx_word' id='word_1_197' title='bbox 988 3947 1203 3995; x_wconf 88' lang='lat' dir='ltr'><strong>fratrem</strong></span> <span class='ocrx_word' id='word_1_198' title='bbox 1231 3946 1407 4010; x_wconf 84' lang='lat' dir='ltr'><strong>gladio</strong></span> <span class='ocrx_word' id='word_1_199' title='bbox 1447 3945 1655 3994; x_wconf 87' lang='lat' dir='ltr'><strong>occidit.</strong></span> <span class='ocrx_word' id='word_1_200' title='bbox 1707 3946 1923 3994; x_wconf 87' lang='lat' dir='ltr'><strong>Petrum</strong></span> <span class='ocrx_word' id='word_1_201' title='bbox 1950 3949 2151 3996; x_wconf 87' lang='lat' dir='ltr'><strong>carceri</strong></span> <span class='ocrx_word' id='word_1_202' title='bbox 2175 3949 2464 4012; x_wconf 85' lang='lat' dir='ltr'><strong>mancipat.</strong></span> 
     </span>
    </p>

    <p class='ocr_par' dir='ltr' id='par_1_11' title="bbox 565 4030 2956 4186">
     <span class='ocr_line' id='line_1_30' title="bbox 878 4030 2956 4096; baseline 0.002 -13"><span class='ocrx_word' id='word_1_203' title='bbox 878 4034 1065 4083; x_wconf 86' lang='lat' dir='ltr'><strong>Petrus</strong></span> <span class='ocrx_word' id='word_1_204' title='bbox 1093 4033 1160 4081; x_wconf 90' lang='lat' dir='ltr'><strong>ab</strong></span> <span class='ocrx_word' id='word_1_205' title='bbox 1180 4030 1385 4096; x_wconf 87' lang='lat' dir='ltr'><strong>Angelo</strong></span> <span class='ocrx_word' id='word_1_206' title='bbox 1411 4032 1684 4095; x_wconf 86' lang='lat' dir='ltr'><strong>liberatur,</strong></span> <span class='ocrx_word' id='word_1_207' title='bbox 1711 4031 1918 4096; x_wconf 83' lang='lat' dir='ltr'><strong>evadit3</strong></span> <span class='ocrx_word' id='word_1_208' title='bbox 1947 4033 2092 4082; x_wconf 87' lang='lat' dir='ltr'><strong>venit</strong></span> <span class='ocrx_word' id='word_1_209' title='bbox 2111 4033 2463 4083; x_wconf 85' lang='lat' dir='ltr'><strong>Antiochiam.</strong></span> <span class='ocrx_word' id='word_1_210' title='bbox 2833 4038 2956 4087; x_wconf 88' lang='lat'><strong>338.</strong></span> 
     </span>
     <span class='ocr_line' id='line_1_31' title="bbox 565 4118 2463 4186; baseline 0.001 -18"><span class='ocrx_word' id='word_1_211' title='bbox 565 4122 648 4168; x_wconf 84' lang='lat'><strong>45.</strong></span> <span class='ocrx_word' id='word_1_212' title='bbox 811 4121 863 4170; x_wconf 90' lang='lat' dir='ltr'><strong>S.</strong></span> <span class='ocrx_word' id='word_1_213' title='bbox 897 4118 1097 4169; x_wconf 87' lang='lat' dir='ltr'><strong>Paulus</strong></span> <span class='ocrx_word' id='word_1_214' title='bbox 1136 4124 1189 4168; x_wconf 88' lang='lat' dir='ltr'><strong>et</strong></span> <span class='ocrx_word' id='word_1_215' title='bbox 1224 4119 1501 4168; x_wconf 87' lang='lat' dir='ltr'><strong>Barnabas</strong></span> <span class='ocrx_word' id='word_1_216' title='bbox 1539 4120 1806 4184; x_wconf 85' lang='lat' dir='ltr'><strong>segregati</strong></span> <span class='ocrx_word' id='word_1_217' title='bbox 1843 4134 1876 4168; x_wconf 85' lang='lat' dir='ltr'><strong>a</strong></span> <span class='ocrx_word' id='word_1_218' title='bbox 1914 4118 2115 4184; x_wconf 84' lang='lat' dir='ltr'><strong>Spiritu</strong></span> <span class='ocrx_word' id='word_1_219' title='bbox 2153 4119 2205 4170; x_wconf 89' lang='lat' dir='ltr'><strong>S.</strong></span> <span class='ocrx_word' id='word_1_220' title='bbox 2243 4125 2304 4170; x_wconf 87' lang='lat' dir='ltr'><strong>ut</strong></span> <span class='ocrx_word' id='word_1_221' title='bbox 2339 4137 2463 4186; x_wconf 87' lang='lat' dir='ltr'><strong>gen-</strong></span> 
     </span>
    </p>

    <p class='ocr_par' dir='ltr' id='par_1_12' title="bbox 876 4204 2461 4272">
     <span class='ocr_line' id='line_1_32' title="bbox 876 4204 2461 4272; baseline 0.003 -19"><span class='ocrx_word' id='word_1_222' title='bbox 876 4205 1017 4254; x_wconf 87' lang='lat' dir='ltr'><strong>tibus</strong></span> <span class='ocrx_word' id='word_1_223' title='bbox 1054 4205 1438 4270; x_wconf 86' lang='lat' dir='ltr'><strong>praedicarent,</strong></span> <span class='ocrx_word' id='word_1_224' title='bbox 1496 4204 1782 4254; x_wconf 89' lang='lat' dir='ltr'><strong>Antiochia</strong></span> <span class='ocrx_word' id='word_1_225' title='bbox 1819 4205 2111 4269; x_wconf 83' lang='lat' dir='ltr'><strong>excedunt3</strong></span> <span class='ocrx_word' id='word_1_226' title='bbox 2151 4223 2246 4272; x_wconf 87' lang='lat' dir='ltr'><strong>per</strong></span> <span class='ocrx_word' id='word_1_227' title='bbox 2282 4209 2461 4258; x_wconf 85' lang='lat' dir='ltr'><strong>varias</strong></span> 
     </span>
    </p>
   </div>
   <div class='ocr_carea' id='block_1_7' title="bbox 564 4291 2958 4533">
    <p class='ocr_par' dir='ltr' id='par_1_13' title="bbox 564 4291 2958 4533">
     <span class='ocr_line' id='line_1_33' title="bbox 875 4291 2957 4358; baseline 0.001 -16"><span class='ocrx_word' id='word_1_228' title='bbox 875 4294 1119 4358; x_wconf 85' lang='lat' dir='ltr'><strong>regiones</strong></span> <span class='ocrx_word' id='word_1_229' title='bbox 1156 4291 1563 4357; x_wconf 86' lang='lat' dir='ltr'><strong>proficiscuntur</strong></span> <span class='ocrx_word' id='word_1_230' title='bbox 1600 4296 1654 4342; x_wconf 91' lang='lat' dir='ltr'><strong>et</strong></span> <span class='ocrx_word' id='word_1_231' title='bbox 1688 4291 1856 4341; x_wconf 83' lang='lat' dir='ltr'><strong>multa</strong></span> <span class='ocrx_word' id='word_1_232' title='bbox 1890 4294 2166 4357; x_wconf 87' lang='lat' dir='ltr'><strong>patiuntur</strong></span> <span class='ocrx_word' id='word_1_233' title='bbox 2229 4332 2240 4344; x_wconf 91' lang='lat'><strong>.</strong></span> <span class='ocrx_word' id='word_1_234' title='bbox 2300 4333 2311 4343; x_wconf 91' lang='lat'><strong>.</strong></span> <span class='ocrx_word' id='word_1_235' title='bbox 2371 4334 2381 4344; x_wconf 88' lang='lat'>.</span> <span class='ocrx_word' id='word_1_236' title='bbox 2440 4334 2450 4344; x_wconf 88' lang='lat'>.</span> <span class='ocrx_word' id='word_1_237' title='bbox 2703 4297 2957 4345; x_wconf 90' lang='lat' dir='ltr'>LXXXI.</span> 
     </span>
     <span class='ocr_line' id='line_1_34' title="bbox 567 4376 2956 4431; baseline 0.001 -3"><span class='ocrx_word' id='word_1_238' title='bbox 567 4405 629 4414; x_wconf 88' lang='lat'><strong>—·</strong></span> <span class='ocrx_word' id='word_1_239' title='bbox 810 4380 859 4429; x_wconf 91' lang='lat' dir='ltr'><strong>S.</strong></span> <span class='ocrx_word' id='word_1_240' title='bbox 899 4380 1087 4429; x_wconf 87' lang='lat' dir='ltr'><strong>Petrus</strong></span> <span class='ocrx_word' id='word_1_241' title='bbox 1123 4380 1345 4428; x_wconf 88' lang='lat' dir='ltr'><strong>Romam</strong></span> <span class='ocrx_word' id='word_1_242' title='bbox 1382 4380 1493 4428; x_wconf 85' lang='lat' dir='ltr'><strong>adit</strong></span> <span class='ocrx_word' id='word_1_243' title='bbox 1532 4417 1892 4429; x_wconf 91' lang='lat'><strong>......</strong></span> <span class='ocrx_word' id='word_1_244' title='bbox 1919 4376 1925 4383; x_wconf 61' lang='lat'>⁴</span> <span class='ocrx_word' id='word_1_245' title='bbox 1951 4418 2450 4431; x_wconf 91' lang='grc'><strong>........</strong></span> <span class='ocrx_word' id='word_1_246' title='bbox 2831 4383 2956 4431; x_wconf 83' lang='lat'><strong>343.</strong></span> 
     </span>
     <span class='ocr_line' id='line_1_35' title="bbox 564 4465 2958 4533; baseline 0.002 -19"><span class='ocrx_word' id='word_1_247' title='bbox 564 4467 647 4514; x_wconf 83' lang='lat'><strong>46.</strong></span> <span class='ocrx_word' id='word_1_248' title='bbox 808 4465 859 4515; x_wconf 89' lang='lat' dir='ltr'><strong>S.</strong></span> <span class='ocrx_word' id='word_1_249' title='bbox 899 4466 1099 4516; x_wconf 90' lang='lat' dir='ltr'><strong>Paulus</strong></span> <span class='ocrx_word' id='word_1_250' title='bbox 1138 4470 1191 4515; x_wconf 87' lang='lat' dir='ltr'><strong>et</strong></span> <span class='ocrx_word' id='word_1_251' title='bbox 1226 4466 1505 4516; x_wconf 87' lang='lat' dir='ltr'><strong>Barnabas</strong></span> <span class='ocrx_word' id='word_1_252' title='bbox 1548 4466 1890 4516; x_wconf 87' lang='lat' dir='ltr'><strong>Antiochiam</strong></span> <span class='ocrx_word' id='word_1_253' title='bbox 1929 4466 2114 4530; x_wconf 84' lang='lat' dir='ltr'><strong>Syriae</strong></span> <span class='ocrx_word' id='word_1_254' title='bbox 2152 4473 2402 4533; x_wconf 88' lang='lat' dir='ltr'><strong>repetunt</strong></span> <span class='ocrx_word' id='word_1_255' title='bbox 2438 4507 2448 4516; x_wconf 95' lang='lat'><strong>.</strong></span> <span class='ocrx_word' id='word_1_256' title='bbox 2833 4471 2958 4518; x_wconf 86' lang='lat'><strong>350.</strong></span> 
     </span>
    </p>
   </div>
   <div class='ocr_carea' id='block_1_8' title="bbox 566 4551 2957 4617">
    <p class='ocr_par' dir='ltr' id='par_1_14' title="bbox 566 4551 2957 4617">
     <span class='ocr_line' id='line_1_36' title="bbox 566 4551 2957 4617; baseline 0.001 -17"><span class='ocrx_word' id='word_1_257' title='bbox 566 4553 649 4601; x_wconf 88' lang='lat'><strong>50.</strong></span> <span class='ocrx_word' id='word_1_258' title='bbox 809 4551 991 4602; x_wconf 87' lang='lat' dir='ltr'><strong>Oritur</strong></span> <span class='ocrx_word' id='word_1_259' title='bbox 1028 4553 1268 4616; x_wconf 76' lang='lat' dir='ltr'><strong>quaestio</strong></span> <span class='ocrx_word' id='word_1_260' title='bbox 1309 4553 1373 4601; x_wconf 90' lang='lat' dir='ltr'><strong>de</strong></span> <span class='ocrx_word' id='word_1_261' title='bbox 1410 4552 1756 4617; x_wconf 87' lang='lat' dir='ltr'><strong>legalibus</strong></span> <span class='ocrx_word' id='word_1_262' title='bbox 1794 4553 2084 4603; x_wconf 83' lang='lat' dir='ltr'><strong>retinendis</strong></span> <span class='ocrx_word' id='word_1_263' title='bbox 2157 4593 2448 4605; x_wconf 92' lang='lat'><strong>.....</strong></span> <span class='ocrx_word' id='word_1_264' title='bbox 2833 4556 2957 4604; x_wconf 83' lang='lat'><strong>351.</strong></span> 
     </span>
    </p>
   </div>
   <div class='ocr_carea' id='block_1_9' title="bbox 3281 274 3285 1243">
    <p class='ocr_par' dir='ltr' id='par_1_15' title="bbox 3281 274 3285 1243">
     <span class='ocr_line' id='line_1_37' title="bbox 3281 274 3285 1243; baseline 0 0"><span class='ocrx_word' id='word_1_265' title='bbox 3281 274 3285 1243; x_wconf 95' lang='lat' dir='ltr'><strong> </strong></span> 
     </span>
    </p>
   </div>
  </div>
 </body>
</html>
