3309 5300
24 4988 26 4990 —
23 4954 30 4968 A·
24 4928 26 4937 -
23 4780 31 4911 Δ--υ--ι--ι--Ᾰ-
23 4639 31 4767 ,τι-ιιι-
22 4433 32 4624 ..an-..-m
23 4267 31 4416 «noer—0
23 4100 31 4222 ..ιω-’.ι

578 391 703 457 166
1286 404 1521 446 comment.
1552 403 1607 445 de
1624 404 1677 448 S.
1699 403 1858 454 script.
1887 416 1983 456 cap.
2011 415 2101 445 sec.
2127 403 2257 445 tract.
2286 404 2342 444 11.

574 685 633 762 ἓ.
668 685 769 748 76.
814 680 1253 765 Exponitur
1287 681 1720 746 auctoritas
1760 703 1909 767 qua
1948 681 2132 746 olim
2162 680 2809 767 pollebat-versio
2844 689 2984 744 τῶν
3033 684 3084 742 ὁ.

782 877 987 934 Versio
1044 878 1152 932 τῶν
1214 875 1243 932 ὁ
1302 877 1443 935 olim
1503 897 1563 933 m
1576 897 1611 934 a
1622 878 1697 934 xi
1711 898 1770 934 m
1783 897 1818 934 a
1878 877 2135 953 pollebat
2167 939 2172 946 ‚
2195 899 2230 936 a
2241 898 2281 934 u
2295 897 2325 935 c
2337 882 2403 935 to
2416 878 2480 935 ri
2498 882 2525 936 t
2535 898 2570 934 a
2581 882 2608 936 t
2620 898 2669 936 e.
2744 877 3088 936 Enimvero

542 985 799 1040 ·certum
828 985 932 1053 est,
965 985 1190 1042 veteres
1220 981 1509 1039 Ecclesiae
1541 981 1809 1056 priorum
1838 983 2198 1040 saeculorum
2227 1002 2274 1040 s.
2299 983 2506 1040 Patres
2537 987 2597 1040 et
2621 982 2956 1058 Scriptores
2983 1001 3038 1036 e.
3066 977 3085 1016 ¹

576 1117 659 1126 ——
692 1086 885 1142 demto
915 1085 1228 1160 Origene
1259 1090 1318 1143 et
1346 1087 1402 1142 d.
1429 1084 1882 1162 Hieronymo
1913 1119 1997 1126 —-
2021 1087 2174 1143 hanc
2203 1085 2750 1162 interpretationem
2772 1089 2846 1148 ob
2878 1085 3086 1143 credi-

577 1194 698 1247 tam
744 1188 911 1245 illam
963 1191 1339 1246 Aristeanam
1388 1189 1684 1262 fabulam,
1742 1191 2044 1248 innocenti
2098 1209 2292 1248 errore
2353 1191 2680 1249 divinam
2729 1196 2790 1249 et
2833 1191 2913 1248 in
2931 1189 3086 1265 spi-

576 1297 807 1351 ratam
867 1294 1155 1350 habuisse.
1231 1294 1373 1350 Fuit
1432 1313 1637 1367 graeca
1687 1295 1795 1348 τῶν
1847 1291 1876 1349 ό
1928 1295 2322 1369 interpretum
2379 1295 2707 1367 translatiO,
2764 1295 3082 1352 Ecclesiae

576 1398 853 1475 antiquae
899 1416 1002 1472 per
1048 1396 1275 1478 aliquot
1320 1398 1549 1456 saecula
1592 1397 1993 1456 Revelationis
2041 1397 2296 1456 Divinae
2343 1401 2450 1456 sub
2497 1399 2846 1458 Oeconomia
2891 1399 2973 1456 V.
3011 1398 3085 1454 T.

575 1503 761 1559 factae
791 1503 1035 1559 unicum
1073 1503 1527 1580 documentum,
1557 1500 2062 1579 Evangelicaeque
2108 1502 2257 1559 lucis
2302 1523 2334 1560 e
2374 1504 2775 1578 penetralibus
2809 1503 2850 1560 J
2849 1504 3087 1560 udaeae

576 1605 848 1680 gentibus
900 1605 1178 1677 oriturae,
1233 1607 1564 1684 mundoque
1618 1605 1935 1662 affulsurae
1983 1605 2149 1683 quasi
2205 1626 2417 1665 aurora
2464 1609 2822 1682 praenuncia
2841 1603 2888 1664 2.
2959 1606 3084 1663 His

575 1709 727 1767 illud
784 1710 1113 1781 accedebat,
1176 1711 1331 1788 quod
1390 1709 1640 1784 gravius
1689 1715 1807 1767 est:
1869 1715 2100 1785 putasse
2151 1710 2210 1768 8.
2266 1711 2331 1768 P.
2397 1716 2456 1770 et
2515 1711 2574 1768 8.
2629 1712 2698 1770 Ε,
2762 1711 3087 1770 Christum

576 1814 948 1873 Servatorem
993 1818 1258 1872 nostrum
1272 1858 1286 1884 ‚
1342 1821 1517 1892 atque
1568 1814 1878 1890 Apostolos
1921 1814 2118 1872 LXX.
2172 1817 2522 1890 interpretes
2575 1815 2775 1882 sedulo
2829 1814 3085 1890 legisse3

578 1922 637 1976 et
680 1918 785 1976 ubi
832 1917 958 1976 loca
1002 1938 1032 1974 e
1063 1919 1134 1976 V.
1168 1919 1234 1976 Τ.
1282 1918 1558 1993 allegant,
1606 1937 1726 1976 non
1756 1918 1948 1994 ipsum
1980 1919 2237 1977 Textum
2267 1919 2674 1993 originarium,
2715 1922 2815 1978 sed
2845 1921 3084 1978 versio-

578 2043 713 2080 nem
755 2024 863 2079 τῶν
902 2023 1099 2080 LXX.
1148 2023 1376 2082 adiisse.
1426 2023 1499 2081 Id
1542 2042 1681 2080 sane
1725 2024 1880 2098 apud
1925 2042 2164 2083 coaevos
2198 2016 2340 2083 'suos
2387 2024 2541 2082 tanti
2587 2025 2862 2100 ponderis
2892 2023 3088 2082 fuisse

577 2126 733 2187 vidit
778 2128 834 2184 d.
876 2126 1303 2204 Hieronymus3
1350 2133 1419 2184 ut
1463 2127 1910 2186 translationem
1953 2147 2122 2185 suam
2167 2127 2458 2186 Hebraico
2503 2148 2534 2186 e
2565 2129 2759 2186 Textu
2798 2128 3086 2187 vindica-

577 2235 747 2288 turus
763 2275 777 2303 ‚
832 2232 993 2288 haud
1036 2232 1125 2290 ita
1177 2235 1401 2289 certum
1444 2231 1622 2290 fuisse
1671 2233 1861 2289 dicat:
1917 2231 2220 2290 Christum
2269 2237 2329 2290 et
2373 2232 2681 2308 Apostolos
2729 2231 3086 2290 testimonia

576 2334 635 2392 S.
670 2334 1112 2411 Scripturarum
1161 2356 1237 2393 ex
1283 2335 1479 2393 LXX.
1532 2337 2033 2412 Interpretatione
2083 2336 2378 2406 recitasse3
2427 2357 2560 2394 cum
2603 2357 2678 2394 ex
2723 2337 2792 2394 V.
2827 2337 2898 2394 T.
2933 2335 3088 2394 locis

576 2459 724 2516 quae
776 2439 843 2497 in
890 2440 968 2497 N.
1021 2439 1088 2497 T.
1136 2439 1480 2511 laudantur,
1545 2441 1718 2516 plura
1772 2441 1886 2498 sibi
1940 2441 2287 2500 viderentur
2339 2460 2474 2498 cum
2527 2441 2818 2500 Hebraico
2875 2440 3087 2498 Textu

577 2544 763 2618 magis
777 2588 792 2615 ,
840 2563 1019 2620 quam
1072 2563 1207 2601 cum
1252 2544 1607 2603 Graecorum
1660 2545 2099 2604 elucubratione
2151 2546 2466 2604 convenire
2489 2542 2530 2602 3.
2571 2544 2827 2624 {Mansit
2875 2549 3091 2602 tamen

750 2746 757 2751 ¹
790 2760 826 2825 1)
864 2760 1022 2827 Apud
1060 2758 1115 2811 8.
1150 2761 1508 2823 Justinum,
1545 2760 1701 2826 Apol.
1737 2762 1782 2823 Ι,
1808 2762 1891 2810 31.
1927 2778 1977 2826 p.
2007 2762 2086 2811 76.
2115 2776 2160 2809 s.
2201 2758 2255 2809 S.
2292 2759 2660 2823 Irenaeum,
2697 2760 2820 2810 adv.
2859 2759 3084 2809 haeres.

576 2846 673 2896 III.
712 2848 795 2908 21,
834 2849 881 2897 2.
927 2864 979 2913 Ρ.
1018 2849 1135 2897 533.
1192 2846 1590 2897 Clementem
1626 2847 1726 2909 Al„
1763 2848 1798 2897 l.
1838 2864 1882 2897 c.
1935 2848 1987 2898 S.
2028 2846 2344 2912 Cyrillum
2391 2847 2558 2908 Hier„
2608 2846 2810 2896 catech.
2850 2847 2951 2909 IV,
2995 2848 3083 2895 34.

576 2949 628 2999 p.
666 2935 749 2983 68.
806 2932 858 2983 8.
896 2933 1326 2997 Ambrosium,
1374 2934 1765 2996 Hexaemeron‚
1808 2934 1906 2996 III,
1946 2935 1993 2983 5.
2031 2951 2082 2999 p.
2122 2935 2204 2983 51.
2263 2933 2315 2984 8.
2354 2933 2710 2996 Hilarium,
2763 2933 2902 2999 prol.
2947 2934 3009 2982 in
3045 2933 3082 2981 l.

577 3020 775 3082 Psalm,
824 3036 875 3069 n.
914 3021 963 3069 8.
1000 3020 1069 3083 Π,
1108 3022 1226 3071 217.
1282 3018 1335 3069 8.
1373 3020 1838 3086 Epiphaniam,
1887 3021 1953 3070 de
1999 3036 2164 3070 mens.
2214 3025 2268 3069 et
2314 3019 2476 3085 pond.
2513 3036 2565 3069 n.
2605 3020 2654 3069 2.
2691 3022 2739 3069 3.
2776 3037 2830 3086 p.
2873 3021 3001 3070 160.
3041 3034 3084 3069 8.

580 3106 633 3157 8.
672 3107 1135 3172 Augustinum,
1175 3107 1240 3156 de
1279 3107 1393 3157 Civ.
1425 3108 1544 3157 Dei.
1580 3108 1778 3171 XVIII,
1815 3109 1900 3157 44.
1937 3124 1989 3173 p.
2028 3108 2146 3157 291.
2185 3107 2250 3156 de
2288 3107 2452 3157 doctr.
2491 3106 2600 3156 chr.
2637 3106 2730 3169 IV,
2771 3109 2818 3157 7.
2857 3124 2911 3172 p.
2959 3108 3081 3157 126.

579 3193 1083 3257 Theodoretum,
1123 3194 1348 3259 praefat.
1385 3195 1442 3242 in
1478 3193 1675 3243 Psalm.
1701 3195 1742 3243 Ι.
1770 3196 1818 3255 6,
1846 3196 1964 3244 605.
1996 3210 2037 3244 s.
2087 3194 2202 3243 Imo
2239 3192 2294 3243 id
2330 3195 2505 3259 ipsum
2543 3193 2778 3243 decrevit
2815 3193 3086 3259 quodam-

580 3280 739 3330 modo
776 3278 1111 3331 Justinianus
1149 3280 1461 3346 Imperator,
1488 3280 1697 3329 Novell.
1728 3282 1843 3330 146.
1906 3280 1948 3344 ²)
1990 3281 2159 3341 „Nam
2185 3296 2318 3343 cum·
2341 3280 2471 3337 felix
2505 3280 2640 3329 illud
2664 3284 2874 3345 tempus
2912 3280 3087 3329 insta-

490 3394 502 3406 ·
579 3371 685 3428 ret,
734 3367 909 3432 inquit
949 3366 1089 3416 belle
1126 3366 1426 3429 Eusebius,
1476 3367 1668 3432 Praep.
1721 3381 1908 3431 evang.
1946 3366 2093 3428 VIII,
2134 3368 2181 3418 1.
2231 3366 2314 3416 ed.
2350 3366 2653 3415 Heinichen
2687 3382 2738 3431 p.
2774 3368 2922 3428 363„
2979 3382 3087 3431 quo

581 3453 829 3503 salut-aris
877 3452 1035 3503 huius
1086 3453 1381 3503 Servatoris
1430 3455 1597 3503 nostri
1647 3451 1920 3503 doctrinae
1968 3453 2062 3502 lux
2111 3453 2210 3503 sub
2247 3453 2502 3502 Romanis
2550 3452 2988 3518 Imperatoribus
3032 3454 3087 3501 in

582 3543 804 3589 cunctos
840 3556 959 3589 sese
996 3539 1234 3589 homines
1270 3539 1433 3605 longo
1470 3539 1686 3605 lateque
1723 3538 2073 3589 diffunderet.
2096 3576 2108 3588 .
2133 3557 2174 3604 ‚3
2213 3540 2362 3589 Deus
2387 3538 2477 3589 ille
2504 3544 2772 3589 tantorum
2808 3540 3089 3589 bonorum

582 3631 785 3688 auctor,
825 3626 1037 3677 divinae
1074 3628 1331 3676 scientiae
1368 3629 1420 3676 vi
1456 3627 1692 3676 futurum
1728 3627 1979 3690 intuitu33
2017 3626 2277 3691 singulari
2309 3627 2417 3691 egit
2450 3626 2801 3692 providentia,
2839 3630 2902 3675 ut
2945 3642 3090 3691 quae

585 3712 651 3761 de
675 3716 899 3762 venturo
936 3712 1097 3779 paulo
1135 3718 1259 3779 post
1294 3714 1505 3779 generis
1529 3712 1748 3763 humani
1775 3712 2059 3763 Servatore
2079 3750 2092 3762 .
2114 3750 2126 3762 .
2147 3750 2160 3763 .
2190 3750 2203 3762 .
2232 3750 2244 3761 .
2271 3714 2546 3786 praedicta
2567 3715 2675 3763 iam
2711 3712 2840 3763 olim
2878 3719 3087 3775 essent,

582 3814 647 3849 ea
704 3799 913 3849 demum
977 3805 1231 3851 accurata
1292 3801 1649 3865 explicatione
1710 3800 1980 3866 patefacta
1993 3837 2006 3863 ,
2069 3804 2380 3850 cunctorum
2437 3801 2495 3849 in
2549 3799 2722 3849 lucem
2774 3802 3085 3849 venirent.“

584 3885 624 3949 3)
668 3884 747 3934 Cf.
783 3886 951 3951 praef.
990 3886 1059 3936 ad
1095 3888 1246 3936 Pent.
1284 3892 1338 3937 et
1383 3887 1450 3936 ad
1496 3887 1616 3937 libr.
1668 3886 1988 3953 Paralipom.
2027 3888 2090 3936 V.
2126 3887 2197 3936 H.
2233 3886 2296 3935 R.
2333 3886 2402 3935 D.
2439 3886 2504 3935 N.
2542 3887 2604 3936 T.
2641 3904 2694 3952 p.
2733 3888 2854 3937 296.
2919 3886 3088 3937 Unde

580 3973 637 4021 in
664 3973 907 4023 omnibus
937 3989 1075 4038 pene
1100 3973 1487 4039 Prophetarum
1526 3975 1916 4024 commentariis
1944 3975 2241 4024 versionem
2265 3972 2429 4023 LXX.
2455 3973 2677 4023 viralem
2704 3973 3089 4039 reprehendit:

583 4074 709 4107 nam
747 4060 803 4107 in
840 4076 947 4109 uno
986 4060 1099 4109 solo
1136 4060 1194 4109 in
1229 4060 1469 4109 Jesaiam
1507 4059 1896 4110 Commentario
1935 4060 2064 4109 dicit
2098 4060 2267 4109 LXX.
2311 4059 2582 4110 addidisse
2621 4060 2824 4125 aliquid
2861 4061 2923 4109 in
2965 4076 3089 4126 cap.

586 4150 667 4207 10,
708 4146 791 4195 28.
826 4148 912 4196 29.
949 4146 1041 4208 IV,
1083 4148 1227 4211 153.;
1285 4147 1544 4197 ademisse
1592 4162 1638 4197 c.
1678 4150 1726 4209 2,
1778 4149 1862 4197 20.
1910 4164 1962 4212 Ρ.
2000 4148 2112 4211 43.3
2169 4151 2403 4198 mutasse
2441 4162 2486 4195 c.
2535 4148 2582 4209 9,
2637 4148 2715 4195 15.
2753 4162 2793 4196 s.
2833 4164 2888 4213 p.
2936 4150 3086 4209 139.;

585 4237 905 4282 extenuasse
942 4234 1376 4298 subvertisseque
1412 4233 1704 4283 fortissima
1741 4238 1930 4283 contra
1964 4232 2204 4283 Judaeos
2242 4234 2552 4283 testimonia
2587 4248 2631 4282 c.
2657 4235 2741 4295 49,
2767 4236 2816 4282 5.
2845 4250 2898 4299 Ρ.
2929 4235 3084 4297 564.;

582 4320 860 4368 miscuisse
909 4318 1065 4384 plura
1100 4318 1370 4369 vocabula
1415 4320 1471 4368 in
1518 4336 1685 4369 unum
1731 4336 1775 4369 c.
1813 4321 1897 4381 37,
1935 4322 1985 4370 8.
2021 4337 2072 4385 Ρ.
2110 4322 2258 4383 460.;
2297 4319 2552 4385 deceptos
2587 4320 2754 4370 fuisse
2789 4320 3084 4370 literarum

584 4404 925 4455 similitudine
960 4413 983 4450 ἰ
1022 4410 1075 4455 et
1106 4414 1135 4451 Ἴ
1171 4422 1215 4455 c.
1242 4408 1291 4468 8,
1321 4408 1370 4456 9.
1403 4424 1455 4472 Ρ.
1485 4409 1600 4456 120.
1636 4406 1811 4455 Multa
1836 4406 2074 4457 eiusdem
2098 4423 2140 4456 s.
2165 4406 2480 4470 Hieronymi
2504 4407 2644 4455 hane
2667 4406 2723 4455 in
2749 4410 3087 4457 sententiam

585 4493 783 4555 scripta
818 4494 1280 4557 pronunciataque
1318 4494 1624 4543 omittimus.
1689 4492 1768 4543 Cf.
1804 4494 2013 4543 interim
2051 4493 2290 4542 eiusdem
2327 4493 2394 4542 de
2431 4494 2630 4558 optimo
2669 4510 2869 4559 genere
2917 4482 3085 4544 inter-

584 4577 830 4642 pretandi
865 4594 946 4643 ep.
976 4579 1046 4628 ad
1068 4578 1467 4629 Pammachium
1492 4582 1574 4642 57,
1603 4582 1685 4629 11.
1711 4597 1762 4645 Ρ.
1789 4582 1906 4629 316.
1948 4580 2225 4645 „Longum
2261 4584 2343 4631 est
2378 4595 2521 4629 nunc
2558 4580 2837 4630 revolvere
2875 4586 3087 4647 quanta
