3309 5300
1282 411 1437 458 versio
1463 405 1563 458 τῶν
1594 412 1720 455 Lxx.
2623 393 2746 458 157

244 583 543 643 Onkeloso
574 591 663 644 est
690 584 992 658 utilitatis,
1038 587 1139 644 sed
1167 607 1281 644 usu
1320 588 1525 644 critico
1555 605 1675 644 non
1705 589 1884 644 caret'.
1930 585 2060 643 Etsi
2101 604 2240 644 vero
2271 586 2529 660 'Pargum
2566 587 2605 642 J
2606 605 2746 643 ona-

244 690 451 748 thanis
498 691 695 749 labem
744 693 1017 761 traxerit,
1072 691 1391 767 multiplex
1434 695 1631 748 tamen
1677 695 1767 748 est
1813 690 1938 748 eius
1990 689 2248 760 utilitas3
2305 710 2444 748 nam
2497 710 2573 748 ex
2621 691 2747 765 ipso

244 795 515 852 eruimus
565 815 778 854 vocum
824 795 1161 874 aliquarum
1208 795 1547 853 difficilium
1592 794 2069 868 significationes.
2129 795 2480 853 Obscuriora
2525 794 2747 851 Textus

246 898 585 972 originarii
616 919 750 958 cum
779 899 1045 957 illustrat
1072 903 1284 975 capita,
1334 918 1608 975 persaepe
1639 899 1834 973 aperit
1873 898 2144 975 antiquas
2175 899 2581 956 Hebraeorum
2619 899 2745 974 opi-

246 1003 458 1060 niones
488 1009 551 1062 et
580 1004 1058 1074 eonsuetudines3
1107 1003 1211 1081 qui
1242 1005 1315 1061 ad
1344 1003 1645 1078 angustias
1673 1003 1914 1074 redacti,
1956 1004 2082 1061 loca
2110 1004 2182 1060 de
2212 1003 2425 1060 Messia
2453 1005 2743 1073 sonantia,

246 1108 373 1164 suis
402 1110 698 1183 perversis
746 1107 1238 1184 explicationibus
1276 1107 1630 1165 Christianis
1677 1107 1902 1182 eripere
1947 1105 2244 1165 volebant.
2306 1106 2557 1184 Reliqua
2600 1107 2746 1168 Tar?

248 1213 482 1284 gumim
534 1218 758 1270 certare
809 1213 1067 1271 invicem
1110 1213 1181 1270 de
1224 1211 1587 1270 absurditate
1632 1211 1937 1282 videntum
1985 1211 2252 1268 omnium
2299 1231 2440 1270 vero
2486 1211 2744 1269 maxime

246 1314 497 1372 ridiculi
526 1320 669 1373 sunt
697 1315 1064 1374 Psalmorum
1094 1320 1155 1374 et
1181 1315 1639 1376 Proverbiorum
1671 1315 2027 1392 expositores
2051 1313 2089 1373 ¹.

246 1588 307 1665 ξ.
363 1589 468 1654 72.
545 1585 915 1651 Historia
968 1588 1048 1668 ,οἱ
1104 1587 1632 1664 Ἑβδομήπιφνται
1690 1585 1897 1672 apud
1951 1585 2343 1650 Aristeam
2399 1585 2746 1651 fabulam

1385 1699 1614 1785 sapit

470 1877 902 1955 Antiquissima
940 1877 997 1935 S.
1030 1877 1360 1935 Bibliorum
1398 1877 1625 1934 Veteris
1673 1876 2031 1935 Testamenti
2061 1877 2255 1935 versio
2285 1877 2507 1935 Graeca
2535 1897 2749 1935 nomen

250 1983 451 2039 traxit
502 2001 537 2038 a
580 1981 902 2057 praetensis
949 1983 1424 2057 septuaginta
1482 1987 1552 2039 et
1611 1981 1880 2038 duobus
1942 1981 2390 2057 interpretibus3
2451 1983 2550 2040 sed
2595 2001 2748 2040 com-

248 2087 462 2162 pendii
512 2105 703 2158 causa,
760 2091 1014 2144 assumto
1068 2106 1313 2143 numero
1366 2087 1637 2156 rotundO,
1691 2085 1908 2161 passim
1959 2085 2217 2144 Versio
2279 2087 2751 2162 septuaginta

247 2192 786 2267 interpretum,
834 2187 978 2246 κατὰ
1018 2186 1142 2258 τοὺς
1173 2186 1588 2266 ἑβδομήκοντας
1635 2192 1781 2247 item
1813 2189 2012 2248 LXX.
2046 2190 2255 2248 viralis
2283 2196 2343 2248 et
2369 2193 2477 2246 τῶν
2507 2190 2703 2248 LXX.
2725 2187 2752 2228 ²

250 2295 501 2353 dicitur.
548 2295 884 2353 Veterrima
920 2315 1074 2365 sane,
1109 2314 1257 2372 quae
1293 2296 1365 2352 de
1402 2295 1680 2352 Versione
1718 2294 1940 2352 Graeca
1982 2294 2042 2352 S.
2075 2294 2413 2352 Literarum
2459 2297 2747 2353 studiosos

248 2399 508 2456 instruit
538 2399 819 2470 narratio,
854 2399 1074 2474 scripta
1100 2403 1186 2456 est
1207 2399 1341 2456 illa:
1371 2418 1521 2476 quae
1550 2401 1660 2457 sub
1692 2399 1976 2469 Aristeae,
2009 2399 2247 2456 homine
2277 2403 2346 2456 ut
2375 2399 2578 2456 ferunt
2604 2400 2744 2456 Pto-

250 2503 481 2561 lemaeo
510 2503 904 2578 Philadelpho
948 2504 1177 2581 aequali
1216 2508 1277 2562 et
1314 2506 1473 2560 inter
1513 2503 1637 2561 eius
1678 2505 1891 2561 amicos
1931 2508 2214 2579 cooptato,
2270 2502 2504 2561 nomine
2548 2504 2744 2572 venit3

249 2627 435 2685 quem
464 2609 910 2667 commentarios
940 2610 1010 2667 de
1038 2609 1275 2667 Judaeis
1316 2609 1359 2667 i.
1391 2628 1441 2667 e.
1482 2629 1527 2667 s,
1560 2608 1813 2667 historia
1851 2608 2096 2666 edidisse
2138 2613 2366 2666 constat
2389 2605 2429 2665 3.
2477 2607 2750 2667 Habetur

250 2714 380 2769 eius
436 2714 509 2771 ad
558 2713 936 2772 Philocraten
954 2712 979 2751 4
1004 2700 1013 2707 ’
1034 2712 1303 2789 epistola,
1358 2732 1506 2791 quae
1562 2715 1795 2787 integra
1837 2714 1912 2771 ad
1958 2718 2218 2771 nostram
2271 2712 2613 2771 transmissa
2663 2717 2751 2770 est

250 2822 512 2875 aetatem
532 2816 575 2877 ⁵.
636 2818 877 2877 Summa
913 2820 1040 2877 eius
1068 2819 1185 2877 huc
1212 2818 1335 2875 fere
1364 2817 1548 2875 redit:
1597 2817 1933 2876 Demetrius
1973 2818 2308 2889 PhalereuS,
2349 2816 2748 2889 Bibliothecae

474 3008 511 3071 ¹)
547 3008 754 3056 Horum
789 3007 1280 3071 interpretationem
1316 3022 1346 3055 e
1370 3006 1617 3056 versione
1654 3004 1878 3070 Syriaca
1913 2980 2110 3055 factam
2141 3005 2526 3055 demonstravit
2548 3006 2742 3067 Dathe‚

254 3095 315 3142 in
356 3108 545 3159 opusc.
578 3110 630 3159 p.
660 3094 777 3143 107.
802 3110 844 3143 s.
899 3093 961 3142 In
996 3092 1383 3158 Hagiographa
1417 3092 1675 3157 pleraque
1709 3093 1962 3143 tribuitur
1995 3094 2232 3158 Tar-gum
2267 3092 2487 3157 aliquod
2510 3092 2748 3157 Josepho

252 3180 442 3242 lusco,
496 3196 652 3246 quem
693 3179 965 3230 Onkeloso
1015 3184 1070 3229 et
1104 3179 1410 3229 Jonathane
1457 3179 1620 3245 longe
1669 3181 1970 3246 sequiorem
2019 3179 2218 3230 habent
2266 3186 2320 3229 et
2363 3181 2747 3245 ineptissimum

254 3266 656 3318 translatorem.
705 3268 897 3317 Exstat
920 3268 1079 3317 etiam
1104 3267 1233 3317 satis
1269 3266 1533 3331 prolixum
1558 3267 1796 3332 Tar-gum
1820 3268 1877 3315 in
1903 3268 2140 3332 quinque
2174 3266 2468 3331 Megilloth,
2503 3268 2608 3316 imo
2643 3268 2748 3316 tria

254 3356 312 3403 in
352 3356 579 3403 Librum
612 3354 899 3416 Estherae,
948 3354 1277 3403 diversorum
1316 3357 1609 3403 auctorum.
1673 3353 1780 3403 Sed
1817 3355 1906 3403 vix
1951 3354 2117 3403 ullam
2153 3358 2429 3418 praestant
2465 3353 2745 3403 utilitatem

252 3447 475 3506 praeter
518 3442 843 3503 historicam,
893 3457 1014 3491 cum
1048 3442 1343 3491 sententias
1378 3445 1475 3490 aut
1510 3456 1767 3505 exegeses
1805 3441 2124 3506 synagogae
2161 3446 2214 3489 et
2249 3440 2561 3491 traditiones
2607 3456 2748 3490 com-

254 3530 410 3578 muni
442 3528 775 3578 Judaeorum
826 3528 1093 3593 applausu
1144 3532 1393 3592 exceptas
1442 3534 1679 3577 narrant.
1739 3528 1997 3577 Eiusdem
2033 3533 2094 3577 ut
2128 3528 2506 3593 praecedentia
2551 3526 2747 3575 indolis

254 3620 343 3665 est
390 3616 627 3680 Targnm
676 3616 731 3664 in
778 3616 971 3665 Libros
1020 3614 1421 3664 Chronicorum.
1490 3615 1726 3663 Primum
1775 3631 1806 3663 e
1853 3628 2013 3663 msso.
2061 3614 2416 3676 Erfordiensi,
2471 3614 2669 3663 editum
2717 3628 2752 3663 a

254 3702 330 3751 M.
356 3702 420 3751 F.
445 3702 669 3765 Beckio,
694 3702 831 3767 Aug.
856 3702 1013 3752 Vind.
1044 3704 1193 3751 1680.
1221 3706 1275 3749 et
1301 3703 1452 3751 1683.
1479 3704 1529 3751 2.
1554 3702 1662 3751 vol.
1687 3716 1864 3752 accur.
1903 3716 1938 3751 a
1971 3703 2040 3751 D.
2065 3701 2313 3764 wilkins,
2350 3700 2568 3751 Amstel.
2596 3702 2748 3751 1715.

258 3790 372 3839 Diu
426 3796 553 3854 post
606 3794 849 3855 tempora
898 3787 1160 3839 Onkelosi
1210 3794 1263 3837 et
1310 3788 1631 3839 Jonathanis
1680 3788 1816 3838 illud
1865 3789 2241 3838 concinnatum
2288 3788 2465 3853 prodit
2497 3788 2540 3837 L
2577 3788 2626 3849 5,
2668 3790 2750 3838 10.

256 3877 555 3927 nominatio
602 3884 801 3945 ‘magi-73
852 3876 971 3926 coll.
1018 3876 1181 3941 Targ.
1224 3876 1313 3926 Ps.
1350 3878 1435 3938 83,
1476 3878 1523 3925 ⁷.
1570 3876 1664 3925 ubi
1711 3882 1866 3943 ΟἯῌ]
1919 3875 2127 3940 legitur.
2199 3875 2533 3938 Frequenter
2585 3875 2748 3924 etiam

256 3986 483 4038 graecas
533 3987 695 4023 voees
748 3971 982 4021 adhibet.
1044 3970 1195 4021 Alias
1244 3971 1506 4021 editiones
1553 3986 1604 4019 v,
1654 3984 1742 4035 ap.
1780 3971 1982 4032 Winer,
2029 3969 2246 4019 Handb.
2297 3969 2390 4018 der
2437 3969 2596 4019 theol.
2643 3970 2748 4018 Lit.

258 4058 447 4124 Leipz.
488 4060 642 4108 1838.
690 4058 733 4119 1,
771 4059 855 4108 53.
928 4057 969 4121 ²)
1006 4054 1437 4122 Subintelligitur
1480 4058 1718 4106 virorum
1766 4057 1856 4107 vel
1906 4058 2256 4122 interpretum
2305 4057 2511 4108 dicitur.
2587 4055 2628 4119 ³)
2665 4056 2751 4104 Ex

258 4146 505 4207 Eusebii‚
544 4146 798 4211 Praepar.
835 4160 1027 4209 evang.
1057 4143 1093 4193 l.
1119 4144 1213 4193 IX.
1252 4160 1299 4194 c.
1324 4146 1407 4194 25.
1444 4144 1528 4193 ed.
1553 4144 1856 4195 Heiniehen
1889 4145 1960 4205 11,
1987 4147 2102 4208 323
2139 4145 2237 4195 sed
2271 4145 2376 4194 ista
2409 4143 2747 4209 paucissimis

258 4233 573 4297 fragmentis
611 4233 755 4297 apud
789 4232 1084 4282 Eusebium
1120 4232 1265 4293 VIII,
1303 4233 1351 4281 2.
1387 4232 1431 4293 1,
1470 4234 1585 4281 363.
1625 4248 1668 4281 s.
1707 4233 1932 4282 servatis
1969 4232 2173 4294 demtis,
2219 4232 2440 4297 periere.
2513 4231 2556 4295 ⁴)
2593 4230 2749 4295 Apud

259 4318 575 4385 scoepbam,
612 4320 791 4385 Antiq.
816 4319 936 4381 XII,
963 4322 1013 4369 2.
1038 4319 1079 4381 1,
1106 4320 1225 4367 585.
1262 4320 1551 4383 reperitur3
1588 4334 1689 4367 nec
1714 4317 1926 4367 Philoni
1948 4333 2168 4384 prorsus
2201 4320 2386 4384 ignota
2420 4316 2536 4366 fuit.
2575 4316 2656 4366 cf.
2683 4316 2749 4365 de

260 4406 371 4456 vita
406 4407 613 4470 Moysis
648 4406 684 4455 l.
708 4406 778 4455 Π.
815 4408 863 4467 6,
900 4408 947 4455 7.
982 4422 1036 4471 p.
1072 4407 1189 4455 660.
1254 4406 1297 4469 ⁵)
1336 4404 1660 4470 Saepissime
1697 4419 1896 4455 excusa
1930 4404 2138 4470 legitur.
2201 4404 2282 4453 cf.
2317 4404 2570 4465 Fabricii,
2608 4402 2748 4452 Bibl.

265 4492 352 4542 Gr.
390 4492 490 4554 111,
524 4494 644 4542 661.
703 4492 989 4557 Integram,
1037 4492 1280 4541 subnexa
1314 4492 1754 4556 interpretatione
1791 4491 1975 4554 latina,
2012 4491 2047 4541 l.
2084 4491 2152 4541 de
2186 4490 2481 4541 Bibliorum
2515 4490 2750 4539 textibus

266 4580 397 4647 orig.
434 4581 713 4645 praemisit
746 4580 815 4629 H.
854 4580 1136 4641 HodiuS,
1174 4596 1217 4629 s.
1254 4596 1301 4629 c..
1339 4597 1391 4645 p.
1433 4582 1476 4627 1.
1516 4596 1560 4629 s.
