<?xml version="1.0" encoding="UTF-8"?>
<!DOCTYPE html PUBLIC "-//W3C//DTD XHTML 1.0 Transitional//EN"
    "http://www.w3.org/TR/xhtml1/DTD/xhtml1-transitional.dtd">
<html xmlns="http://www.w3.org/1999/xhtml" xml:lang="en" lang="en">
 <head>
  <title>
</title>
<meta http-equiv="Content-Type" content="text/html;charset=utf-8" />
  <meta name='ocr-system' content='tesseract 3.04.00' />
  <meta name='ocr-capabilities' content='ocr_page ocr_carea ocr_par ocr_line ocrx_word'/>
</head>
<body>
  <div class='ocr_page' id='page_1' title='image "./historiarevelat02dankgoog_0063.png"; bbox 0 0 3309 5300; ppageno 0'>
   <div class='ocr_carea' id='block_1_1' title="bbox 1097 447 2749 511">
    <p class='ocr_par' dir='ltr' id='par_1_1' title="bbox 1097 447 2749 511">
     <span class='ocr_line' id='line_1_1' title="bbox 1097 447 2749 511; baseline -0.002 -12"><span class='ocrx_word' id='word_1_1' title='bbox 1097 460 1160 499; x_wconf 72' lang='lat' dir='ltr'>ne</span> <span class='ocrx_word' id='word_1_2' title='bbox 1189 459 1358 501; x_wconf 67' lang='lat' dir='ltr'>enmono</span> <span class='ocrx_word' id='word_1_3' title='bbox 1385 460 1428 501; x_wconf 90' lang='lat' dir='ltr'>s.</span> <span class='ocrx_word' id='word_1_4' title='bbox 1456 460 1621 500; x_wconf 83' lang='lat' dir='ltr'>Libror.</span> <span class='ocrx_word' id='word_1_5' title='bbox 1654 460 1765 501; x_wconf 74' lang='lat' dir='ltr'>Nov.</span> <span class='ocrx_word' id='word_1_6' title='bbox 1796 460 1920 499; x_wconf 73' lang='lat' dir='ltr'>rest.</span> <span class='ocrx_word' id='word_1_7' title='bbox 2667 447 2749 511; x_wconf 87' lang='lat'>41</span> 
     </span>
    </p>
   </div>
   <div class='ocr_carea' id='block_1_2' title="bbox 247 738 2751 918">
    <p class='ocr_par' dir='ltr' id='par_1_2' title="bbox 247 738 2751 918">
     <span class='ocr_line' id='line_1_2' title="bbox 247 738 2751 825; baseline -0.001 -21"><span class='ocrx_word' id='word_1_8' title='bbox 247 742 306 821; x_wconf 66' lang='grc' dir='ltr'><strong>ἓ.</strong></span> <span class='ocrx_word' id='word_1_9' title='bbox 343 744 450 808; x_wconf 85' lang='grc'>12.</span> <span class='ocrx_word' id='word_1_10' title='bbox 513 740 1014 825; x_wconf 85' lang='grc'><strong>1)10(1111111111</strong></span> <span class='ocrx_word' id='word_1_11' title='bbox 1056 748 1311 803; x_wconf 88' lang='lat' dir='ltr'>utrum</span> <span class='ocrx_word' id='word_1_12' title='bbox 1357 738 1623 823; x_wconf 89' lang='lat' dir='ltr'>aliqua</span> <span class='ocrx_word' id='word_1_13' title='bbox 1670 738 2032 823; x_wconf 89' lang='lat' dir='ltr'>Synodus</span> <span class='ocrx_word' id='word_1_14' title='bbox 2080 739 2611 803; x_wconf 87' lang='lat' dir='ltr'>Oecumenica</span> <span class='ocrx_word' id='word_1_15' title='bbox 2658 738 2751 803; x_wconf 88' lang='lat' dir='ltr'>de</span> 
     </span>
     <span class='ocr_line' id='line_1_3' title="bbox 706 848 2311 918; baseline -0.001 -2"><span class='ocrx_word' id='word_1_16' title='bbox 706 851 1023 917; x_wconf 87' lang='lat' dir='ltr'>Canone</span> <span class='ocrx_word' id='word_1_17' title='bbox 1070 850 1484 915; x_wconf 90' lang='lat' dir='ltr'>Librorum</span> <span class='ocrx_word' id='word_1_18' title='bbox 1531 848 1598 914; x_wconf 83' lang='lat' dir='ltr'>S.</span> <span class='ocrx_word' id='word_1_19' title='bbox 1644 850 1725 918; x_wconf 78' lang='lat' dir='ltr'>N,</span> <span class='ocrx_word' id='word_1_20' title='bbox 1774 849 1849 912; x_wconf 88' lang='lat' dir='ltr'>T.</span> <span class='ocrx_word' id='word_1_21' title='bbox 1900 852 2311 916; x_wconf 77' lang='lat' dir='ltr'>statuerit?</span> 
     </span>
    </p>
   </div>
   <div class='ocr_carea' id='block_1_3' title="bbox 249 1047 2753 2904">
    <p class='ocr_par' dir='ltr' id='par_1_3' title="bbox 249 1047 2753 2904">
     <span class='ocr_line' id='line_1_4' title="bbox 463 1047 2743 1125; baseline -0 -18"><span class='ocrx_word' id='word_1_22' title='bbox 463 1047 718 1107; x_wconf 83' lang='lat' dir='ltr'><strong>Nonnisi</strong></span> <span class='ocrx_word' id='word_1_23' title='bbox 741 1068 848 1124; x_wconf 91' lang='lat' dir='ltr'>per</span> <span class='ocrx_word' id='word_1_24' title='bbox 869 1048 1158 1107; x_wconf 76' lang='lat' dir='ltr'>Ecclesiae</span> <span class='ocrx_word' id='word_1_25' title='bbox 1181 1048 1467 1107; x_wconf 88' lang='lat' dir='ltr'>iudicium</span> <span class='ocrx_word' id='word_1_26' title='bbox 1489 1052 1714 1106; x_wconf 90' lang='lat' dir='ltr'>certum</span> <span class='ocrx_word' id='word_1_27' title='bbox 1737 1066 1882 1105; x_wconf 89' lang='lat' dir='ltr'>esse:</span> <span class='ocrx_word' id='word_1_28' title='bbox 1907 1049 2150 1125; x_wconf 87' lang='lat' dir='ltr'><strong>quinam</strong></span> <span class='ocrx_word' id='word_1_29' title='bbox 2172 1050 2295 1106; x_wconf 88' lang='lat' dir='ltr'>sint</span> <span class='ocrx_word' id='word_1_30' title='bbox 2316 1048 2485 1107; x_wconf 84' lang='lat' dir='ltr'>Libri</span> <span class='ocrx_word' id='word_1_31' title='bbox 2509 1048 2743 1121; x_wconf 87' lang='lat' dir='ltr'>Divini,</span> 
     </span>
     <span class='ocr_line' id='line_1_5' title="bbox 249 1150 2748 1228; baseline 0 -18"><span class='ocrx_word' id='word_1_32' title='bbox 249 1153 547 1211; x_wconf 88' lang='lat' dir='ltr'>catholica</span> <span class='ocrx_word' id='word_1_33' title='bbox 576 1153 716 1210; x_wconf 91' lang='lat' dir='ltr'>fides</span> <span class='ocrx_word' id='word_1_34' title='bbox 739 1153 1069 1211; x_wconf 88' lang='lat' dir='ltr'>confitetur.</span> <span class='ocrx_word' id='word_1_35' title='bbox 1102 1152 1230 1210; x_wconf 89' lang='lat' dir='ltr'>Etsi</span> <span class='ocrx_word' id='word_1_36' title='bbox 1261 1172 1400 1211; x_wconf 86' lang='lat' dir='ltr'>vero</span> <span class='ocrx_word' id='word_1_37' title='bbox 1426 1150 1444 1189; x_wconf 86' lang='lat'><strong>¹</strong></span> <span class='ocrx_word' id='word_1_38' title='bbox 1475 1152 1663 1211; x_wconf 89' lang='lat' dir='ltr'>altum</span> <span class='ocrx_word' id='word_1_39' title='bbox 1692 1152 1770 1210; x_wconf 90' lang='lat' dir='ltr'>sit</span> <span class='ocrx_word' id='word_1_40' title='bbox 1801 1153 1954 1227; x_wconf 89' lang='lat' dir='ltr'>apud</span> <span class='ocrx_word' id='word_1_41' title='bbox 1978 1172 2177 1210; x_wconf 90' lang='lat' dir='ltr'>omnes</span> <span class='ocrx_word' id='word_1_42' title='bbox 2207 1154 2532 1228; x_wconf 90' lang='lat' dir='ltr'>primorum</span> <span class='ocrx_word' id='word_1_43' title='bbox 2562 1155 2748 1212; x_wconf 91' lang='lat' dir='ltr'>trium</span> 
     </span>
     <span class='ocr_line' id='line_1_6' title="bbox 249 1254 2751 1336; baseline 0 -21"><span class='ocrx_word' id='word_1_44' title='bbox 249 1258 620 1315; x_wconf 85' lang='lat' dir='ltr'>saeculorum</span> <span class='ocrx_word' id='word_1_45' title='bbox 635 1254 661 1295; x_wconf 86' lang='lat'><strong>2</strong></span> <span class='ocrx_word' id='word_1_46' title='bbox 689 1258 1010 1329; x_wconf 89' lang='lat' dir='ltr'>silentium,</span> <span class='ocrx_word' id='word_1_47' title='bbox 1043 1258 1114 1314; x_wconf 93' lang='lat' dir='ltr'>de</span> <span class='ocrx_word' id='word_1_48' title='bbox 1145 1256 1251 1315; x_wconf 86' lang='lat' dir='ltr'>tali</span> <span class='ocrx_word' id='word_1_49' title='bbox 1283 1256 1518 1332; x_wconf 89' lang='lat' dir='ltr'>publica</span> <span class='ocrx_word' id='word_1_50' title='bbox 1547 1257 1645 1316; x_wconf 87' lang='lat' dir='ltr'>vel</span> <span class='ocrx_word' id='word_1_51' title='bbox 1675 1256 1953 1334; x_wconf 87' lang='lat' dir='ltr'>synodica</span> <span class='ocrx_word' id='word_1_52' title='bbox 1984 1256 2236 1336; x_wconf 88' lang='lat' dir='ltr'>Canonis</span> <span class='ocrx_word' id='word_1_53' title='bbox 2265 1258 2341 1314; x_wconf 80' lang='lat' dir='ltr'>N.</span> <span class='ocrx_word' id='word_1_54' title='bbox 2368 1258 2433 1314; x_wconf 89' lang='grc' dir='ltr'>Τ.</span> <span class='ocrx_word' id='word_1_55' title='bbox 2468 1278 2571 1332; x_wconf 91' lang='lat' dir='ltr'>per</span> <span class='ocrx_word' id='word_1_56' title='bbox 2600 1258 2751 1315; x_wconf 93' lang='lat' dir='ltr'>Con-</span> 
     </span>
     <span class='ocr_line' id='line_1_7' title="bbox 250 1361 2752 1439; baseline -0 -19"><span class='ocrx_word' id='word_1_57' title='bbox 250 1363 463 1421; x_wconf 89' lang='lat' dir='ltr'>cilium</span> <span class='ocrx_word' id='word_1_58' title='bbox 495 1362 729 1439; x_wconf 85' lang='lat' dir='ltr'>aliquod</span> <span class='ocrx_word' id='word_1_59' title='bbox 761 1364 938 1420; x_wconf 91' lang='lat' dir='ltr'>huius</span> <span class='ocrx_word' id='word_1_60' title='bbox 969 1362 1244 1437; x_wconf 87' lang='lat' dir='ltr'>temporis</span> <span class='ocrx_word' id='word_1_61' title='bbox 1273 1361 1612 1420; x_wconf 77' lang='lat' dir='ltr'>collectione</span> <span class='ocrx_word' id='word_1_62' title='bbox 1653 1367 1713 1419; x_wconf 90' lang='lat' dir='ltr'>et</span> <span class='ocrx_word' id='word_1_63' title='bbox 1755 1362 2247 1437; x_wconf 83' lang='lat' dir='ltr'>promulgatione3</span> <span class='ocrx_word' id='word_1_64' title='bbox 2289 1366 2488 1420; x_wconf 87' lang='lat' dir='ltr'>tamen</span> <span class='ocrx_word' id='word_1_65' title='bbox 2518 1382 2752 1421; x_wconf 78' lang='lat' dir='ltr'>concors</span> 
     </span>
     <span class='ocr_line' id='line_1_8' title="bbox 251 1462 2749 1548; baseline -0 -25"><span class='ocrx_word' id='word_1_66' title='bbox 251 1466 653 1524; x_wconf 82' lang='lat' dir='ltr'>Ecclesiamm</span> <span class='ocrx_word' id='word_1_67' title='bbox 695 1468 760 1523; x_wconf 90' lang='lat' dir='ltr'>in</span> <span class='ocrx_word' id='word_1_68' title='bbox 801 1467 912 1524; x_wconf 91' lang='lat' dir='ltr'>hoc</span> <span class='ocrx_word' id='word_1_69' title='bbox 950 1468 1184 1539; x_wconf 86' lang='lat' dir='ltr'>negotio</span> <span class='ocrx_word' id='word_1_70' title='bbox 1225 1466 1510 1548; x_wconf 86' lang='lat' dir='ltr'>iudicium</span> <span class='ocrx_word' id='word_1_71' title='bbox 1538 1462 1578 1536; x_wconf 88' lang='lat'>3,</span> <span class='ocrx_word' id='word_1_72' title='bbox 1625 1466 2039 1523; x_wconf 79' lang='lat' dir='ltr'>certitudinem</span> <span class='ocrx_word' id='word_1_73' title='bbox 2080 1465 2460 1523; x_wconf 79' lang='lat' dir='ltr'>infallibilem</span> <span class='ocrx_word' id='word_1_74' title='bbox 2498 1465 2749 1523; x_wconf 90' lang='lat' dir='ltr'>Canonis</span> 
     </span>
     <span class='ocr_line' id='line_1_9' title="bbox 252 1570 2752 1646; baseline -0 -19"><span class='ocrx_word' id='word_1_75' title='bbox 252 1572 332 1627; x_wconf 88' lang='lat' dir='ltr'>N.</span> <span class='ocrx_word' id='word_1_76' title='bbox 357 1571 426 1629; x_wconf 82' lang='lat' dir='ltr'>T.</span> <span class='ocrx_word' id='word_1_77' title='bbox 451 1572 694 1629; x_wconf 84' lang='lat' dir='ltr'>evincit.</span> <span class='ocrx_word' id='word_1_78' title='bbox 741 1571 894 1627; x_wconf 84' lang='lat' dir='ltr'>Nam</span> <span class='ocrx_word' id='word_1_79' title='bbox 925 1571 1029 1627; x_wconf 91' lang='lat' dir='ltr'>ubi</span> <span class='ocrx_word' id='word_1_80' title='bbox 1062 1571 1320 1629; x_wconf 89' lang='lat' dir='ltr'>nondum</span> <span class='ocrx_word' id='word_1_81' title='bbox 1345 1570 1543 1628; x_wconf 91' lang='lat' dir='ltr'>Canon</span> <span class='ocrx_word' id='word_1_82' title='bbox 1570 1570 1928 1629; x_wconf 84' lang='lat' dir='ltr'>Divinarum</span> <span class='ocrx_word' id='word_1_83' title='bbox 1952 1570 2391 1645; x_wconf 88' lang='lat' dir='ltr'>Scripturarum</span> <span class='ocrx_word' id='word_1_84' title='bbox 2420 1570 2752 1646; x_wconf 82' lang='lat' dir='ltr'>permixtus</span> 
     </span>
     <span class='ocr_line' id='line_1_10' title="bbox 251 1674 2751 1752; baseline -0.001 -20"><span class='ocrx_word' id='word_1_85' title='bbox 251 1675 464 1732; x_wconf 82' lang='lat' dir='ltr'>fuisset</span> <span class='ocrx_word' id='word_1_86' title='bbox 504 1674 906 1735; x_wconf 87' lang='lat' dir='ltr'>voluminibus</span> <span class='ocrx_word' id='word_1_87' title='bbox 943 1694 1064 1732; x_wconf 91' lang='lat' dir='ltr'>non</span> <span class='ocrx_word' id='word_1_88' title='bbox 1105 1676 1458 1732; x_wconf 83' lang='lat' dir='ltr'>authenticis</span> <span class='ocrx_word' id='word_1_89' title='bbox 1472 1720 1485 1745; x_wconf 91' lang='lat'>,</span> <span class='ocrx_word' id='word_1_90' title='bbox 1530 1694 1819 1752; x_wconf 89' lang='lat' dir='ltr'>peraequo</span> <span class='ocrx_word' id='word_1_91' title='bbox 1859 1675 1987 1732; x_wconf 92' lang='lat' dir='ltr'>iure</span> <span class='ocrx_word' id='word_1_92' title='bbox 2029 1674 2131 1733; x_wconf 89' lang='lat' dir='ltr'>ille</span> <span class='ocrx_word' id='word_1_93' title='bbox 2170 1675 2475 1732; x_wconf 86' lang='lat' dir='ltr'>dicebatur</span> <span class='ocrx_word' id='word_1_94' title='bbox 2515 1693 2634 1731; x_wconf 88' lang='lat' dir='ltr'>esse</span> <span class='ocrx_word' id='word_1_95' title='bbox 2676 1693 2751 1730; x_wconf 86' lang='lat' dir='ltr'>ex</span> 
     </span>
     <span class='ocr_line' id='line_1_11' title="bbox 255 1777 2750 1857; baseline -0 -21"><span class='ocrx_word' id='word_1_96' title='bbox 255 1780 491 1837; x_wconf 88' lang='lat' dir='ltr'>Canone</span> <span class='ocrx_word' id='word_1_97' title='bbox 520 1779 692 1850; x_wconf 87' lang='lat' dir='ltr'>liber,</span> <span class='ocrx_word' id='word_1_98' title='bbox 727 1782 831 1857; x_wconf 90' lang='lat' dir='ltr'>qui</span> <span class='ocrx_word' id='word_1_99' title='bbox 861 1780 925 1836; x_wconf 91' lang='lat' dir='ltr'>in</span> <span class='ocrx_word' id='word_1_100' title='bbox 957 1799 1022 1837; x_wconf 92' lang='lat' dir='ltr'>eo</span> <span class='ocrx_word' id='word_1_101' title='bbox 1053 1785 1180 1837; x_wconf 92' lang='lat' dir='ltr'>erat</span> <span class='ocrx_word' id='word_1_102' title='bbox 1201 1777 1243 1837; x_wconf 79' lang='lat'>4.</span> <span class='ocrx_word' id='word_1_103' title='bbox 1292 1782 1376 1837; x_wconf 91' lang='lat' dir='ltr'>At</span> <span class='ocrx_word' id='word_1_104' title='bbox 1405 1784 1712 1856; x_wconf 87' lang='lat' dir='ltr'>postquam</span> <span class='ocrx_word' id='word_1_105' title='bbox 1755 1780 2031 1851; x_wconf 87' lang='lat' dir='ltr'>nescitur,</span> <span class='ocrx_word' id='word_1_106' title='bbox 2075 1781 2287 1856; x_wconf 90' lang='lat' dir='ltr'>quibus</span> <span class='ocrx_word' id='word_1_107' title='bbox 2318 1779 2527 1849; x_wconf 89' lang='lat' dir='ltr'>initiis,</span> <span class='ocrx_word' id='word_1_108' title='bbox 2561 1797 2750 1855; x_wconf 87' lang='lat' dir='ltr'>quove</span> 
     </span>
     <span class='ocr_line' id='line_1_12' title="bbox 258 1882 2751 1960; baseline 0 -20"><span class='ocrx_word' id='word_1_109' title='bbox 258 1889 536 1959; x_wconf 87' lang='lat' dir='ltr'>tempore,</span> <span class='ocrx_word' id='word_1_110' title='bbox 571 1882 878 1941; x_wconf 90' lang='lat' dir='ltr'>Codicibus</span> <span class='ocrx_word' id='word_1_111' title='bbox 908 1904 953 1941; x_wconf 91' lang='lat' dir='ltr'>s.</span> <span class='ocrx_word' id='word_1_112' title='bbox 980 1885 1291 1959; x_wconf 85' lang='lat' dir='ltr'>superaddi</span> <span class='ocrx_word' id='word_1_113' title='bbox 1324 1903 1523 1958; x_wconf 87' lang='lat' dir='ltr'>cepere</span> <span class='ocrx_word' id='word_1_114' title='bbox 1555 1884 1658 1942; x_wconf 91' lang='lat' dir='ltr'>alii</span> <span class='ocrx_word' id='word_1_115' title='bbox 1691 1884 1849 1956; x_wconf 91' lang='lat' dir='ltr'>libri,</span> <span class='ocrx_word' id='word_1_116' title='bbox 1886 1888 1945 1941; x_wconf 92' lang='lat' dir='ltr'>et</span> <span class='ocrx_word' id='word_1_117' title='bbox 1967 1884 2203 1960; x_wconf 89' lang='lat' dir='ltr'>quidem</span> <span class='ocrx_word' id='word_1_118' title='bbox 2225 1903 2344 1941; x_wconf 91' lang='lat' dir='ltr'>non</span> <span class='ocrx_word' id='word_1_119' title='bbox 2366 1883 2554 1941; x_wconf 92' lang='lat' dir='ltr'>solum</span> <span class='ocrx_word' id='word_1_120' title='bbox 2576 1902 2751 1941; x_wconf 89' lang='lat' dir='ltr'>sanae</span> 
     </span>
     <span class='ocr_line' id='line_1_13' title="bbox 258 1986 2751 2064; baseline 0 -20"><span class='ocrx_word' id='word_1_121' title='bbox 258 1988 558 2045; x_wconf 87' lang='lat' dir='ltr'>doctrinae</span> <span class='ocrx_word' id='word_1_122' title='bbox 579 1986 634 2059; x_wconf 81' lang='lat'>53</span> <span class='ocrx_word' id='word_1_123' title='bbox 690 1990 790 2046; x_wconf 91' lang='lat' dir='ltr'>sed</span> <span class='ocrx_word' id='word_1_124' title='bbox 815 1988 994 2046; x_wconf 89' lang='lat' dir='ltr'>etiam</span> <span class='ocrx_word' id='word_1_125' title='bbox 1046 1990 1154 2047; x_wconf 93' lang='lat' dir='ltr'>sub</span> <span class='ocrx_word' id='word_1_126' title='bbox 1206 1988 1522 2064; x_wconf 89' lang='lat' dir='ltr'>praeclaris</span> <span class='ocrx_word' id='word_1_127' title='bbox 1575 1988 1913 2047; x_wconf 91' lang='lat' dir='ltr'>nominibus</span> <span class='ocrx_word' id='word_1_128' title='bbox 1964 1988 2311 2059; x_wconf 83' lang='lat' dir='ltr'>haereticae,</span> <span class='ocrx_word' id='word_1_129' title='bbox 2364 1988 2751 2045; x_wconf 83' lang='lat' dir='ltr'>heterodoxae</span> 
     </span>
     <span class='ocr_line' id='line_1_14' title="bbox 258 2092 2750 2170; baseline 0 -21"><span class='ocrx_word' id='word_1_130' title='bbox 258 2092 430 2149; x_wconf 88' lang='lat' dir='ltr'>fidei:</span> <span class='ocrx_word' id='word_1_131' title='bbox 477 2096 654 2170; x_wconf 80' lang='lat' dir='ltr'>atque</span> <span class='ocrx_word' id='word_1_132' title='bbox 698 2092 804 2151; x_wconf 87' lang='lat' dir='ltr'>alii</span> <span class='ocrx_word' id='word_1_133' title='bbox 843 2092 1004 2164; x_wconf 89' lang='lat' dir='ltr'>libri,</span> <span class='ocrx_word' id='word_1_134' title='bbox 1053 2093 1156 2170; x_wconf 91' lang='lat' dir='ltr'>qui</span> <span class='ocrx_word' id='word_1_135' title='bbox 1199 2098 1352 2151; x_wconf 89' lang='lat' dir='ltr'>certe</span> <span class='ocrx_word' id='word_1_136' title='bbox 1394 2097 1565 2151; x_wconf 84' lang='lat' dir='ltr'>erant</span> <span class='ocrx_word' id='word_1_137' title='bbox 1596 2092 1893 2163; x_wconf 85' lang='lat' dir='ltr'>Canonici,</span> <span class='ocrx_word' id='word_1_138' title='bbox 1940 2094 2064 2151; x_wconf 86' lang='lat' dir='ltr'>sive</span> <span class='ocrx_word' id='word_1_139' title='bbox 2094 2113 2171 2150; x_wconf 82' lang='lat' dir='ltr'>ex</span> <span class='ocrx_word' id='word_1_140' title='bbox 2202 2092 2433 2150; x_wconf 89' lang='lat' dir='ltr'>Canone</span> <span class='ocrx_word' id='word_1_141' title='bbox 2476 2092 2750 2149; x_wconf 87' lang='lat' dir='ltr'>exclude-</span> 
     </span>
     <span class='ocr_line' id='line_1_15' title="bbox 261 2195 2749 2273; baseline 0 -20"><span class='ocrx_word' id='word_1_142' title='bbox 261 2201 486 2268; x_wconf 85' lang='lat' dir='ltr'>rentur,</span> <span class='ocrx_word' id='word_1_143' title='bbox 521 2196 648 2255; x_wconf 86' lang='lat' dir='ltr'>sive</span> <span class='ocrx_word' id='word_1_144' title='bbox 678 2203 1194 2273; x_wconf 86' lang='lat' dir='ltr'>corrumperentur</span> <span class='ocrx_word' id='word_1_145' title='bbox 1209 2195 1261 2268; x_wconf 75' lang='lat'>⁶3</span> <span class='ocrx_word' id='word_1_146' title='bbox 1293 2199 1588 2272; x_wconf 87' lang='lat' dir='ltr'>imprimis</span> <span class='ocrx_word' id='word_1_147' title='bbox 1619 2202 2015 2273; x_wconf 90' lang='lat' dir='ltr'>opportunum</span> <span class='ocrx_word' id='word_1_148' title='bbox 2038 2199 2157 2254; x_wconf 89' lang='lat' dir='ltr'>imo</span> <span class='ocrx_word' id='word_1_149' title='bbox 2188 2198 2576 2254; x_wconf 89' lang='lat' dir='ltr'>necessarium</span> <span class='ocrx_word' id='word_1_150' title='bbox 2605 2196 2749 2253; x_wconf 86' lang='lat' dir='ltr'>fuit:</span> 
     </span>
     <span class='ocr_line' id='line_1_16' title="bbox 262 2300 2751 2377; baseline 0 -20"><span class='ocrx_word' id='word_1_151' title='bbox 262 2304 329 2357; x_wconf 90' lang='lat' dir='ltr'>ut</span> <span class='ocrx_word' id='word_1_152' title='bbox 377 2304 739 2358; x_wconf 86' lang='lat' dir='ltr'>statueretur</span> <span class='ocrx_word' id='word_1_153' title='bbox 789 2303 1026 2359; x_wconf 89' lang='lat' dir='ltr'>tandem</span> <span class='ocrx_word' id='word_1_154' title='bbox 1073 2304 1138 2359; x_wconf 92' lang='lat' dir='ltr'>in</span> <span class='ocrx_word' id='word_1_155' title='bbox 1182 2302 1442 2360; x_wconf 83' lang='lat' dir='ltr'>Ecclesia</span> <span class='ocrx_word' id='word_1_156' title='bbox 1495 2306 1654 2359; x_wconf 86' lang='lat' dir='ltr'>certa</span> <span class='ocrx_word' id='word_1_157' title='bbox 1706 2321 1773 2360; x_wconf 90' lang='lat' dir='ltr'>ac</span> <span class='ocrx_word' id='word_1_158' title='bbox 1825 2307 2113 2377; x_wconf 88' lang='lat' dir='ltr'>perpetua</span> <span class='ocrx_word' id='word_1_159' title='bbox 2153 2300 2403 2375; x_wconf 85' lang='lat' dir='ltr'>Regula,</span> <span class='ocrx_word' id='word_1_160' title='bbox 2460 2301 2532 2357; x_wconf 92' lang='lat' dir='ltr'>ad</span> <span class='ocrx_word' id='word_1_161' title='bbox 2584 2301 2751 2357; x_wconf 88' lang='lat' dir='ltr'>cuius</span> 
     </span>
     <span class='ocr_line' id='line_1_17' title="bbox 265 2402 2751 2485; baseline 0.001 -24"><span class='ocrx_word' id='word_1_162' title='bbox 265 2406 687 2481; x_wconf 88' lang='lat' dir='ltr'>praescriptum</span> <span class='ocrx_word' id='word_1_163' title='bbox 717 2406 960 2483; x_wconf 90' lang='lat' dir='ltr'>quisque</span> <span class='ocrx_word' id='word_1_164' title='bbox 990 2406 1362 2479; x_wconf 87' lang='lat' dir='ltr'>discerneret,</span> <span class='ocrx_word' id='word_1_165' title='bbox 1411 2407 1534 2485; x_wconf 93' lang='lat' dir='ltr'>qui</span> <span class='ocrx_word' id='word_1_166' title='bbox 1574 2406 1753 2465; x_wconf 89' lang='lat' dir='ltr'>libri</span> <span class='ocrx_word' id='word_1_167' title='bbox 1792 2406 2107 2466; x_wconf 86' lang='lat' dir='ltr'>Divinae</span> <span class='ocrx_word' id='word_1_168' title='bbox 2138 2405 2355 2483; x_wconf 87' lang='lat' dir='ltr'>quive</span> <span class='ocrx_word' id='word_1_169' title='bbox 2398 2402 2751 2463; x_wconf 86' lang='lat' dir='ltr'>humanae</span> 
     </span>
     <span class='ocr_line' id='line_1_18' title="bbox 266 2510 2749 2589; baseline 0 -24"><span class='ocrx_word' id='word_1_170' title='bbox 266 2510 744 2567; x_wconf 84' lang='lat' dir='ltr'>auctoritatis</span> <span class='ocrx_word' id='word_1_171' title='bbox 785 2510 1060 2568; x_wconf 85' lang='lat' dir='ltr'>essent?</span> <span class='ocrx_word' id='word_1_172' title='bbox 1099 2511 1220 2589; x_wconf 91' lang='lat' dir='ltr'>qui</span> <span class='ocrx_word' id='word_1_173' title='bbox 1261 2513 1570 2589; x_wconf 89' lang='lat' dir='ltr'>denique</span> <span class='ocrx_word' id='word_1_174' title='bbox 1609 2532 1731 2570; x_wconf 91' lang='lat' dir='ltr'>ceu</span> <span class='ocrx_word' id='word_1_175' title='bbox 1774 2511 2178 2588; x_wconf 87' lang='lat' dir='ltr'>apocryphi</span> <span class='ocrx_word' id='word_1_176' title='bbox 2220 2511 2507 2568; x_wconf 91' lang='lat' dir='ltr'>omnino</span> <span class='ocrx_word' id='word_1_177' title='bbox 2548 2529 2749 2584; x_wconf 88' lang='lat' dir='ltr'>repu-</span> 
     </span>
     <span class='ocr_line' id='line_1_19' title="bbox 271 2612 2752 2692; baseline -0 -21"><span class='ocrx_word' id='word_1_178' title='bbox 271 2613 520 2672; x_wconf 89' lang='lat' dir='ltr'>diandi</span> <span class='ocrx_word' id='word_1_179' title='bbox 561 2613 822 2674; x_wconf 89' lang='lat' dir='ltr'>forent.</span> <span class='ocrx_word' id='word_1_180' title='bbox 885 2615 1225 2674; x_wconf 84' lang='lat' dir='ltr'>Curandum</span> <span class='ocrx_word' id='word_1_181' title='bbox 1264 2617 1451 2691; x_wconf 85' lang='lat' dir='ltr'>igitur</span> <span class='ocrx_word' id='word_1_182' title='bbox 1481 2616 1615 2689; x_wconf 87' lang='lat' dir='ltr'>fuit,</span> <span class='ocrx_word' id='word_1_183' title='bbox 1658 2621 1729 2675; x_wconf 95' lang='lat' dir='ltr'>ut</span> <span class='ocrx_word' id='word_1_184' title='bbox 1758 2616 2035 2676; x_wconf 90' lang='lat' dir='ltr'>Canonici</span> <span class='ocrx_word' id='word_1_185' title='bbox 2067 2618 2139 2675; x_wconf 88' lang='lat' dir='ltr'>ab</span> <span class='ocrx_word' id='word_1_186' title='bbox 2170 2614 2535 2692; x_wconf 83' lang='lat' dir='ltr'>apocryphis,</span> <span class='ocrx_word' id='word_1_187' title='bbox 2577 2612 2752 2671; x_wconf 90' lang='lat' dir='ltr'>utiles</span> 
     </span>
     <span class='ocr_line' id='line_1_20' title="bbox 273 2717 2753 2795; baseline 0.001 -21"><span class='ocrx_word' id='word_1_188' title='bbox 273 2738 306 2775; x_wconf 89' lang='lat' dir='ltr'>a</span> <span class='ocrx_word' id='word_1_189' title='bbox 344 2720 540 2775; x_wconf 88' lang='lat' dir='ltr'>noxiis</span> <span class='ocrx_word' id='word_1_190' title='bbox 581 2719 769 2791; x_wconf 89' lang='lat' dir='ltr'>libris,</span> <span class='ocrx_word' id='word_1_191' title='bbox 816 2721 879 2777; x_wconf 94' lang='lat' dir='ltr'>in</span> <span class='ocrx_word' id='word_1_192' title='bbox 911 2720 1172 2778; x_wconf 88' lang='lat' dir='ltr'>Ecclesia</span> <span class='ocrx_word' id='word_1_193' title='bbox 1210 2726 1369 2778; x_wconf 84' lang='lat' dir='ltr'>certa</span> <span class='ocrx_word' id='word_1_194' title='bbox 1413 2723 1761 2780; x_wconf 89' lang='lat' dir='ltr'>auctoritate</span> <span class='ocrx_word' id='word_1_195' title='bbox 1804 2723 2273 2779; x_wconf 86' lang='lat' dir='ltr'>discernerentur</span> <span class='ocrx_word' id='word_1_196' title='bbox 2297 2717 2338 2778; x_wconf 83' lang='lat'>⁷.</span> <span class='ocrx_word' id='word_1_197' title='bbox 2400 2720 2603 2795; x_wconf 84' lang='lat' dir='ltr'>Neque</span> <span class='ocrx_word' id='word_1_198' title='bbox 2644 2719 2753 2776; x_wconf 91' lang='lat' dir='ltr'>hoc</span> 
     </span>
     <span class='ocr_line' id='line_1_21' title="bbox 281 2823 2749 2904; baseline 0 -25"><span class='ocrx_word' id='word_1_199' title='bbox 281 2824 522 2881; x_wconf 87' lang='lat' dir='ltr'>dubium</span> <span class='ocrx_word' id='word_1_200' title='bbox 553 2824 618 2880; x_wconf 94' lang='lat' dir='ltr'>in</span> <span class='ocrx_word' id='word_1_201' title='bbox 649 2843 714 2880; x_wconf 83' lang='lat' dir='ltr'>re</span> <span class='ocrx_word' id='word_1_202' title='bbox 744 2824 1076 2897; x_wconf 85' lang='lat' dir='ltr'>gravissimi</span> <span class='ocrx_word' id='word_1_203' title='bbox 1107 2825 1408 2897; x_wconf 89' lang='lat' dir='ltr'>momenti,</span> <span class='ocrx_word' id='word_1_204' title='bbox 1443 2845 1590 2904; x_wconf 89' lang='lat' dir='ltr'>quae</span> <span class='ocrx_word' id='word_1_205' title='bbox 1621 2830 1807 2884; x_wconf 90' lang='lat' dir='ltr'>totam</span> <span class='ocrx_word' id='word_1_206' title='bbox 1836 2825 2156 2883; x_wconf 87' lang='lat' dir='ltr'>Ecclesiam</span> <span class='ocrx_word' id='word_1_207' title='bbox 2184 2823 2463 2899; x_wconf 86' lang='lat' dir='ltr'>respexit,</span> <span class='ocrx_word' id='word_1_208' title='bbox 2502 2841 2749 2880; x_wconf 83' lang='lat' dir='ltr'>examen</span> 
     </span>
    </p>
   </div>
   <div class='ocr_carea' id='block_1_4' title="bbox 275 2995 678 3004">
    <p class='ocr_par' dir='ltr' id='par_1_4' title="bbox 275 2995 678 3004">
     <span class='ocr_line' id='line_1_22' title="bbox 275 2995 678 3004; baseline 0 2296"><span class='ocrx_word' id='word_1_209' title='bbox 275 2995 678 3004; x_wconf 95' lang='lat' dir='ltr'> </span> 
     </span>
    </p>
   </div>
   <div class='ocr_carea' id='block_1_5' title="bbox 270 3090 2751 3678">
    <p class='ocr_par' dir='ltr' id='par_1_5' title="bbox 270 3090 2751 3678">
     <span class='ocr_line' id='line_1_23' title="bbox 473 3090 2741 3157; baseline 0 -16"><span class='ocrx_word' id='word_1_210' title='bbox 473 3091 512 3156; x_wconf 86' lang='lat'>¹)</span> <span class='ocrx_word' id='word_1_211' title='bbox 560 3091 777 3141; x_wconf 85' lang='lat' dir='ltr'>Reiecto</span> <span class='ocrx_word' id='word_1_212' title='bbox 827 3091 1054 3139; x_wconf 89' lang='lat' dir='ltr'>omnium</span> <span class='ocrx_word' id='word_1_213' title='bbox 1077 3147 1082 3152; x_wconf 27' lang='lat'><strong>⁴</strong></span> <span class='ocrx_word' id='word_1_214' title='bbox 1103 3090 1300 3140; x_wconf 87' lang='lat' dir='ltr'>iudicio</span> <span class='ocrx_word' id='word_1_215' title='bbox 1350 3091 1488 3140; x_wconf 87' lang='grc'><strong>111101·</strong></span> <span class='ocrx_word' id='word_1_216' title='bbox 1536 3091 1871 3156; x_wconf 83' lang='lat' dir='ltr'>apocryphos</span> <span class='ocrx_word' id='word_1_217' title='bbox 1910 3091 2131 3141; x_wconf 87' lang='lat' dir='ltr'>Canone</span> <span class='ocrx_word' id='word_1_218' title='bbox 2167 3090 2401 3153; x_wconf 81' lang='lat' dir='ltr'>Biblieo,</span> <span class='ocrx_word' id='word_1_219' title='bbox 2452 3092 2543 3157; x_wconf 91' lang='lat' dir='ltr'>qui</span> <span class='ocrx_word' id='word_1_220' title='bbox 2578 3090 2741 3156; x_wconf 84' lang='lat' dir='ltr'>vulgo</span> 
     </span>
     <span class='ocr_line' id='line_1_24' title="bbox 270 3176 2749 3242; baseline -0 -14"><span class='ocrx_word' id='word_1_221' title='bbox 270 3177 571 3228; x_wconf 81' lang='lat' dir='ltr'>inscribitur</span> <span class='ocrx_word' id='word_1_222' title='bbox 605 3177 998 3242; x_wconf 82' lang='lat' dir='ltr'>Apostolorum,</span> <span class='ocrx_word' id='word_1_223' title='bbox 1035 3193 1093 3227; x_wconf 84' lang='lat' dir='ltr'>n.</span> <span class='ocrx_word' id='word_1_224' title='bbox 1115 3177 1356 3226; x_wconf 90' lang='lat' dir='ltr'><strong>LXXVI.</strong></span> <span class='ocrx_word' id='word_1_225' title='bbox 1396 3176 1624 3228; x_wconf 86' lang='lat' dir='ltr'>Coteler.</span> <span class='ocrx_word' id='word_1_226' title='bbox 1650 3177 1721 3240; x_wconf 89' lang='grc' dir='ltr'>ΙΙ,</span> <span class='ocrx_word' id='word_1_227' title='bbox 1748 3179 1867 3226; x_wconf 86' lang='grc'><strong>453.</strong></span> <span class='ocrx_word' id='word_1_228' title='bbox 1898 3179 1959 3227; x_wconf 89' lang='lat' dir='ltr'>V.</span> <span class='ocrx_word' id='word_1_229' title='bbox 1988 3177 2187 3227; x_wconf 87' lang='grc'><strong>00111111.</strong></span> <span class='ocrx_word' id='word_1_230' title='bbox 2214 3194 2265 3242; x_wconf 93' lang='lat' dir='ltr'>p.</span> <span class='ocrx_word' id='word_1_231' title='bbox 2294 3179 2375 3227; x_wconf 90' lang='grc'><strong>28.</strong></span> <span class='ocrx_word' id='word_1_232' title='bbox 2438 3177 2478 3241; x_wconf 81' lang='lat'>²)</span> <span class='ocrx_word' id='word_1_233' title='bbox 2515 3177 2749 3241; x_wconf 90' lang='lat' dir='ltr'>Illorum,</span> 
     </span>
     <span class='ocr_line' id='line_1_25' title="bbox 273 3263 2748 3331; baseline 0 -17"><span class='ocrx_word' id='word_1_234' title='bbox 273 3266 358 3330; x_wconf 92' lang='lat' dir='ltr'>qui</span> <span class='ocrx_word' id='word_1_235' title='bbox 393 3269 681 3331; x_wconf 82' lang='lat' dir='ltr'>supersunt</span> <span class='ocrx_word' id='word_1_236' title='bbox 714 3269 894 3314; x_wconf 86' lang='lat' dir='ltr'>testes.</span> <span class='ocrx_word' id='word_1_237' title='bbox 957 3263 996 3330; x_wconf 78' lang='grc'>3)</span> <span class='ocrx_word' id='word_1_238' title='bbox 1033 3264 1116 3313; x_wconf 90' lang='lat' dir='ltr'>Ad</span> <span class='ocrx_word' id='word_1_239' title='bbox 1154 3264 1298 3330; x_wconf 90' lang='lat' dir='ltr'>quod</span> <span class='ocrx_word' id='word_1_240' title='bbox 1333 3265 1438 3314; x_wconf 88' lang='lat' dir='ltr'>iam</span> <span class='ocrx_word' id='word_1_241' title='bbox 1466 3264 1726 3330; x_wconf 84' lang='lat' dir='ltr'>Origenes</span> <span class='ocrx_word' id='word_1_242' title='bbox 1764 3263 2039 3330; x_wconf 73' lang='lat' dir='ltr'>provocat‘</span> <span class='ocrx_word' id='word_1_243' title='bbox 2060 3264 2202 3330; x_wconf 86' lang='lat' dir='ltr'>apud</span> <span class='ocrx_word' id='word_1_244' title='bbox 2238 3264 2557 3328; x_wconf 66' lang='lat' dir='ltr'>Eusebium,</span> <span class='ocrx_word' id='word_1_245' title='bbox 2586 3265 2654 3314; x_wconf 90' lang='lat' dir='ltr'>H.</span> <span class='ocrx_word' id='word_1_246' title='bbox 2682 3266 2748 3314; x_wconf 89' lang='lat' dir='ltr'>E.</span> 
     </span>
     <span class='ocr_line' id='line_1_26' title="bbox 271 3349 2749 3418; baseline -0 -16"><span class='ocrx_word' id='word_1_247' title='bbox 271 3353 354 3414; x_wconf 86' lang='lat' dir='ltr'>VI,</span> <span class='ocrx_word' id='word_1_248' title='bbox 393 3354 474 3402; x_wconf 82' lang='lat'>25.</span> <span class='ocrx_word' id='word_1_249' title='bbox 511 3369 564 3416; x_wconf 90' lang='lat' dir='ltr'>p.</span> <span class='ocrx_word' id='word_1_250' title='bbox 603 3354 720 3401; x_wconf 85' lang='grc'><strong>227.</strong></span> <span class='ocrx_word' id='word_1_251' title='bbox 794 3349 834 3417; x_wconf 75' lang='lat'>⁴)</span> <span class='ocrx_word' id='word_1_252' title='bbox 871 3351 1060 3400; x_wconf 87' lang='lat' dir='ltr'>Adhuc</span> <span class='ocrx_word' id='word_1_253' title='bbox 1095 3352 1318 3416; x_wconf 87' lang='lat' dir='ltr'>proinde</span> <span class='ocrx_word' id='word_1_254' title='bbox 1355 3367 1489 3418; x_wconf 90' lang='lat' dir='ltr'>opus</span> <span class='ocrx_word' id='word_1_255' title='bbox 1526 3367 1634 3402; x_wconf 90' lang='lat' dir='ltr'>non</span> <span class='ocrx_word' id='word_1_256' title='bbox 1672 3352 1773 3402; x_wconf 87' lang='lat' dir='ltr'>fuit</span> <span class='ocrx_word' id='word_1_257' title='bbox 1809 3352 2123 3417; x_wconf 85' lang='lat' dir='ltr'>Catalogum</span> <span class='ocrx_word' id='word_1_258' title='bbox 2160 3353 2475 3401; x_wconf 82' lang='lat' dir='ltr'>Divinarum</span> <span class='ocrx_word' id='word_1_259' title='bbox 2514 3351 2749 3416; x_wconf 89' lang='lat' dir='ltr'>Scriptu-</span> 
     </span>
     <span class='ocr_line' id='line_1_27' title="bbox 271 3438 2751 3506; baseline 0 -18"><span class='ocrx_word' id='word_1_260' title='bbox 271 3455 440 3488; x_wconf 85' lang='lat' dir='ltr'>rarum</span> <span class='ocrx_word' id='word_1_261' title='bbox 475 3439 693 3503; x_wconf 89' lang='lat' dir='ltr'>publica</span> <span class='ocrx_word' id='word_1_262' title='bbox 729 3439 1044 3488; x_wconf 85' lang='lat' dir='ltr'>auctoritate</span> <span class='ocrx_word' id='word_1_263' title='bbox 1081 3439 1335 3488; x_wconf 88' lang='lat' dir='ltr'>stabilire.</span> <span class='ocrx_word' id='word_1_264' title='bbox 1410 3439 1448 3506; x_wconf 81' lang='lat'>⁵)</span> <span class='ocrx_word' id='word_1_265' title='bbox 1486 3440 1579 3489; x_wconf 89' lang='lat' dir='ltr'>Uti</span> <span class='ocrx_word' id='word_1_266' title='bbox 1616 3439 1875 3505; x_wconf 81' lang='lat' dir='ltr'>epistolae</span> <span class='ocrx_word' id='word_1_267' title='bbox 1912 3457 1952 3490; x_wconf 90' lang='lat' dir='ltr'>s.</span> <span class='ocrx_word' id='word_1_268' title='bbox 1990 3439 2276 3489; x_wconf 88' lang='lat' dir='ltr'>Clementis</span> <span class='ocrx_word' id='word_1_269' title='bbox 2312 3441 2465 3489; x_wconf 83' lang='lat' dir='ltr'>Rom.</span> <span class='ocrx_word' id='word_1_270' title='bbox 2534 3438 2575 3504; x_wconf 76' lang='lat'>⁶)</span> <span class='ocrx_word' id='word_1_271' title='bbox 2616 3439 2751 3490; x_wconf 84' lang='lat' dir='ltr'>Sunt</span> 
     </span>
     <span class='ocr_line' id='line_1_28' title="bbox 273 3525 2749 3591; baseline 0 -17"><span class='ocrx_word' id='word_1_272' title='bbox 273 3525 333 3574; x_wconf 85' lang='lat' dir='ltr'>de</span> <span class='ocrx_word' id='word_1_273' title='bbox 368 3525 471 3574; x_wconf 92' lang='lat' dir='ltr'>hoc</span> <span class='ocrx_word' id='word_1_274' title='bbox 505 3530 656 3574; x_wconf 87' lang='lat' dir='ltr'>tanto</span> <span class='ocrx_word' id='word_1_275' title='bbox 692 3525 906 3576; x_wconf 90' lang='lat' dir='ltr'>illorum</span> <span class='ocrx_word' id='word_1_276' title='bbox 941 3525 1180 3574; x_wconf 86' lang='lat' dir='ltr'>facinore</span> <span class='ocrx_word' id='word_1_277' title='bbox 1217 3525 1384 3575; x_wconf 86' lang='lat' dir='ltr'>multa</span> <span class='ocrx_word' id='word_1_278' title='bbox 1420 3528 1724 3576; x_wconf 85' lang='lat' dir='ltr'>testimonia</span> <span class='ocrx_word' id='word_1_279' title='bbox 1755 3526 1897 3591; x_wconf 87' lang='lat' dir='ltr'>apud</span> <span class='ocrx_word' id='word_1_280' title='bbox 1936 3525 1987 3576; x_wconf 93' lang='lat' dir='ltr'>S.</span> <span class='ocrx_word' id='word_1_281' title='bbox 2016 3527 2067 3576; x_wconf 93' lang='lat' dir='ltr'>S.</span> <span class='ocrx_word' id='word_1_282' title='bbox 2093 3527 2154 3576; x_wconf 91' lang='lat' dir='ltr'>P.</span> <span class='ocrx_word' id='word_1_283' title='bbox 2180 3527 2237 3575; x_wconf 93' lang='lat' dir='ltr'>P.</span> <span class='ocrx_word' id='word_1_284' title='bbox 2279 3531 2331 3575; x_wconf 92' lang='lat' dir='ltr'>et</span> <span class='ocrx_word' id='word_1_285' title='bbox 2356 3526 2407 3576; x_wconf 88' lang='lat' dir='ltr'>S.</span> <span class='ocrx_word' id='word_1_286' title='bbox 2434 3527 2498 3575; x_wconf 84' lang='lat' dir='ltr'>E.</span> <span class='ocrx_word' id='word_1_287' title='bbox 2525 3527 2749 3576; x_wconf 85' lang='lat' dir='ltr'>Testan-</span> 
     </span>
     <span class='ocr_line' id='line_1_29' title="bbox 275 3611 2748 3678; baseline 0.001 -18"><span class='ocrx_word' id='word_1_288' title='bbox 275 3617 352 3660; x_wconf 82' lang='lat' dir='ltr'>tur</span> <span class='ocrx_word' id='word_1_289' title='bbox 385 3612 514 3661; x_wconf 84' lang='lat' dir='ltr'>hoc:</span> <span class='ocrx_word' id='word_1_290' title='bbox 566 3613 859 3676; x_wconf 87' lang='lat' dir='ltr'>Dionysius</span> <span class='ocrx_word' id='word_1_291' title='bbox 899 3611 1202 3662; x_wconf 85' lang='lat' dir='ltr'>Corinthius</span> <span class='ocrx_word' id='word_1_292' title='bbox 1247 3613 1303 3660; x_wconf 89' lang='lat' dir='ltr'>in</span> <span class='ocrx_word' id='word_1_293' title='bbox 1351 3612 1603 3675; x_wconf 85' lang='lat' dir='ltr'>Graecia,</span> <span class='ocrx_word' id='word_1_294' title='bbox 1657 3612 1711 3662; x_wconf 89' lang='lat' dir='ltr'>S.</span> <span class='ocrx_word' id='word_1_295' title='bbox 1751 3612 2007 3663; x_wconf 82' lang='lat' dir='ltr'>Irenaeus</span> <span class='ocrx_word' id='word_1_296' title='bbox 2052 3613 2427 3678; x_wconf 86' lang='lat' dir='ltr'>Lugdunensis</span> <span class='ocrx_word' id='word_1_297' title='bbox 2461 3615 2519 3662; x_wconf 90' lang='lat' dir='ltr'>in</span> <span class='ocrx_word' id='word_1_298' title='bbox 2557 3612 2748 3675; x_wconf 84' lang='lat' dir='ltr'>Gallia,</span> 
     </span>
    </p>
   </div>
   <div class='ocr_carea' id='block_1_6' title="bbox 275 3697 2831 3765">
    <p class='ocr_par' dir='ltr' id='par_1_6' title="bbox 275 3697 2831 3765">
     <span class='ocr_line' id='line_1_30' title="bbox 275 3697 2831 3765; baseline 0 -17"><span class='ocrx_word' id='word_1_299' title='bbox 275 3699 626 3749; x_wconf 81' lang='lat' dir='ltr'>Tertullianus</span> <span class='ocrx_word' id='word_1_300' title='bbox 674 3701 728 3747; x_wconf 90' lang='lat' dir='ltr'>in</span> <span class='ocrx_word' id='word_1_301' title='bbox 777 3697 981 3760; x_wconf 85' lang='lat' dir='ltr'>Africa,</span> <span class='ocrx_word' id='word_1_302' title='bbox 1034 3698 1291 3764; x_wconf 82' lang='lat' dir='ltr'>Origenes</span> <span class='ocrx_word' id='word_1_303' title='bbox 1340 3701 1396 3748; x_wconf 89' lang='lat' dir='ltr'>in</span> <span class='ocrx_word' id='word_1_304' title='bbox 1443 3700 1703 3765; x_wconf 83' lang='lat' dir='ltr'>Aegypto.</span> <span class='ocrx_word' id='word_1_305' title='bbox 1766 3701 1971 3761; x_wconf 79' lang='lat' dir='ltr'>Quibus</span> <span class='ocrx_word' id='word_1_306' title='bbox 2018 3705 2233 3765; x_wconf 88' lang='lat' dir='ltr'>quarto,</span> <span class='ocrx_word' id='word_1_307' title='bbox 2285 3701 2470 3765; x_wconf 88' lang='lat' dir='ltr'>quinto</span> <span class='ocrx_word' id='word_1_308' title='bbox 2510 3704 2565 3748; x_wconf 88' lang='lat' dir='ltr'>et</span> <span class='ocrx_word' id='word_1_309' title='bbox 2600 3706 2748 3748; x_wconf 84' lang='lat' dir='ltr'>sexto</span> <span class='ocrx_word' id='word_1_310' title='bbox 2826 3713 2831 3715; x_wconf 81' lang='lat'>·</span> 
     </span>
    </p>
   </div>
   <div class='ocr_carea' id='block_1_7' title="bbox 280 3785 2751 4724">
    <p class='ocr_par' dir='ltr' id='par_1_7' title="bbox 280 3785 2751 4724">
     <span class='ocr_line' id='line_1_31' title="bbox 281 3785 2751 3850; baseline 0 -16"><span class='ocrx_word' id='word_1_311' title='bbox 281 3786 484 3836; x_wconf 86' lang='lat' dir='ltr'>saeculo</span> <span class='ocrx_word' id='word_1_312' title='bbox 524 3785 836 3850; x_wconf 88' lang='lat' dir='ltr'>adstipulati</span> <span class='ocrx_word' id='word_1_313' title='bbox 872 3789 998 3834; x_wconf 88' lang='lat' dir='ltr'>sunt</span> <span class='ocrx_word' id='word_1_314' title='bbox 1031 3786 1328 3836; x_wconf 87' lang='lat' dir='ltr'>clarissima</span> <span class='ocrx_word' id='word_1_315' title='bbox 1349 3786 1629 3836; x_wconf 86' lang='lat' dir='ltr'>Ecclesiae</span> <span class='ocrx_word' id='word_1_316' title='bbox 1668 3786 1883 3850; x_wconf 88' lang='lat' dir='ltr'>lumina,</span> <span class='ocrx_word' id='word_1_317' title='bbox 1920 3789 2060 3836; x_wconf 90' lang='lat' dir='ltr'>inter</span> <span class='ocrx_word' id='word_1_318' title='bbox 2098 3787 2332 3837; x_wconf 83' lang='lat' dir='ltr'>Graecos</span> <span class='ocrx_word' id='word_1_319' title='bbox 2370 3786 2421 3836; x_wconf 89' lang='lat' dir='ltr'>S.</span> <span class='ocrx_word' id='word_1_320' title='bbox 2448 3786 2751 3836; x_wconf 80' lang='lat' dir='ltr'>Alexander</span> 
     </span>
     <span class='ocr_line' id='line_1_32' title="bbox 280 3871 2749 3938; baseline 0 -17"><span class='ocrx_word' id='word_1_321' title='bbox 280 3875 428 3938; x_wconf 86' lang='lat' dir='ltr'>episc.</span> <span class='ocrx_word' id='word_1_322' title='bbox 464 3873 632 3936; x_wconf 59' lang='lat' dir='ltr'>Aleia,</span> <span class='ocrx_word' id='word_1_323' title='bbox 673 3871 726 3922; x_wconf 93' lang='lat' dir='ltr'>S.</span> <span class='ocrx_word' id='word_1_324' title='bbox 752 3871 1092 3934; x_wconf 86' lang='lat' dir='ltr'>Athanasius,</span> <span class='ocrx_word' id='word_1_325' title='bbox 1133 3871 1185 3922; x_wconf 87' lang='lat' dir='ltr'>S.</span> <span class='ocrx_word' id='word_1_326' title='bbox 1214 3871 1442 3937; x_wconf 84' lang='lat' dir='ltr'>Cyrillus</span> <span class='ocrx_word' id='word_1_327' title='bbox 1471 3874 1638 3936; x_wconf 67' lang='lat' dir='ltr'>Hier„</span> <span class='ocrx_word' id='word_1_328' title='bbox 1664 3875 1952 3936; x_wconf 89' lang='lat' dir='ltr'>Eusebius,</span> <span class='ocrx_word' id='word_1_329' title='bbox 1980 3873 2032 3923; x_wconf 89' lang='lat' dir='ltr'>S.</span> <span class='ocrx_word' id='word_1_330' title='bbox 2058 3873 2408 3938; x_wconf 77' lang='lat' dir='ltr'>EpiphaniuS,</span> <span class='ocrx_word' id='word_1_331' title='bbox 2438 3873 2490 3922; x_wconf 89' lang='lat' dir='ltr'>S.</span> <span class='ocrx_word' id='word_1_332' title='bbox 2510 3873 2749 3922; x_wconf 84' lang='lat' dir='ltr'>Joannes</span> 
     </span>
     <span class='ocr_line' id='line_1_33' title="bbox 282 3959 2748 4024; baseline 0 -16"><span class='ocrx_word' id='word_1_333' title='bbox 282 3959 704 4024; x_wconf 86' lang='lat' dir='ltr'>Chrysostomus3</span> <span class='ocrx_word' id='word_1_334' title='bbox 741 3960 882 4008; x_wconf 89' lang='lat' dir='ltr'>inter</span> <span class='ocrx_word' id='word_1_335' title='bbox 917 3961 1142 4010; x_wconf 84' lang='lat' dir='ltr'>Latinos</span> <span class='ocrx_word' id='word_1_336' title='bbox 1177 3964 1353 4008; x_wconf 88' lang='lat' dir='ltr'>autem</span> <span class='ocrx_word' id='word_1_337' title='bbox 1392 3960 1443 4010; x_wconf 89' lang='lat' dir='ltr'>S.</span> <span class='ocrx_word' id='word_1_338' title='bbox 1469 3959 1795 4023; x_wconf 88' lang='lat' dir='ltr'>Ambrosius,</span> <span class='ocrx_word' id='word_1_339' title='bbox 1836 3961 1887 4010; x_wconf 89' lang='lat' dir='ltr'>S.</span> <span class='ocrx_word' id='word_1_340' title='bbox 1914 3961 2288 4024; x_wconf 83' lang='lat' dir='ltr'>Hieronymus,</span> <span class='ocrx_word' id='word_1_341' title='bbox 2328 3959 2380 4010; x_wconf 91' lang='lat' dir='ltr'>S.</span> <span class='ocrx_word' id='word_1_342' title='bbox 2404 3959 2748 4024; x_wconf 87' lang='lat' dir='ltr'>Augustinus,</span> 
     </span>
     <span class='ocr_line' id='line_1_34' title="bbox 281 4045 2750 4111; baseline -0 -16"><span class='ocrx_word' id='word_1_343' title='bbox 281 4045 326 4096; x_wconf 87' lang='lat' dir='ltr'>S.</span> <span class='ocrx_word' id='word_1_344' title='bbox 349 4047 581 4096; x_wconf 88' lang='lat' dir='ltr'>Hilarius</span> <span class='ocrx_word' id='word_1_345' title='bbox 607 4047 830 4108; x_wconf 71' lang='lat' dir='ltr'>Pictav„</span> <span class='ocrx_word' id='word_1_346' title='bbox 869 4045 920 4096; x_wconf 90' lang='lat' dir='ltr'>S.</span> <span class='ocrx_word' id='word_1_347' title='bbox 948 4045 1078 4096; x_wconf 92' lang='lat' dir='ltr'>Leo.</span> <span class='ocrx_word' id='word_1_348' title='bbox 1105 4046 1193 4108; x_wconf 90' lang='grc' dir='ltr'>Μ.,</span> <span class='ocrx_word' id='word_1_349' title='bbox 1234 4046 1535 4109; x_wconf 85' lang='lat' dir='ltr'>Salvianus,</span> <span class='ocrx_word' id='word_1_350' title='bbox 1575 4052 1628 4096; x_wconf 90' lang='lat' dir='ltr'>et</span> <span class='ocrx_word' id='word_1_351' title='bbox 1660 4047 1907 4098; x_wconf 84' lang='lat' dir='ltr'>Gelasius</span> <span class='ocrx_word' id='word_1_352' title='bbox 1930 4047 2206 4110; x_wconf 85' lang='lat' dir='ltr'>Pontifex;</span> <span class='ocrx_word' id='word_1_353' title='bbox 2246 4061 2380 4110; x_wconf 92' lang='lat' dir='ltr'>quos</span> <span class='ocrx_word' id='word_1_354' title='bbox 2416 4045 2750 4111; x_wconf 90' lang='lat' dir='ltr'>postmodum</span> 
     </span>
     <span class='ocr_line' id='line_1_35' title="bbox 280 4131 2749 4199; baseline -0 -17"><span class='ocrx_word' id='word_1_355' title='bbox 280 4135 435 4184; x_wconf 84' lang='lat' dir='ltr'>secuti</span> <span class='ocrx_word' id='word_1_356' title='bbox 470 4139 594 4184; x_wconf 91' lang='lat' dir='ltr'>sunt</span> <span class='ocrx_word' id='word_1_357' title='bbox 630 4135 895 4183; x_wconf 90' lang='lat' dir='ltr'>innumeri</span> <span class='ocrx_word' id='word_1_358' title='bbox 931 4134 1164 4184; x_wconf 89' lang='lat' dir='ltr'>omnium</span> <span class='ocrx_word' id='word_1_359' title='bbox 1203 4139 1436 4183; x_wconf 85' lang='lat' dir='ltr'>aetatum</span> <span class='ocrx_word' id='word_1_360' title='bbox 1475 4135 1787 4199; x_wconf 83' lang='lat' dir='ltr'>Scriptores.</span> <span class='ocrx_word' id='word_1_361' title='bbox 1848 4135 1961 4184; x_wconf 87' lang='lat' dir='ltr'>Nec</span> <span class='ocrx_word' id='word_1_362' title='bbox 1999 4133 2147 4183; x_wconf 85' lang='lat' dir='ltr'>aliud</span> <span class='ocrx_word' id='word_1_363' title='bbox 2180 4135 2236 4182; x_wconf 87' lang='lat' dir='ltr'>in</span> <span class='ocrx_word' id='word_1_364' title='bbox 2274 4134 2523 4183; x_wconf 86' lang='lat' dir='ltr'>Historiis</span> <span class='ocrx_word' id='word_1_365' title='bbox 2560 4131 2749 4181; x_wconf 83' lang='lat' dir='ltr'>Eccle-</span> 
     </span>
     <span class='ocr_line' id='line_1_36' title="bbox 283 4219 2751 4285; baseline -0 -16"><span class='ocrx_word' id='word_1_366' title='bbox 283 4223 383 4270; x_wconf 82' lang='lat' dir='ltr'>siae</span> <span class='ocrx_word' id='word_1_367' title='bbox 409 4220 720 4270; x_wconf 84' lang='lat' dir='ltr'>Catholicae</span> <span class='ocrx_word' id='word_1_368' title='bbox 758 4220 980 4284; x_wconf 84' lang='lat' dir='ltr'>reperiri</span> <span class='ocrx_word' id='word_1_369' title='bbox 1015 4235 1174 4285; x_wconf 91' lang='lat' dir='ltr'>posse</span> <span class='ocrx_word' id='word_1_370' title='bbox 1210 4224 1475 4285; x_wconf 77' lang='grc'><strong>111110111110,</strong></span> <span class='ocrx_word' id='word_1_371' title='bbox 1515 4221 1658 4285; x_wconf 88' lang='lat' dir='ltr'>quod</span> <span class='ocrx_word' id='word_1_372' title='bbox 1696 4222 1882 4270; x_wconf 84' lang='lat' dir='ltr'>maiori</span> <span class='ocrx_word' id='word_1_373' title='bbox 1916 4222 2129 4270; x_wconf 87' lang='lat' dir='ltr'>testium</span> <span class='ocrx_word' id='word_1_374' title='bbox 2152 4235 2370 4269; x_wconf 88' lang='lat' dir='ltr'>numero</span> <span class='ocrx_word' id='word_1_375' title='bbox 2394 4219 2656 4268; x_wconf 77' lang='lat' dir='ltr'>-traditum</span> <span class='ocrx_word' id='word_1_376' title='bbox 2682 4220 2751 4268; x_wconf 92' lang='lat' dir='ltr'>sit</span> 
     </span>
     <span class='ocr_line' id='line_1_37' title="bbox 283 4305 2748 4372; baseline -0.001 -16"><span class='ocrx_word' id='word_1_377' title='bbox 283 4322 428 4371; x_wconf 84' lang='lat' dir='ltr'>quam</span> <span class='ocrx_word' id='word_1_378' title='bbox 461 4307 632 4358; x_wconf 84' lang='lat' dir='ltr'>istud:</span> <span class='ocrx_word' id='word_1_379' title='bbox 669 4311 932 4356; x_wconf 84' lang='lat' dir='ltr'>veteres</span> <span class='ocrx_word' id='word_1_380' title='bbox 968 4307 1392 4370; x_wconf 83' lang='lat' dir='ltr'>Haereticos,</span> <span class='ocrx_word' id='word_1_381' title='bbox 1433 4313 1689 4372; x_wconf 85' lang='lat' dir='ltr'>quantum</span> <span class='ocrx_word' id='word_1_382' title='bbox 1723 4309 1780 4356; x_wconf 91' lang='lat' dir='ltr'>in</span> <span class='ocrx_word' id='word_1_383' title='bbox 1806 4323 1863 4357; x_wconf 90' lang='lat' dir='ltr'>se</span> <span class='ocrx_word' id='word_1_384' title='bbox 1901 4311 2029 4369; x_wconf 87' lang='lat' dir='ltr'>erat,</span> <span class='ocrx_word' id='word_1_385' title='bbox 2070 4305 2122 4356; x_wconf 93' lang='lat' dir='ltr'>S.</span> <span class='ocrx_word' id='word_1_386' title='bbox 2156 4305 2535 4372; x_wconf 84' lang='lat' dir='ltr'>Scripturas</span> <span class='ocrx_word' id='word_1_387' title='bbox 2573 4305 2748 4354; x_wconf 84' lang='lat' dir='ltr'>adul·</span> 
     </span>
     <span class='ocr_line' id='line_1_38' title="bbox 282 4391 2751 4456; baseline 0 -14"><span class='ocrx_word' id='word_1_388' title='bbox 282 4398 476 4443; x_wconf 84' lang='lat' dir='ltr'>terass</span> <span class='ocrx_word' id='word_1_389' title='bbox 493 4409 538 4442; x_wconf 93' lang='grc'>0.</span> <span class='ocrx_word' id='word_1_390' title='bbox 614 4393 697 4442; x_wconf 89' lang='lat' dir='ltr'>Cf.</span> <span class='ocrx_word' id='word_1_391' title='bbox 746 4393 807 4443; x_wconf 91' lang='lat' dir='ltr'>B.</span> <span class='ocrx_word' id='word_1_392' title='bbox 859 4393 1118 4456; x_wconf 82' lang='lat' dir='ltr'>Germon,</span> <span class='ocrx_word' id='word_1_393' title='bbox 1175 4393 1241 4443; x_wconf 91' lang='lat' dir='ltr'>de</span> <span class='ocrx_word' id='word_1_394' title='bbox 1294 4395 1564 4444; x_wconf 85' lang='lat' dir='ltr'>veteribus</span> <span class='ocrx_word' id='word_1_395' title='bbox 1619 4394 1903 4444; x_wconf 86' lang='lat' dir='ltr'>haereticis</span> <span class='ocrx_word' id='word_1_396' title='bbox 1958 4393 2437 4445; x_wconf 89' lang='lat' dir='ltr'>ecclesiasticorum</span> <span class='ocrx_word' id='word_1_397' title='bbox 2492 4391 2751 4443; x_wconf 88' lang='lat' dir='ltr'>Codicum</span> 
     </span>
     <span class='ocr_line' id='line_1_39' title="bbox 283 4479 2751 4547; baseline 0 -19"><span class='ocrx_word' id='word_1_398' title='bbox 283 4480 683 4546; x_wconf 79' lang='lat' dir='ltr'>corruptoribuS.</span> <span class='ocrx_word' id='word_1_399' title='bbox 738 4480 858 4530; x_wconf 89' lang='lat' dir='ltr'>Par.</span> <span class='ocrx_word' id='word_1_400' title='bbox 898 4481 1048 4529; x_wconf 81' lang='lat'>1713.</span> <span class='ocrx_word' id='word_1_401' title='bbox 1085 4497 1136 4546; x_wconf 89' lang='lat' dir='ltr'>p.</span> <span class='ocrx_word' id='word_1_402' title='bbox 1165 4481 1245 4530; x_wconf 83' lang='lat'>61.</span> <span class='ocrx_word' id='word_1_403' title='bbox 1281 4498 1322 4532; x_wconf 89' lang='lat' dir='ltr'>s.</span> <span class='ocrx_word' id='word_1_404' title='bbox 1387 4481 1427 4542; x_wconf 83' lang='lat'>⁷)</span> <span class='ocrx_word' id='word_1_405' title='bbox 1465 4480 1549 4532; x_wconf 89' lang='lat' dir='ltr'>Ad</span> <span class='ocrx_word' id='word_1_406' title='bbox 1585 4481 1729 4547; x_wconf 87' lang='lat' dir='ltr'>quod</span> <span class='ocrx_word' id='word_1_407' title='bbox 1762 4482 1947 4546; x_wconf 85' lang='lat' dir='ltr'>itaque</span> <span class='ocrx_word' id='word_1_408' title='bbox 1984 4497 2118 4546; x_wconf 86' lang='lat' dir='ltr'>opus</span> <span class='ocrx_word' id='word_1_409' title='bbox 2153 4481 2255 4530; x_wconf 85' lang='lat' dir='ltr'>fuit</span> <span class='ocrx_word' id='word_1_410' title='bbox 2290 4479 2592 4544; x_wconf 88' lang='lat' dir='ltr'>diligentem</span> <span class='ocrx_word' id='word_1_411' title='bbox 2628 4484 2751 4544; x_wconf 87' lang='lat' dir='ltr'>post</span> 
     </span>
     <span class='ocr_line' id='line_1_40' title="bbox 284 4565 2748 4633; baseline -0.001 -17"><span class='ocrx_word' id='word_1_412' title='bbox 284 4567 713 4616; x_wconf 86' lang='lat' dir='ltr'>examinationem</span> <span class='ocrx_word' id='word_1_413' title='bbox 752 4566 1054 4632; x_wconf 86' lang='lat' dir='ltr'>catalogum</span> <span class='ocrx_word' id='word_1_414' title='bbox 1093 4566 1483 4618; x_wconf 84' lang='lat' dir='ltr'>Canonicarum</span> <span class='ocrx_word' id='word_1_415' title='bbox 1521 4568 1911 4633; x_wconf 86' lang='lat' dir='ltr'>Scripturarum</span> <span class='ocrx_word' id='word_1_416' title='bbox 1956 4566 2246 4630; x_wconf 84' lang='lat' dir='ltr'>conficere3</span> <span class='ocrx_word' id='word_1_417' title='bbox 2294 4570 2355 4615; x_wconf 92' lang='lat' dir='ltr'>ut</span> <span class='ocrx_word' id='word_1_418' title='bbox 2391 4581 2425 4614; x_wconf 88' lang='grc'>0</span> <span class='ocrx_word' id='word_1_419' title='bbox 2461 4565 2748 4616; x_wconf 86' lang='lat' dir='ltr'>Canonicis</span> 
     </span>
     <span class='ocr_line' id='line_1_41' title="bbox 282 4653 2011 4724; baseline -0.001 -19"><span class='ocrx_word' id='word_1_420' title='bbox 282 4669 376 4708; x_wconf 86' lang='lat' dir='ltr'>non</span> <span class='ocrx_word' id='word_1_421' title='bbox 413 4654 700 4708; x_wconf 86' lang='lat' dir='ltr'>canonicas</span> <span class='ocrx_word' id='word_1_422' title='bbox 737 4653 896 4708; x_wconf 83' lang='lat' dir='ltr'>facile</span> <span class='ocrx_word' id='word_1_423' title='bbox 935 4668 1000 4708; x_wconf 85' lang='lat' dir='ltr'>ac</span> <span class='ocrx_word' id='word_1_424' title='bbox 1035 4658 1150 4704; x_wconf 88' lang='lat' dir='ltr'>tuto</span> <span class='ocrx_word' id='word_1_425' title='bbox 1189 4655 1414 4724; x_wconf 88' lang='lat' dir='ltr'>quisque</span> <span class='ocrx_word' id='word_1_426' title='bbox 1453 4655 1777 4724; x_wconf 86' lang='lat' dir='ltr'>distinguere</span> <span class='ocrx_word' id='word_1_427' title='bbox 1812 4659 2011 4722; x_wconf 91' lang='lat' dir='ltr'>posset.</span> 
     </span>
    </p>
   </div>
  </div>
 </body>
</html>
