3309 5300
998 435 1061 475 ne
1090 434 1216 475 libris
1244 434 1505 486 apocryphis
1535 435 1644 475 Novi
1672 435 1962 476 Testamenti.
2634 420 2714 484 87

237 613 731 672 Praedicationem
760 615 926 672 Petri
956 616 1205 672 eundem
1232 615 1411 672 fuisse
1440 614 1742 684 libellum3
1775 617 1842 672 in
1871 635 2046 692 quem
2081 614 2254 690 plura
2283 635 2360 672 ex
2395 614 2720 688 Evangelio

238 718 545 776 secundum
592 718 895 777 Hebraeos
917 718 938 756 1
986 720 1273 778 translata
1318 719 1481 776 fuere
1500 716 1542 776 2.
1614 719 1860 777 Relictis
1913 720 2130 796 spuriis
2183 721 2416 796 scriptis
2461 719 2719 777 Petrinis

239 823 641 898 progredimur
666 825 739 881 ad
765 825 1176 901 Apocalypses,
1203 843 1351 902 quae
1374 824 1672 882 Doctori
1687 845 1714 881 s
1745 826 2067 898 gentium
2089 844 2306 883 nomen
2328 827 2717 882 mentiuntur.

237 929 323 986 Ex
350 927 443 984 his
490 923 850 1002 ,ἀναβάτικον
880 925 1145 1004 Παύλουί,
1194 928 1412 986 fabulis
1442 928 1617 1004 plena
1648 934 1707 986 et
1737 927 2086 985 stultissima
2117 928 2550 1003 praesumtione
2583 929 2722 986 ficta

239 1031 619 1107 Apocalypsis
643 1035 753 1102 est,
784 1051 961 1109 quam
990 1036 1175 1090 sectae
1199 1035 1492 1106 gnosticae
1517 1033 1926 1104 ,Cainitarum‘
1951 1033 2196 1090 asseclae
2225 1039 2517 1109 repertam
2539 1033 2717 1090 fuisse

239 1138 295 1194 in
337 1135 462 1211 ipsa
506 1135 691 1192 Pauli
722 1139 919 1211 patria
946 1136 1113 1194 Tarsi
1158 1138 1529 1195 somniabant
1548 1135 1591 1194 3.
1652 1137 1886 1194 Horum
1919 1137 2353 1195 haereticorum
2396 1142 2723 1194 commenta

236 1243 345 1298 iam
366 1239 695 1316 Dionysius
726 1240 901 1299 Alex.
934 1243 1139 1299 reiecit
1154 1239 1200 1299 4.
1241 1241 1278 1298 J
1281 1261 1376 1298 am
1400 1241 1543 1300 olim
1564 1244 1722 1300 inter
1751 1242 1932 1300 libros
1965 1261 2107 1319 quos
2138 1241 2476 1298 nullatenus
2511 1241 2718 1316 recipit

237 1344 485 1403 Ecclesia
546 1344 852 1403 Catholica
910 1350 969 1402 et
1022 1345 1361 1421 Apostolica
1417 1346 1680 1404 Ecclesia
1731 1347 1994 1404 Romana
2007 1392 2020 1418 ‚
2075 1345 2492 1424 Apocalypsim
2546 1345 2720 1403 Pauli

238 1449 519 1508 recensuit
551 1449 923 1522 Gelasius,
970 1451 1197 1508 saeculo
1246 1455 1443 1508 autem
1491 1471 1670 1509 nono
1691 1449 1732 1523 5,
1780 1452 2148 1526 Nicephorus
2182 1451 2530 1508 Patriarcha
2566 1450 2715 1507 Con-

242 1554 800 1629 stantinopolitanus
820 1552 845 1592 ⁶
881 1556 1269 1631 supposititiis
1309 1559 1750 1615 annumeravit:
1789 1553 1906 1633 ,τὴν
1947 1552 2288 1629 ἀποκάλυψιν
2328 1554 2420 1610 τοῦ
2452 1551 2718 1630 Παύλουί,

238 1678 399 1736 quam
462 1677 573 1716 ceu
629 1659 938 1734 profanam
990 1661 1281 1735 suscipere
1331 1679 1451 1718 non
1504 1663 1733 1735 oportet
1752 1658 1794 1718 ⁷.
1869 1660 1922 1715 E
1975 1659 2162 1716 simili
2213 1658 2453 1716 officina
2504 1657 2725 1733 prodiit

238 1765 287 1821 d.
315 1762 561 1821 Joannis
605 1766 729 1839 Ap.
771 1765 887 1835 ,de
913 1765 1238 1822 transitu
1274 1765 1339 1822 B.
1380 1765 1657 1822 Mariae
1699 1764 1795 1821 V.‘
1828 1761 2074 1821 liberss.
2122 1739 2402 1820 Sanbtum
2430 1762 2718 1820 Joannem

434 2024 472 2089 ¹)
511 2025 581 2074 V.
621 2041 673 2090 p.
712 2025 796 2073 80.
825 2024 870 2072 1.
944 2023 984 2088 ²)
1021 2022 1159 2072 Vide
1198 2021 1401 2084 Grabii,
1439 2022 1563 2072 disS.
1604 2021 1854 2088 Spicileg.
1891 2023 1935 2085 I,
1977 2024 2058 2071 15.
2097 2037 2138 2071 s.
2178 2023 2260 2072 56.
2299 2039 2340 2073 s.
2402 2023 2557 2084 Quod
2595 2040 2723 2074 vero

242 2111 303 2162 ad
334 2109 719 2176 Apocalypsim
756 2111 902 2160 Petri
951 2111 1154 2172 attinet,
1204 2109 1430 2158 alicuius
1480 2108 1669 2158 saltem
1717 2111 1772 2158 in
1811 2109 2028 2158 Oriente
2075 2109 2177 2158 fuit
2223 2111 2556 2160 auctoritatis
2605 2127 2724 2160 cum

245 2197 583 2260 Sozomenus,
622 2198 693 2247 H.
730 2197 797 2247 E.
834 2197 953 2259 VII,
993 2197 1073 2246 19.
1113 2213 1163 2261 p.
1202 2197 1318 2245 735.
1358 2197 1583 2245 scribat:
1627 2196 2061 2257 „Revelationem
2103 2198 2266 2259 Petri,
2306 2212 2443 2262 quae
2479 2203 2540 2247 ut
2575 2198 2723 2247 adul-

239 2287 396 2335 terina
434 2300 467 2334 a
503 2284 786 2335 veteribus
835 2283 1117 2350 repudiata
1155 2288 1249 2347 est,
1296 2285 1350 2332 in
1403 2283 1724 2349 quibusdam
1771 2283 2034 2333 Ecclesiis
2081 2283 2246 2333 semel
2299 2277 2582 2349 quotannis
2618 2284 2726 2350 legi

242 2372 754 2423 animadvertimus.“
819 2370 1013 2433 Grabe,
1050 2371 1085 2420 l.
1125 2387 1169 2420 c.
1205 2387 1257 2436 p.
1299 2373 1379 2420 71.
1418 2387 1461 2421 s.
1513 2371 1692 2420 omnia
1734 2385 1873 2436 quae
1911 2371 1977 2420 de
2014 2370 2114 2420 hac
2151 2371 2478 2437 Apocalypsi
2516 2376 2726 2422 exstant

241 2461 557 2509 monimenta
595 2473 907 2524 congerens,
946 2462 1107 2523 atque
1140 2458 1209 2506 ad
1234 2471 1456 2507 examen
1494 2472 1771 2520 revocans,
1809 2459 2140 2524 suspicatur:
2181 2458 2417 2508 eiusdem
2455 2462 2726 2508 auctorem

242 2546 552 2596 catholicum
601 2547 783 2612 potius
832 2560 992 2610 quam
1044 2544 1397 2606 haereticum,
1451 2546 1751 2610 quempiam
1807 2561 1871 2594 ex
1925 2547 2278 2596 sectatoribus
2327 2547 2476 2594 Petri
2528 2547 2723 2609 fuisse3

242 2635 424 2684 fatetur
461 2639 706 2684 attamen
742 2632 850 2697 illa,
890 2647 1029 2698 quae
1067 2633 1206 2699 typis
1235 2632 1518 2698 descripsit
1552 2632 1866 2698 fragmenta,
1903 2634 2036 2682 mira
2069 2632 2239 2682 videri
2274 2632 2540 2699 facileque
2564 2648 2724 2699 posse

244 2722 463 2787 cuipiam
490 2722 853 2787 suspicionem
877 2720 1136 2769 haeretici
1167 2722 1451 2770 commenti
1473 2721 1708 2770 iniicere.
1749 2719 1828 2769 Cf.
1857 2719 2056 2770 Comm.
2082 2720 2132 2769 11.
2159 2737 2211 2786 p.
2240 2722 2323 2770 52.
2387 2721 2426 2788 3)
2455 2720 2535 2771 cf.
2563 2720 2724 2771 Sozo-

244 2810 388 2871 meni,
426 2809 497 2857 H.
525 2808 593 2857 E.
620 2808 740 2871 VII,
770 2810 850 2857 19.
875 2825 927 2873 p.
957 2790 1071 2857 735.
1124 2807 1459 2873 Supposititii
1498 2809 1674 2873 operis
1711 2822 1898 2857 ansam
1930 2822 1995 2856 ex
2021 2823 2082 2857 eo
2110 2814 2380 2874 ceperunt,
2420 2808 2562 2874 quod
2585 2808 2726 2874 Apo·

244 2895 399 2945 stolus
437 2896 560 2961 ipse
596 2899 823 2945 testetur
856 2895 927 2943 H.
966 2892 1087 2944 Cor.
1130 2896 1209 2956 12,
1247 2896 1313 2956 4.,
1359 2896 1609 2958 quoniam
1646 2899 1832 2959 raptus
1871 2899 1954 2945 est
1986 2896 2044 2943 in
2079 2895 2396 2945 Paradisum
2435 2901 2488 2945 et
2526 2886 2728 2945 audi'vit

244 2996 431 3032 arcana
467 2983 657 3031 verba.
720 2980 798 3031 cf.
826 2999 867 3032 s.
892 2980 1247 3047 Epiphanius,
1286 2980 1430 3030 haer.
1468 2980 1767 3045 XXXVIII,
1805 2984 1854 3031 2.
1891 2998 1943 3046 p.
1981 2982 2100 3031 277.
2161 2982 2202 3048 ⁴=)
2239 2981 2398 3047 Apud
2433 2983 2726 3032 Eusebium

242 3070 303 3118 H.
339 3070 402 3119 E.
438 3070 565 3132 VII,
605 3071 687 3131 25,
732 3086 783 3134 p.
822 3070 938 3117 276.
986 3069 1082 3118 ubi
1124 3067 1318 3118 diserte
1368 3070 1471 3117 ait:
1526 3084 1680 3130 „cum
1723 3072 1903 3120 tamen
1947 3068 2148 3119 Paulus
2197 3070 2252 3117 in
2302 3062 2539 3135 epistolis
2593 3085 2724 3119 non-

242 3156 363 3205 nihil
411 3156 478 3206 de
530 3155 947 3205 revelationibus
1004 3156 1121 3229 suis·
1167 3154 1508 3217 indicaverit,
1564 3170 1699 3220 quas
1751 3155 1964 3220 quidem
2018 3154 2109 3205 ille
2155 3158 2213 3204 111
2259 3158 2532 3221 proprium
2575 3155 2725 3205 volu-

243 3259 356 3292 men
401 3258 515 3293 non
565 3242 796 3292 retulit.“
869 3242 1077 3291 Eadem
1124 3242 1299 3291 reiicit
1348 3243 1506 3291 etiam
1552 3242 1601 3291 d.
1648 3241 2002 3307 Augustinus,
2051 3244 2108 3291 in
2154 3242 2352 3292 Joann.
2411 3244 2513 3293 Ev.
2560 3259 2604 3292 c.
2645 3245 2725 3292 16.
2821 3288 2826 3292 .

244 3334 389 3379 tract.
426 3330 678 3391 XCVIII,
729 3331 778 3379 8.
815 3346 866 3395 p.
908 3330 1024 3379 743.
1074 3330 1342 3379 scribens:
1396 3329 1549 3391 „Qua
1596 3331 1884 3379 occasione
1923 3330 2052 3379 vani
2099 3330 2313 3395 quidam
2346 3329 2728 3396 Apocalypsim

244 3416 415 3479 Pauli,
475 3430 640 3481 quam
696 3430 824 3465 sane
878 3431 989 3465 non
1042 3417 1233 3481 recipit
1277 3415 1549 3479 Ecclesia,
1605 3418 1788 3467 nescio
1845 3418 2039 3481 quibus
2093 3416 2290 3467 fabulis
2339 3416 2554 3482 plenam
2600 3418 2726 3468 stul-

242 3505 441 3554 tissima
494 3504 894 3569 praesumtione
947 3502 1237 3565 finxerant,
1294 3502 1532 3553 dicentes
1585 3503 1727 3553 hanc
1781 3519 1898 3554 esse
1953 3503 2095 3553 unde
2149 3504 2355 3553 dixerat
2404 3520 2463 3554 se
2517 3508 2728 3569 raptum

244 3591 401 3642 fuisse
446 3593 504 3640 in
550 3592 766 3641 tertium
816 3589 1074 3639 coelum.“
1152 3588 1496 3654 Sozomenus,
1543 3590 1579 3640 l.
1620 3607 1666 3640 c.
1703 3608 1756 3655 p.
1797 3592 1912 3640 735.
1955 3607 2081 3641 vero
2120 3596 2329 3641 narrat:
2383 3592 2552 3653 „Eam
2588 3607 2726 3657 quae

244 3694 378 3729 nunc
428 3680 589 3744 quasi
631 3676 788 3726 Pauli
823 3676 1071 3743 Apostoli
1119 3676 1375 3727 revelatio
1414 3678 1797 3741 circumfertur,
1849 3693 2009 3743 quam
2057 3678 2235 3727 nullus
2272 3678 2526 3729 Veterum
2563 3666 2726 3745 agno-

244 3768 329 3829 vit,
364 3766 583 3831 plurimi
620 3782 685 3815 ex
722 3764 995 3815 monachis
1031 3764 1191 3813 valde
1230 3764 1647 3815 commendant.“
1713 3765 1753 3831 ⁵)
1795 3763 1853 3814 C.
1881 3779 1928 3815 a.
1955 3782 2006 3830 p.
2032 3782 2083 3814 n.
2115 3764 2175 3814 C.
2202 3767 2320 3815 814.
2384 3765 2424 3831 ⁶)
2467 3765 2598 3815 Can.
2625 3766 2726 3845 III.

246 3853 380 3918 apud
414 3853 611 3915 Mansi,
648 3851 793 3914 XIV,
822 3853 939 3901 122.
1007 3851 1047 3917 7)
1084 3851 1169 3900 De
1206 3850 1308 3899 hac
1336 3850 1664 3916 Apocalypsi
1700 3850 1858 3917 plura
1888 3851 2092 3901 dabunt
2125 3850 2320 3914 Grabe,
2358 3852 2393 3901 l.
2421 3869 2466 3902 c.
2492 3870 2543 3919 p.
2571 3854 2654 3902 83.
2683 3869 2725 3903 s.

251 3946 299 3989 et
331 3940 635 4000 Fabricius,
672 3938 706 3988 l.
746 3954 790 3987 c.
827 3956 879 4003 p.
918 3940 1035 3988 943.
1073 3954 1115 3988 s.
1177 3938 1323 3987 Inter
1360 3938 1588 3989 Codices
1635 3954 1760 3989 mss.
1799 3954 2022 4005 graecos
2071 3941 2481 4004 augustissimae
2525 3940 2722 3991 Biblio-

244 4026 427 4077 thecae
467 4025 769 4076 Caesareae
804 4025 1239 4076 Vindobonensis
1294 4028 1555 4092 reperitur
1605 4024 1657 4076 S.
1696 4027 1924 4077 Joannis
1972 4027 2072 4093 Ap.
2124 4032 2177 4076 et
2220 4028 2323 4077 Ev.
2372 4010 2732 4094 Apocalypsis*

247 4114 595 4180 supposititia,
634 4114 689 4162 in
727 4128 835 4178 qua
859 4114 1019 4161 etiarn
1055 4114 1229 4178 agitur
1260 4113 1325 4163 de
1356 4112 1700 4177 Antichristo,
1739 4128 1877 4179 quae
1914 4114 2297 4164 absurdissima
2321 4115 2522 4163 indocti
2549 4116 2723 4163 cuius-

248 4200 362 4249 dam
398 4201 637 4266 graeculi
673 4200 993 4266 phantasma
1029 4199 1287 4249 distrahit.
1334 4198 1415 4250 Cf.
1452 4200 1819 4263 Lambecium‚
1856 4200 1891 4250 l.
1926 4217 1970 4250 c.
2008 4218 2058 4267 p.
2087 4202 2170 4251 89.
2208 4204 2290 4251 90.
2345 4201 2726 4267 Apocalypsim

247 4288 397 4337 Pauli
422 4304 453 4337 e
480 4287 665 4337 codice
688 4287 1040 4337 Ambrosiano
1067 4285 1270 4336 saeculi
1294 4287 1408 4336 XV.
1447 4302 1639 4352 graece
1678 4287 1843 4337 edidit
1869 4286 1928 4337 C.
1955 4287 2324 4351 Tischendorf,
2360 4283 2726 4354 Apocalypses

248 4375 582 4441 apocryphae
618 4375 764 4439 Lips.
794 4376 944 4423 1866.
981 4389 1033 4439 Ρ.
1060 4376 1143 4423 34.
1172 4388 1213 4423 s.
1252 4374 1436 4424 addita
1471 4379 1648 4423 textus
1687 4375 1883 4439 syriaci
1917 4376 2164 4425 versione
2202 4376 2431 4441 anglica,
2472 4391 2632 4441 quam
2669 4378 2726 4426 in

251 4462 449 4527 ephem.
484 4462 575 4511 the
610 4460 840 4511 Journal
878 4461 938 4510 of
968 4461 1021 4510 S.
1047 4461 1349 4511 Literature
1389 4462 1539 4511 1864.
1578 4462 1726 4525 VIII,
1765 4464 1884 4512 372.
1922 4478 1962 4511 s.
2001 4463 2205 4528 publici
2241 4464 2370 4513 iuris
2408 4463 2536 4512 fecit
2567 4463 2628 4512 B.
2655 4464 2724 4512 H.

252 4548 483 4614 Cowper.
508 4549 751 4599 Aetatem
788 4547 955 4597 libelli
993 4547 1149 4598 huius
1189 4547 1333 4613 quod
1369 4549 1561 4598 attinet
1584 4548 1635 4599 J.
1661 4548 1904 4615 Langen,
1941 4549 2349 4599 Literaturblatt
2370 4550 2543 4599 Bonn.
2573 4551 2724 4600 1866.

250 4652 297 4701 Ρ.
323 4638 442 4686 302.
471 4636 701 4686 monuit:
728 4651 913 4686 vocem
938 4630 1247 4698 ,,Θεοτόκος“
1272 4636 1545 4685 saeculum
1569 4636 1760 4686 saltem
1786 4638 2026 4701 quintum
2057 4651 2294 4701 arguere.
2351 4636 2392 4703 8)
2430 4636 2726 4687 Elberfeldi
