3309 5300
1187 370 1384 417 Nomina.
1415 370 1589 419 divisio,
1621 372 1801 413 effectus
1828 372 1871 413 8.
1902 372 1945 413 8.
2728 362 2808 425 61

324 545 471 593 hinc
507 544 666 594 inde
707 551 1067 611 excerptae
1106 550 1317 596 erant.
1356 546 1582 609 Tabula,
1622 548 1680 595 in
1706 561 1814 612 qua
1840 547 1909 597 ad
1933 548 2267 598 commodum
2291 549 2548 599 lectorum
2578 564 2813 614 anagno-

325 637 516 681 starum
545 632 704 682 initia
728 638 780 682 et
806 635 1016 683 termini
1052 633 1341 683 lectionum
1377 633 1570 683 additis
1606 635 1789 699 primis
1827 639 1880 683 et
1916 634 2113 685 ultimis
2146 637 2323 687 verbis
2362 641 2617 687 annotata
2644 636 2811 698 fuere,

328 717 828 783 „Synaxarium“
881 722 1197 770 nominatur.
1257 722 1540 770 Librorum
1587 726 1768 771 autem
1815 722 1872 770 in
1908 722 2103 787 quibus
2138 724 2391 773 Veterum
2428 729 2815 789 anagnosmata

322 821 416 855 seu
447 805 712 856 lectiones
747 809 1098 873 reperiuntur,
1136 807 1332 874 duplex
1371 813 1449 857 est
1485 824 1671 873 genus.
1715 808 1799 857 Ad
1835 810 2060 873 primum
2094 812 2361 874 pertinent
2397 813 2498 877 ipsi
2535 810 2587 861 S.
2612 811 2812 861 Textus

322 895 560 942 continui
599 894 828 957 codices,
877 896 934 944 in
966 911 1189 961 quorum
1237 897 1476 961 margine
1513 901 1957 961 anagnosmatum
2004 898 2159 947 initia
2196 903 2248 947 et
2282 900 2495 948 termini
2542 900 2813 963 assignata

320 980 614 1045 habentur3
653 982 723 1031 ad
760 981 985 1031 alterum
1021 982 1322 1032 referuntur
1344 982 1617 1032 volumina
1653 982 1892 1048 singulas
1929 982 2186 1033 lectiones
2224 985 2646 1052 complectentia,
2685 1002 2812 1051 quo-

319 1084 434 1116 rum
471 1067 613 1118 duae
649 1085 832 1119 rursus
879 1074 1002 1119 sunt
1049 1071 1270 1135 specieS.
1331 1070 1404 1119 Et
1439 1070 1653 1135 quidem
1691 1071 1746 1117 in
1783 1069 1902 1120 aliis
1937 1071 2354 1136 Evangeliorum
2403 1077 2624 1135 tantum,
2671 1073 2813 1121 unde

319 1171 370 1203 n.
407 1150 810 1224 Εὖαγγελιάριον,
847 1158 902 1206 in
940 1156 1057 1205 aliis
1095 1173 1159 1207 ex
1191 1157 1338 1206 Actis
1363 1157 1738 1222 Apostolorum
1776 1162 1829 1207 et
1858 1158 2130 1223 Epistolis,
2168 1159 2309 1209 unde
2346 1175 2398 1209 n.
2424 1159 2811 1225 Apostolus,

319 1242 740 1308 Praxapostolus
765 1243 1022 1294 lectiones
1049 1244 1378 1295 exhibentur.
1405 1244 1468 1294 V.
1488 1261 1540 1309 p.
1562 1247 1646 1295 36.
1684 1245 1973 1310 Utriusque
2000 1247 2208 1310 generis
2233 1244 2506 1310 lectiones,
2534 1248 2611 1296 ita
2633 1252 2813 1297 tamen

319 1334 379 1379 ut
400 1330 544 1379 duae
581 1333 795 1381 iunctae
833 1332 953 1394 sint,
991 1331 1160 1381 altera
1185 1348 1248 1381 ex
1271 1331 1676 1397 PraxapostolO,
1714 1331 1883 1381 altera
1919 1348 1982 1381 ex
2010 1332 2389 1398 Evangeliario
2416 1362 2483 1369 —
2510 1330 2812 1383 Ἀποστολο-

321 1413 666 1485 ευαγγελιάρια
699 1447 768 1455 -—
800 1420 1139 1484 reperiuntur
1184 1420 1241 1468 in
1275 1417 1750 1483 Euchologiis,
1808 1434 1946 1484 quae
1994 1418 2098 1468 illis
2143 1420 2397 1470 inferiora
2445 1426 2569 1470 sunt
2605 1422 2812 1471 aetatis.

320 1503 426 1553 Sed
463 1521 534 1554 ne
573 1504 624 1554 h.
651 1504 686 1554 l.
713 1507 868 1555 nimis
904 1506 1072 1555 multa
1105 1508 1212 1555 iam
1245 1506 1530 1556 dixerimus
1555 1522 1827 1570 veremur,
1864 1506 2019 1571 plura
2043 1506 2274 1556 dabunt:
2313 1508 2375 1556 L.
2404 1508 2467 1556 A.
2494 1508 2812 1572 zacagnius,

321 1591 530 1643 collect.
569 1609 710 1642 mon.
747 1600 854 1643 vet.
890 1593 1039 1643 Eccl.
1079 1610 1154 1659 gr.
1190 1593 1392 1644 Romae
1433 1594 1582 1643 1698.
1621 1593 1788 1658 praef.
1826 1609 1878 1642 n.
1916 1595 2000 1643 60.
2038 1610 2079 1643 s.
2118 1611 2169 1659 p.
2210 1596 2290 1643 74.
2329 1610 2368 1645 s.
2425 1596 2537 1643 Leo
2564 1594 2809 1656 Allatius,

320 1679 383 1729 de
421 1679 578 1730 libris
611 1679 989 1731 ecclesiasticis
1014 1680 1337 1731 Graecorum
1375 1681 1517 1743 diss„
1557 1680 1699 1745 apud
1734 1680 1785 1729 J.
1812 1680 1875 1729 A.
1901 1680 2223 1743 Fabricium,
2261 1680 2514 1731 Biblioth.
2550 1698 2625 1747 gr.
2654 1682 2735 1731 ed.
2761 1697 2811 1731 V.

321 1767 520 1818 Hamb.
562 1770 713 1818 1722.
753 1786 804 1834 p.
843 1770 925 1818 57.
964 1784 1004 1818 s.
1045 1768 1126 1818 ed.
1165 1784 1286 1818 nov.
1323 1768 1534 1817 Harles.
1573 1768 1639 1829 X,
1669 1769 1783 1817 140.
1810 1783 1851 1817 s.
1906 1768 1959 1817 J.
1995 1767 2079 1817 Fl.
2120 1768 2451 1834 Selvaggius,
2488 1768 2665 1833 Antiq.
2705 1768 2811 1819 chr.

318 1856 442 1904 inst.
471 1855 556 1904 ed.
582 1855 768 1904 PataV.
797 1856 947 1905 1780.
971 1855 1042 1916 11,
1070 1856 1151 1904 99.
1203 1854 1412 1917 Scholz,
1450 1854 1516 1905 de
1552 1853 1951 1919 Menologiis
1979 1883 2045 1891 —·
2071 1870 2099 1904 e
2126 1870 2231 1919 quo
2256 1854 2513 1905 lectiones
2551 1855 2755 1905 dierum
2780 1870 2814 1905 a

320 1958 504 1991 mense
543 1940 844 2007 Septembri
879 1942 947 1991 ad
971 1941 1274 2006 Augustum
1309 1940 1558 2006 leguntur
1582 1970 1650 1977 ——
1677 1941 1900 1990 duorum
1927 1941 2184 1991 Codicum
2210 1941 2534 1992 Graecorum
2557 1942 2810 1992 Biblioth.

322 2029 385 2079 R.
409 2029 580 2079 Paris.
618 2029 841 2079 Bonnae
882 2031 1032 2079 1823.
1069 2029 1142 2078 Μ.
1167 2029 1450 2094 Roediger,
1487 2028 1762 2093 symbolae
1800 2046 1850 2094 q.
1877 2029 1945 2078 ad
1969 2029 2033 2079 N.
2061 2030 2122 2078 T.
2147 2029 2447 2095 Evangelia
2481 2031 2813 2095 potissimum

325 2118 668 2181 pertinentes,
707 2116 831 2167 Hal.
871 2118 1022 2167 1827.
1058 2133 1110 2181 p.
1152 2118 1232 2166 14.
1259 2132 1300 2165 s.
1349 2116 1401 2166 J.
1426 2116 1492 2165 Ε.
1518 2116 1793 2179 Damkier‚
1832 2116 1897 2166 de
1932 2117 2195 2181 pericopis
2233 2117 2302 2166 ad
2337 2133 2491 2167 usum
2529 2116 2657 2166 eccl.
2695 2116 2812 2166 fixis

330 2204 451 2253 diss.
489 2204 668 2253 Havn.
710 2206 861 2254 1840.
899 2222 951 2270 Ρ.
989 2206 1070 2253 25.
1098 2219 1138 2253 s.
1189 2188 1240 2253 J’,
1267 2202 1334 2253 H.
1365 2203 1664 2265 Thammer,
1714 2204 1781 2253 de
1818 2205 2021 2269 origine
2061 2209 2114 2253 et
2150 2204 2406 2269 dignitate
2443 2205 2813 2270 pericoparum

329 2306 460 2355 quae
497 2292 709 2357 Evang.
749 2297 801 2341 et
839 2293 992 2357 epist.
1029 2290 1190 2356 vulgo
1227 2296 1487 2341 vocantur
1522 2290 1855 2339 schediasma
1890 2291 1931 2339 I.
1968 2291 2039 2339 II.
2075 2291 2198 2340 Jen.
2238 2294 2389 2341 1716.
2430 2290 2492 2341 Gr.
2518 2291 2708 2353 Rothe,
2746 2291 2812 2340 de

326 2380 694 2443 pericoparum
732 2380 934 2444 origine
961 2379 1083 2429 diss.
1110 2379 1286 2428 Havn.
1316 2380 1466 2429 1839.
1503 2378 1567 2427 E.
1592 2378 1801 2440 Ranke,
1841 2378 1933 2426 das
1972 2377 2263 2427 kirchliche
2300 2379 2811 2442 Pericopensystem.

326 2465 464 2515 Berl.
505 2466 656 2515 1847.
694 2483 746 2531 p.
787 2468 904 2515 258.
957 2464 1183 2515 Saeculo
1223 2481 1255 2515 a
1292 2466 1488 2515 Christi
1537 2463 1817 2515 Natalibus
1867 2466 2020 2513 tertio
2069 2462 2121 2513 S.
2160 2466 2368 2514 Literas
2414 2464 2611 2529 populo
2660 2480 2810 2529 prae-

328 2552 579 2618 legendas
627 2554 684 2601 in
732 2559 910 2618 partes
961 2554 1205 2615 minoreS,
1259 2554 1364 2602 imo
1415 2554 1658 2601 minimas
1706 2552 2017 2601 distributas
2061 2557 2211 2617 patet
2247 2569 2311 2602 ex
2347 2551 2526 2601 multis
2565 2551 2811 2617 Origenis

329 2640 663 2704 testimoniis3
703 2656 840 2706 quae
878 2639 1160 2707 diligenter
1197 2638 1412 2706 collegit
1449 2639 1823 2690 celeberrimus
1849 2640 1917 2689 D.
1942 2639 2187 2703 Huetius,
2224 2642 2281 2690 in
2317 2644 2445 2690 nota
2470 2639 2537 2689 ad
2564 2639 2811 2705 Origenis

326 2743 504 2777 comm.
543 2729 604 2777 in
638 2730 702 2778 L.
739 2730 803 2778 L.
840 2729 971 2793 Reg.
1013 2727 1094 2777 ed.
1135 2727 1320 2777 Colon.
1363 2729 1512 2777 1685.
1551 2728 1620 2776 11.
1658 2744 1709 2776 n.
1747 2745 1798 2793 Ρ.
1835 2729 1884 2776 8.
1920 2726 2060 2776 Illud
2096 2732 2275 2777 autem
2312 2729 2811 2777 commemoratione

325 2815 687 2880 dignissimum
725 2821 820 2879 est,
859 2816 1002 2881 quod
1029 2815 1408 2864 Ammonius
1445 2814 1961 2864 Alexandrinus
1997 2814 2363 2880 philosophuS,
2400 2817 2483 2864 vir
2520 2815 2584 2864 de
2612 2815 2816 2866 Codice

321 2903 737 2969 Evangeliorum
773 2903 1046 2968 praeclare
1083 2905 1327 2965 meritus,
1377 2903 1587 2952 circiter
1633 2903 1843 2952 medio
1894 2902 2164 2952 saeculo
2214 2905 2415 2952 tertio
2465 2903 2811 2951 Harmoniam

321 2991 741 3057 Evangeliorum
765 2991 1116 3041 adornatums
1133 3019 1198 3026 —
1212 3007 1263 3040 V.
1285 2989 1644 3052 Protheoriae‚
1667 3006 1718 3039 n.
1737 2991 1816 3039 14.
1837 3007 1888 3055 p.
1902 2990 2069 3039 XVII.
2085 2993 2366 3038 —textum
2392 2989 2807 3055 Evangeliorum

323 3076 614 3127 secundum
660 3080 922 3128 sec-tiones
973 3077 1330 3142 disposuerat:
1386 3078 1594 3127 iniectis
1642 3079 1699 3126 in
1734 3076 2093 3142 Evangelium
2140 3075 2193 3127 S.
2228 3077 2490 3126 Matthaei
2528 3093 2557 3126 e
2594 3076 2810 3142 reliquis

323 3166 503 3227 tribus,
543 3180 899 3231 quaecunque
925 3165 1069 3230 apud
1094 3166 1267 3230 ipsum
1299 3164 1441 3214 haud
1479 3165 1855 3227 occurrebant,
1895 3179 1959 3212 ac
1996 3164 2251 3229 appositis
2280 3165 2447 3213 textui
2474 3163 2527 3213 S.
2551 3163 2811 3213 Matthaei

322 3251 599 3318 περικοπαῖς
657 3257 950 3302 ceterorum
999 3251 1483 3317 Evangelistarum,
1533 3253 1626 3301 ubi
1677 3251 1743 3300 de
1794 3251 1981 3300 eodem
2034 3256 2346 3316 argumento
2401 3251 2571 3300 fusius
2626 3255 2809 3316 agunt.

323 3339 545 3399 Quando
591 3345 768 3388 autem
815 3339 958 3405 apud
1006 3339 1236 3404 reliquos
1272 3339 1650 3404 Evangelistas
1697 3354 1792 3387 seu
1841 3337 2023 3404 aliqua
2068 3354 2163 3388 seu
2214 3340 2391 3388 omnia
2446 3339 2807 3401 convenirent,

323 3426 600 3491 adscripsit
624 3426 694 3475 ad
719 3442 866 3475 oram
891 3427 1216 3476 Harmoniae
1243 3431 1397 3475 notas
1423 3425 1741 3488 numerales,
1778 3425 2153 3490 parallelarum
2188 3427 2557 3491 pericoparum
2580 3426 2809 3490 indices3

323 3528 540 3578 quarum
596 3514 810 3578 quidem
865 3513 1126 3562 beneficio
1182 3513 1252 3561 ad
1305 3507 1540 3580 ὁμόφωνα
1592 3512 1713 3562 loca
1765 3528 2035 3561 recurrere
2089 3511 2287 3562 liceret.
2327 3541 2391 3548 —
2434 3507 2640 3571 Τίτλους
2696 3513 2809 3562 sive

323 3596 556 3665 κεφάλαια
591 3599 856 3649 Ammonii
893 3606 1135 3649 recenset
1168 3599 1220 3648 J.
1247 3599 1464 3661 Minius,
1501 3599 1704 3665 proleg.
1730 3599 1798 3648 ad
1824 3600 1887 3648 N.
1913 3599 1974 3648 T.
2004 3599 2084 3649 ed.
2112 3600 2175 3648 L.
2203 3601 2433 3649 Kusteri.
2461 3599 2627 3650 Amst.
2658 3602 2808 3650 1710.

323 3703 370 3735 n.
408 3689 524 3737 662.
576 3704 626 3752 Ρ.
667 3688 749 3736 63.
784 3716 850 3722 -
884 3687 1130 3737 Eandem
1186 3688 1398 3736 omnino
1449 3687 1781 3748 divisionem,
1838 3686 1925 3734 hic
1978 3686 2087 3735 illic
2141 3692 2415 3749 mutatam,
2464 3687 2809 3737 Eusebius

326 3773 563 3824 adhibuit
610 3777 666 3823 in
712 3791 808 3824 suo
847 3790 1004 3839 quem
1041 3780 1236 3824 vocant
1277 3774 1349 3835 „C
1367 3777 1628 3835 anone“,
1687 3775 1798 3822 sive
1838 3774 2022 3823 decem
2059 3773 2287 3836 tabulis3
2336 3775 2393 3822 in
2430 3789 2563 3839 quas
2600 3773 2809 3824 Ammo-

325 3863 507 3911 nianas
533 3862 798 3911 sectiones
824 3861 1178 3911 studiosorum
1205 3863 1390 3911 usibus
1417 3861 1851 3912 accommodavit.
1897 3861 1980 3910 De
2005 3861 2087 3909 his
2114 3876 2292 3910 rursus
2327 3861 2427 3909 erit
2452 3860 2809 3910 consulendus

325 3951 804 4012 praestantissimus
840 3948 1057 4010 Minius,
1095 3947 1200 3998 l..c.
1227 3965 1279 3998 n.
1309 3949 1423 3997 738.
1452 3965 1502 4013 p.
1533 3951 1612 3998 70.
1653 3948 1734 3998 Cf.
1764 3965 1807 4000 e.
1835 3964 1886 3997 n.
1916 3948 1997 3999 14.
2034 3947 2395 4009 Protheoriae‚
2429 3947 2464 3997 l.
2492 3965 2536 3998 c.
2563 3965 2613 4012 p.
2639 3947 2807 3999 XVII.

525 4037 746 4086 Interim
780 4037 962 4102 primis
999 4037 1325 4101 temporibus
1351 4051 1452 4084 nec
1477 4035 1638 4100 vulgo
1664 4040 1881 4100 recepta
1918 4036 2020 4083 fuit
2057 4035 2314 4084 eiusmodi
2352 4035 2621 4084 dividendi
2657 4036 2809 4096 rati0,

325 4137 494 4188 neque
549 4123 618 4173 ad
665 4138 828 4172 unam
877 4123 1208 4187 eandemque
1252 4138 1490 4172 normam
1539 4124 1796 4172 instituta.
1870 4122 1922 4171 S.
1964 4122 2359 4185 Caesarius,
2409 4122 2517 4170 divi
2566 4121 2810 4187 Gregorii

325 4211 643 4259 Nazianzeni
671 4211 850 4272 frater,
877 4210 998 4260 dial.
1024 4210 1066 4260 1.
1093 4227 1331 4275 respons.
1359 4213 1440 4260 39.
1480 4211 1624 4275 apud
1649 4209 1991 4258 Gallandium
2016 4209 2107 4271 VI,
2134 4211 2215 4259 26.
2242 4211 2436 4274 inquit:
2479 4209 2809 4271 „Quatuor

325 4298 516 4347 nobis
553 4303 703 4347 sunt
738 4297 1148 4364 Evangelia,
1188 4299 1420 4362 capita
1467 4297 1651 4346 mille
1702 4302 1965 4346 centum
2011 4298 2372 4362 sexaginta
2410 4296 2585 4345 duo“.
2644 4296 2808 4345 Actus

325 4383 706 4449 Apostolorum,
747 4384 998 4450 epistolas
1023 4385 1278 4434 Paulinas
1317 4390 1370 4434 et
1396 4384 1702 4434 Catholicas
1740 4384 1808 4433 ad
1845 4383 2089 4449 publicas
2114 4383 2391 4433 Ecclesiae
2417 4381 2809 4431 Alexandrinae

324 4469 574 4522 lectiones
621 4473 912 4538 dispescuit
947 4472 1354 4534 Euthalius,
1395 4472 1649 4521 diaconus
1689 4472 1877 4521 dictuS.
1943 4470 2114 4521 Gente
2150 4469 2239 4520 vel
2277 4469 2466 4520 saltem
2510 4469 2629 4519 loco
2668 4485 2807 4518 com-

325 4561 624 4610 morationis
676 4565 789 4611 erat-
835 4561 1254 4626 AegyptiUS,
1303 4559 1560 4608 diaconus
1607 4575 1704 4608 seu
1755 4561 1931 4623 potius
1981 4557 2526 4608 archidiaconus
2574 4556 2807 4607 Eccle—
