3309 5300
1198 394 1261 442 De
1288 393 1570 443 versionibus
1596 395 1784 441 Latinis.
2435 426 2442 431 ·
2607 388 2756 453 223.

246 586 309 641 et
350 573 598 659 pietate
647 574 1112 656 eminentibus,
1175 598 1247 639 re
1300 586 1551 640 mature
1598 598 1927 660 perpensa
1969 575 2170 639 latum
2221 585 2318 639 est
2361 574 2487 639 hac
2535 575 2617 639 de
2647 582 2754 638 re'

248 687 587 751 decretum
634 688 702 751 in
747 685 913 751 haec
956 686 1193 751 verba:

450 800 823 884 ,Insuper
870 799 1138 863 eadem
1186 799 1724 864 Sacrosancta
1771 799 2144 886 Synodus
2208 800 2734 865 considerans

243 934 401 976 non
433 934 712 995 parum
745 912 1123 996 utilitatis
1156 912 1549 977 accedere
1591 936 1826 998 posse
1871 913 2290 977 Ecclesiae
2322 914 2490 996 Dei,
2537 915 2598 977 si
2641 936 2736 978 ex

246 1024 607 1088 omnibus
673 1023 983 1089 Latinis
1054 1025 1573 1108 editionibuS,
1652 1048 1849 1111 quae
1921 1027 2598 1090 circumferuntur
2667 1025 2733 1091 S.

244 1136 689 1219 Librorum,
752 1159 1139 1222 quaenam
1184 1161 1329 1223 pro
1377 1138 1862 1203 authentica
1907 1138 2273 1203 habenda
2319 1141 2452 1221 sit,
2521 1140 2736 1203 inno·

250 1259 539 1332 tescat3
610 1251 917 1314 statuit:
986 1259 1066 1313 ut
1124 1250 1321 1315 haec
1381 1252 1561 1335 ipsa
1620 1261 1847 1315 vetus
1921 1260 1992 1315 et
2053 1250 2396 1335 Vulgata
2457 1251 2735 1334 editio,

245 1384 447 1447 quae
516 1361 765 1446 longo
827 1371 943 1427 tot
1000 1363 1494 1427 saeculorum
1555 1386 1699 1427 usu
1761 1365 1836 1426 in
1899 1365 2072 1449 ipsa
2137 1363 2506 1428 Ecclesia
2571 1388 2736 1450 pro-

241 1474 423 1537 bata
502 1485 651 1557 est,
728 1477 808 1538 in
880 1475 1230 1561 publicis
1306 1475 1818 1559 lectionibuS,
1896 1475 2586 1561 disputationibus
2662 1487 2738 1541 et

245 1587 887 1673 expositionibus
956 1611 1095 1673 pro
1174 1588 1652 1652 authentica
1725 1588 2138 1670 habeatur,
2219 1599 2294 1652 et
2365 1600 2444 1653 ut
2517 1612 2734 1653 nemo

241 1698 452 1763 illam
512 1701 857 1765 reiicere
922 1703 1197 1787 quovis
1237 1710 1669 1786 praetextu
1715 1700 2003 1765 audeat
2046 1700 2181 1765 vel
2227 1704 2734 1786 praesumat‘.

452 1813 603 1877 Hoc
648 1814 789 1898 ipso
839 1812 1125 1896 decret0,
1175 1836 1304 1898 qua
1344 1814 1540 1878 editio
1573 1813 1899 1898 Vulgatae
1933 1813 2307 1878 authentica
2338 1813 2735 1897 declaratum

242 1924 615 2011 singulique
642 1927 781 1989 eius
805 1924 986 1989 Libri
1010 1937 1463 1990 recensentur:
1495 1925 1800 1990 Ecclesia
1822 1949 1940 1991 nos
1968 1936 2178 1991 certos
2204 1926 2480 1991 reddere
2511 1926 2735 2009 voluit,

242 2040 307 2100 in
350 2039 434 2101 iis
479 2040 899 2124 praesertim,
976 2061 1175 2125 quae
1238 2038 1335 2101 ad
1379 2039 1619 2103 fidem
1668 2048 1742 2102 et
1785 2062 2042 2103 mores
2088 2049 2486 2124 spectant3
2561 2039 2739 2103 nulla

243 2173 383 2215 esse
433 2152 503 2215 in
545 2150 671 2215 hac
716 2151 1037 2217 Versione
1084 2154 1457 2239 interpretis
1504 2162 1735 2231 errata,
1807 2152 1928 2216 sed
1970 2161 2108 2217 tuto
2155 2174 2350 2238 posse
2395 2152 2622 2216 fideles
2673 2161 2738 2217 et

244 2265 381 2327 sine
418 2264 713 2351 periculo
745 2264 898 2329 huic
928 2266 1214 2330 versioni
1246 2265 1575 2329 confidere
1602 2269 1639 2328 ¹.
1697 2264 1844 2345 Quo
1879 2275 2098 2329 autem
2132 2275 2398 2329 cautum
2430 2275 2619 2348 esset,
2652 2287 2736 2328 ne

246 2399 397 2441 cum
446 2377 923 2463 approbaretur
968 2377 1282 2463 Vulgata,
1334 2377 1522 2442 simul
1570 2380 1764 2441 etiam
1809 2379 2013 2463 ipsius
2060 2377 2462 2463 exemplaria
2505 2379 2740 2442 vitiosa

242 2489 891 2573 commendarentur,
955 2490 1220 2555 decreto
1263 2492 1494 2560 statim
1540 2490 1834 2554 additum
1883 2501 2009 2554 est:
2073 2503 2168 2575 ,ut
2209 2490 2486 2577 posthac
2533 2490 2738 2554 Sacra

242 2601 615 2689 Scriptura,
687 2605 1095 2690 potissimum
1156 2627 1313 2670 vero
1375 2604 1539 2670 haec
1597 2606 1742 2690 ipsa
1799 2614 1989 2669 vetus
2052 2615 2117 2669 et
2182 2604 2474 2690 Vulgata-
2537 2603 2734 2668 editio

242 2737 441 2802 quam
490 2717 1018 2781 emendatissime
1066 2719 1513 2803 imprimatur.‘
1602 2717 1826 2782 Voluit
1869 2719 2089 2804 itaque
2137 2717 2204 2781 S.
2253 2716 2558 2803 Synodus
2614 2717 2737 2781 hac

244 2831 747 2894 constitutione:
820 2831 890 2893 in
955 2840 1289 2917 posterum
1358 2853 1598 2895 novam
1666 2830 1992 2915 Vulgatae
2063 2830 2414 2896 editionem
2485 2853 2734 2912 curare,

245 2963 415 3026 quae
464 2942 769 3008 omnibus
802 2942 1307 3028 insequentibus
1353 2966 1622 3007 normae
1668 2946 1871 3007 instar
1924 2954 2114 3007 esset.

452 3054 587 3119 Ubi
636 3055 717 3120 de
766 3055 1176 3120 emendanda
1221 3055 1506 3141 Vulgata
1547 3058 1918 3122 innotuerat
1963 3056 2326 3120 decretum:
2397 3053 2734 3140 Theologi,

242 3169 529 3232 maxime
577 3167 1048 3251 LovanienseS,
1115 3168 1359 3232 factam
1405 3167 1487 3231 ab
1536 3169 1862 3233 Hentenio
1912 3168 2236 3252 Vulgatae
2282 3170 2735 3232 recensionem

244 3303 397 3346 cum
445 3303 480 3345 e
528 3290 717 3345 textu
764 3282 1131 3366 originario,
1178 3291 1316 3345 tum
1364 3304 1448 3345 ex
1493 3283 1775 3366 antiquis
1809 3280 2143 3345 codicibus
2186 3281 2570 3365 castigatam
2602 3280 2735 3344 edi·

244 3391 400 3458 dere
454 3397 679 3477 1573.;
729 3415 919 3479 ,quae
964 3403 1184 3458 tamen
1233 3392 1427 3458 editio
1490 3393 1648 3458 nihil
1707 3396 1774 3456 in
1815 3391 2118 3457 'Ecclesia
2179 3394 2575 3457 auctoritatis
2638 3402 2734 3456 est

248 3506 517 3593 adepta.
599 3506 751 3572 Jam
816 3508 989 3572 enim
1047 3516 1185 3570 tum
1243 3516 1314 3570 ut
1374 3506 1524 3570 huic
1572 3506 1839 3571 decreto
1888 3505 2270 3571 Tridentino
2315 3506 2502 3570 fieret
2547 3508 2735 3570 satis:

242 3807 448 3858 nendas
484 3809 542 3857 in
579 3808 769 3857 ceteris
805 3806 1001 3873 linguis
1038 3807 1274 3858 sinceras
1312 3809 1581 3858 versiones
1619 3821 1653 3857 a
1691 3805 2012 3872 depravatis.
2075 3806 2364 3872 Supererat
2397 3806 2728 3872 prospicien-

244 3894 389 3956 dum,
438 3910 547 3959 quo
598 3900 757 3960 pacto
793 3894 1029 3959 Vulgata
1076 3894 1236 3944 editio
1290 3895 1512 3956 mendis,
1564 3909 1704 3961 quae
1753 3895 2087 3944 librariorum
2137 3895 2261 3943 vitio
2311 3895 2636 3958 irrepserant
2679 3894 2737 3941 in

243 3981 563 4047 apographa
622 3985 955 4046 purgaretur.
1027 3981 1279 4030 Monente
1335 3980 1598 4046 siquidem
1657 3981 2248 4042 Bellocastrensi,
2314 3981 2568 4030 statutum
2625 3986 2734 4030 est:

245 4069 549 4118 conducere
604 4070 648 4118 si
703 4070 883 4134 reipsa
936 4068 1226 4118 remedium
1280 4067 1646 4131 adhiberetur,
1704 4082 1809 4134 quo
1855 4069 2091 4132 Vulgata
2143 4067 2346 4116 mendis
2403 4071 2631 4132 purgata
2680 4069 2736 4116 in

244 4155 425 4205 lucem
462 4156 749 4206 emittatur.
788 4155 868 4205 Cf.
894 4156 945 4205 J.
972 4155 1303 4217 Pallavicini,
1345 4155 1485 4204 Vera
1521 4155 1752 4204 Concilii
1776 4155 2072 4204 Tridentini
2105 4153 2360 4203 Historia.
2398 4153 2554 4202 Antv.
2584 4156 2735 4202 1670.

244 4243 287 4303 Ι,
328 4245 452 4292 591.
490 4257 532 4292 s.
585 4244 703 4293 596.
742 4257 783 4292 s.
842 4243 1026 4308 Ipsum
1076 4246 1255 4291 autem
1303 4241 1573 4291 decretum
1622 4241 1871 4306 synodus
1909 4242 2220 4291 Tridentina
2267 4240 2411 4302 tulit,
2465 4240 2606 4290 SesS.
2644 4241 2736 4288 IV.

246 4329 438 4379 habita
475 4331 523 4379 8.
561 4328 757 4395 Aprilis
798 4331 948 4379 1546.
1008 4328 1164 4389 Quod
1210 4329 1353 4378 infra
1402 4328 1778 4393 expendemus.
1835 4328 1907 4376 At
1942 4333 2003 4377 ut
2039 4327 2313 4376 decretum
2350 4327 2451 4376 hoc
2488 4328 2735 4388 innotuit,

246 4417 439 4464 mirum
476 4417 688 4480 quantis
728 4417 971 4465 convitiis
1009 4416 1077 4466 sit
1114 4421 1391 4480 exceptum
1430 4416 1498 4465 ab
1535 4417 1617 4478 iis,
1658 4418 1751 4480 qui
1789 4431 1853 4466 6ο
1891 4420 2128 4481 tempore
2168 4416 2234 4464 ab
2265 4413 2515 4464 Ecclesia
2549 4412 2738 4463 infelix

246 4502 427 4552 fecere
466 4502 777 4552 divortium!

470 4590 505 4655 ¹)
544 4589 920 4651 Bellarminus,
960 4589 1026 4638 de
1062 4590 1239 4640 Verbo
1275 4590 1396 4640 Dei.
1434 4589 1469 4639 l.
1504 4589 1575 4640 ΙΙ.
1615 4606 1660 4639 6.
1697 4590 1790 4638 ΙΧ.
1829 4606 1879 4656 p.
1919 4591 2036 4638 135.
