3309 5300
502 398 631 463 218
1226 412 1458 454 Comment-
1490 411 1543 452 de
1570 412 1617 453 S.
1640 413 1802 465 script.
1832 425 1925 465 cap.
1949 424 2033 455 sec.
2065 414 2192 455 tract.
2221 413 2277 454 11.

576 693 636 772 ξ.
682 694 787 757 93.
855 690 1296 773 Bibliorum
1356 691 1778 756 translatio
1838 690 2132 755 Latina
2191 713 2338 778 per
2395 701 2926 777 tempestates

1508 805 1687 868 aevi
1732 804 1991 871 medii.

712 1000 857 1058 Cum
888 1002 945 1058 d.
977 1000 1331 1078 Hieronymi
1362 1000 1672 1058 translatio
1703 1020 1761 1057 se
1792 1003 1978 1075 magis
2025 1003 2089 1058 in
2129 1000 2249 1058 dies
2292 1000 2696 1069 ‚diffunderets
2719 1000 3008 1057 librario-

502 1103 678 1163 rum¹
724 1106 1047 1182 oscitantia,
1097 1126 1217 1165 non
1253 1105 1483 1180 exiguis
1530 1106 1751 1163 infecta
1794 1106 1913 1163 fuit
1950 1106 2193 1163 mendis.
2245 1104 2566 1163 Enimvero
2610 1124 2775 1179 saepe
2824 1105 3009 1163 Nova

503 1210 708 1267 Versio
739 1210 810 1267 ad
844 1211 1153 1287 antiquum
1184 1211 1567 1285 interpretem
1598 1208 1800 1267 reficta
1830 1215 1933 1267 est.
1997 1209 2369 1267 Saeculorum
2402 1209 2649 1265 decursu
2690 1208 3011 1266 variarum

504 1312 819 1371 lectionum
854 1313 1042 1371 Italae
1073 1314 1312 1371 infinita
1340 1314 1493 1372 silva
1522 1335 1557 1371 a
1588 1314 1852 1371 librariis
1881 1314 2085 1372 Novae
2109 1313 2379 1371 Versioni
2411 1312 2645 1370 intexta
2673 1312 2808 1370 fuit.
2843 1312 3008 1370 Ste-

504 1420 775 1493 phanus
806 1418 895 1476 ΙΙ.
933 1420 1129 1477 Abbas
1162 1412 1551 1489 Cistercensis‚
1610 1420 1714 1477 ubi
1746 1419 2037 1493 descripta
2067 1418 2124 1475 S.
2157 1416 2490 1475 Bibliorum
2522 1417 2886 1492 exemplaria
2920 1417 3005 1473 ad

502 1543 673 1579 usum
704 1524 795 1579 sui
826 1522 1081 1594 Ordinis,
1116 1542 1325 1598 parum
1357 1542 1605 1580 consona
1650 1522 2129 1598 interpretationi
2169 1522 2228 1579 S.
2261 1522 2620 1598 Hieronymi
2653 1524 3002 1597 reperisset;

504 1627 768 1701 graviter
818 1627 1070 1684 offensus
1118 1627 1400 1684 eiusmodi
1447 1629 1875 1703 discrepantiis,
1931 1626 2209 1684 instituta
2253 1626 2566 1683 collatione
2615 1644 2660 1682 c.
2695 1645 2746 1683 a.
2805 1630 3006 1683 1109.

503 1750 635 1788 cum
665 1732 950 1788 Hebraeis
986 1737 1049 1789 et
1080 1731 1385 1789 Chaldaeis
1430 1732 1713 1803 fontibus,
1763 1732 2069 1789 emendata
2117 1735 2176 1788 et
2221 1731 2504 1804 castigata
2548 1732 2763 1787 habere
2801 1729 3012 1787 voluit

503 1835 579 1892 D.
613 1835 935 1893 Volumina
956 1832 997 1893 ².
1054 1835 1248 1897 Quare
1295 1840 1363 1893 ut
1402 1836 1731 1893 emendatio
1777 1841 1837 1893 et
1875 1835 2152 1893 correctio
2199 1836 2666 1910 apographorum
2696 1835 3012 1892 Versionis

503 1940 751 1997 Latinae
784 1960 960 2018 quam
991 1942 1248 1997 maxime
1279 1941 1448 1998 fieret
1478 1946 1766 2011 accurata,
1801 1960 2166 2015 summopere
2195 1939 2526 1997 laboratum
2559 1944 2662 1996 est.

710 2044 840 2101 Hoc
867 2044 1060 2119 ipsum
1088 2049 1158 2102 ut
1187 2050 1572 2120 promoveret,
1618 2048 1872 2122 quatuor
1919 2045 2040 2101 fere
2086 2044 2332 2101 saeculis
2377 2044 2539 2117 prius
2569 2043 2683 2099 sibi
2715 2036 3009 2116 religioni

505 2149 679 2206 duxit
709 2148 1009 2206 Carolus
1038 2150 1142 2220 Μ.,
1178 2149 1281 2226 qui
1312 2149 1623 2225 periniquo
1646 2148 1844 2206 animo
1868 2149 2060 2216 ferens
2083 2147 2140 2205 S.
2164 2147 2530 2223 Scriptorum
2557 2146 3008 2222 interpretatio-

502 2272 638 2309 nem
670 2252 936 2322 latinam‚
987 2252 1411 2327 multiplicium
1441 2254 1896 2310 describentium
1926 2253 2076 2309 vitio
2111 2250 2339 2311 mendis
2383 2250 2635 2307 obsitam
2679 2250 3007 2319 vilescere3

504 2375 555 2413 a.
590 2375 638 2413 c.
679 2360 817 2413 778.
853 2356 1105 2413 Flacco
1144 2357 1462 2413 Alcuino
1508 2376 1609 2414 seu
1641 2358 1860 2414 Albino
1889 2389 1972 2397 —
1998 2360 2068 2413 ut
2098 2356 2201 2433 qui
2232 2356 2521 2425 hebraica,
2549 2372 2770 2428 graeca,
2804 2354 3012 2411 latina

502 2462 615 2517 rite
648 2460 898 2519 calleret.
925 2494 1009 2501 -
1031 2461 1435 2519 demandavit:
1468 2460 1736 2519 Doctoris
1761 2461 2009 2519 maximi
2036 2462 2097 2516 in
2123 2459 2484 2535 exponendis
2507 2458 2828 2534 Scripturis
2853 2478 3010 2535 opus

500 2564 783 2641 pristinae
814 2564 1116 2622 vindicare
1156 2564 1488 2639 integritati
1510 2562 1551 2623 3.
1613 2565 1792 2623 Hunc
1835 2564 2036 2643 itaque
2069 2564 2456 2621 necessarium
2489 2563 3001 2641 utilissimumque

500 2871 713 2920 veritati
761 2869 1089 2920 concordare
1132 2870 1301 2933 magis
1351 2868 1578 2933 probata
1623 2872 1720 2929 est,
1769 2867 1970 2916 idcirco
2019 2867 2271 2918 Ecclesia
2315 2866 2510 2916 Christi
2561 2882 2654 2932 per
2689 2868 3004 2916 universam

499 2958 846 3006 Latinitatem
882 2971 1013 3020 prae
1052 2957 1239 3005 ceteris
1277 2955 1521 3004 omnibus
1559 2953 2017 3016 translationibus,
2058 2969 2192 3019 quas
2230 2955 2426 3004 vitiosa
2453 2954 2841 3018 interpretatio,
2879 2956 3002 3004 sive

499 3045 669 3108 prima
700 3043 765 3092 de
791 3043 1042 3091 Hebraeo
1076 3043 1133 3091 in
1158 3041 1438 3102 Graecum,
1476 3042 1589 3090 sive
1627 3041 1868 3090 secunda
1902 3040 1971 3091 de
1999 3039 2207 3091 Graeco
2244 3041 2304 3090 in
2326 3041 2582 3089 Latinum
2616 3040 2774 3103 facta,
2813 3057 3002 3090 corru-

500 3134 667 3196 perat,
703 3129 845 3178 hanc
882 3127 1052 3178 solam
1072 3127 1371 3199 'legendam
1409 3132 1462 3176 et
1496 3129 1553 3176 in
1590 3129 1908 3177 auctoritate
1947 3126 2249 3177 habendam
2289 3127 2607 3177 constituit.“

717 3215 754 3280 ¹)
791 3215 856 3264 Id
894 3220 975 3265 est
1012 3214 1416 3276 monachorum,
1468 3217 1559 3280 qui
1595 3221 1724 3264 tunc
1774 3215 2138 3264 describendis
2187 3213 2578 3278 exemplaribus
2621 3215 3000 3264 incubuerunt.

502 3301 543 3368 2)
585 3302 666 3352 Cf.
713 3302 1005 3352 Censuram
1055 3301 1311 3366 Stephani
1354 3301 1492 3352 Abb.
1545 3301 1765 3352 Cisterc.
1816 3318 1922 3352 sec.
1973 3302 2040 3351 de
2089 3301 2293 3367 aliquot
2339 3300 2470 3351 locis
2507 3301 2799 3350 Bibliorum
2847 3302 3002 3366 apud

499 3389 785 3451 Mabillon‚
832 3393 955 3454 post
992 3387 1241 3437 Chronol.
1278 3388 1667 3438 Bernardinam
1710 3406 1764 3454 p.
1803 3391 1885 3440 11.
1961 3389 2002 3453 ³)
2055 3389 2137 3438 cf.
2185 3389 2620 3438 constitutionem
2669 3403 2719 3438 a.
2761 3390 2873 3442 788.
2930 3389 3000 3438 de

501 3476 872 3526 emendatione
908 3475 1192 3524 Librorum
1238 3480 1293 3524 et
1329 3473 1639 3525 Officiorum
1687 3474 2196 3537 ecclesiasticorum,
2246 3477 2302 3524 in
2349 3473 2750 3540 Capitularibus
2786 3476 2998 3540 Regum

498 3564 831 3614 Francorum
881 3563 963 3612 ed.
1012 3561 1223 3612 Baluzii
1270 3563 1393 3612 Par.
1434 3564 1584 3612 1780.
1632 3563 1675 3623 Ι,
1725 3563 1843 3612 203.
1907 3562 2013 3612 Ubi
2060 3563 2140 3611 vir
2188 3577 2424 3612 summus
2475 3563 2631 3612 dicit:
2679 3563 3000 3627 iampridem

499 3653 776 3701 universos
813 3650 1021 3699 Veteris
1073 3664 1136 3699 ac
1176 3651 1315 3700 Novi
1350 3650 1694 3699 Instrumenti
1728 3651 1922 3700 Libros
1971 3649 2310 3698 librariorum
2345 3650 2614 3714 imperitia
2657 3649 2998 3715 deprava-tos,

499 3740 617 3788 Deo
657 3754 753 3788 nos
788 3739 845 3786 in
884 3736 1132 3786 omnibus
1178 3736 1493 3798 adiuvante,
1540 3738 1859 3786 examussim
1903 3738 2275 3786 c01·reximus.‘⁶
2341 3735 2520 3801 Opera
2555 3737 2660 3786 ista
2693 3739 2770 3786 rei
2805 3751 2999 3786 sacrae

500 3840 701 3874 summe
752 3823 992 3889 proficua
1039 3828 1319 3888 tantopere
1372 3823 1520 3872 cordi
1566 3823 1669 3872 fuit
1706 3823 1899 3874 Cal-olo
1949 3823 2038 3885 Μ.,
2089 3828 2150 3872 ut
2195 3825 2424 3888 ipsemet
2474 3823 2622 3872 illum
2669 3838 2870 3873 vacuus
2923 3825 2996 3874 ab

498 3911 769 3976 regiminis
823 3910 1123 3972 laboribus,
1176 3909 1495 3975 quibusdam
1544 3911 1735 3961 diebus
1785 3912 1964 3961 subire
2014 3911 2160 3960 haud
2207 3915 2536 3975 gravaretur.
2606 3910 2888 3975 Reperitur
2939 3912 3000 3959 in

499 3997 835 4046 Bibliotheca
873 3996 931 4047 C.
970 3997 1032 4046 R.
1070 3996 1323 4046 Palatina
1361 3998 1530 4046 codex
1574 3999 1971 4062 antiquissimus
2009 4001 2062 4046 et
2097 3999 2510 4063 pretiosissimus
2555 3997 2997 4046 membranaceus

498 4101 641 4145 mss„
679 4084 857 4132 iudice
891 4083 1197 4145 Lambecio,
1237 4083 1531 4134 Comment.
1570 4084 1635 4134 de
1661 4083 1959 4150 Angustiss.
1985 4075 2123 4134 Bibl'.
2152 4083 2211 4133 C.
2237 4083 2466 4133 Vindob.
2505 4082 2538 4132 l.
2564 4084 2710 4134 VIII.
2747 4084 2811 4133 V.
2842 4086 2996 4134 1679.

498 4170 621 4220 add.
660 4171 723 4220 V.
758 4187 811 4235 p.
850 4172 969 4220 645.
1008 4185 1049 4218 s.
1098 4171 1167 4220 ad
1194 4169 1585 4220 'bibliothecam
1622 4171 1820 4221 Palatii
1863 4172 1947 4220 sui
1983 4171 2248 4236 Aquensis
2285 4199 2354 4208 —-
2392 4169 2473 4220 Cf.
2511 4187 2557 4222 e.
2597 4169 2798 4220 Comm.
2835 4171 2906 4232 ΙΙ,
2946 4173 2998 4219 5.

498 4274 549 4323 p.
589 4259 707 4308 264.
748 4285 811 4294 -—·
850 4258 1148 4322 pertinens,
1194 4259 1251 4308 in
1300 4273 1405 4322 qno
1446 4257 1694 4322 Origenis
1745 4257 2048 4323 explanatio
2087 4274 2170 4323 ep.
2209 4257 2262 4307 S.
2303 4257 2462 4306 Pauli
2511 4257 2581 4306 ad
2617 4259 2767 4307 Rom.
2817 4257 2901 4306 vel
2940 4260 2998 4306 in

498 4347 614 4411 ipso
654 4349 932 4406 contextu,
983 4343 1070 4393 vel
1114 4344 1541 4406 interlineariter,
1582 4344 1672 4394 vel
1719 4345 1788 4394 ad
1828 4346 2120 4410 marginem
2157 4346 2376 4410 propria
2413 4343 2595 4394 Caroli
2634 4345 2793 4408 Regis
2831 4360 2998 4394 manu

500 4432 899 4483 emendationes
937 4438 991 4482 et
1026 4433 1401 4482 annotationes
1450 4433 1683 4496 scriptae
1731 4432 1996 4497 leguntur.
2059 4433 2121 4482 V.
2161 4447 2207 4482 e.
2243 4431 2305 4480 A.
2342 4431 2431 4482 Fr.
2469 4431 2713 4492 Kollarii,
2751 4431 2997 4481 Analect.

502 4535 547 4568 0.
588 4533 667 4568 ae.
705 4520 931 4570 Vindob.
973 4522 1124 4570 1761.
1163 4520 1204 4569 1.
1244 4536 1294 4584 p.
1336 4521 1451 4568 724.
1490 4535 1541 4568 n.
1580 4535 1629 4568 a.
1690 4518 1773 4568 Cf.
1813 4534 1859 4568 e.
1896 4518 1948 4569 J.
1989 4519 2049 4568 C.
2077 4518 2148 4567 ·F.
2185 4519 2342 4581 Baer,
2389 4519 2455 4568 de
2492 4519 2768 4568 literarum
2803 4519 2996 4568 studiis

501 4621 534 4655 a
582 4604 779 4657 Carolo
828 4607 900 4657 M.
952 4608 1229 4658 revocatis.
1278 4605 1526 4657 Heidelb.
1568 4607 1720 4656 1855.
1769 4623 1820 4674 p.
1863 4608 1908 4656 7.
1946 4622 1984 4658 s.
2051 4604 2240 4657 Obiter
2285 4605 2336 4657 h.
2372 4605 2408 4656 1.
2459 4605 2636 4658 adhuc
2683 4621 2994 4659 monemus:
