3309 5300
580 430 708 503 244
1296 443 1531 491 Commeat.
1560 444 1615 489 de
1641 449 1692 489 8.·
1707 448 1862 499 script.
1891 456 1985 499 cap.
2015 458 2101 490 sec.
2129 448 2257 491 tract.
2285 444 2341 490 11.

576 627 1079 691 Quemadmodum
1120 630 1274 703 apud
1315 628 1460 686 alias
1501 633 1700 703 gentes
1739 629 1918 704 primi
1955 629 2266 703 Evangelii
2299 648 2608 703 praecones
2647 648 2784 685 mox
2823 628 3065 687 solliciti

576 737 777 791 erant:
841 733 941 803 ,de
983 732 1384 791 'vernacula
1444 733 1503 789 S.
1552 732 1966 807 Scripturae
2025 722 2686 808 interpretatione‘3
2749 734 2838 791 ita
2889 739 2952 791 et
3003 736 3068 791 in

577 853 734 895 'nova
775 837 1139 913 plantatione
1180 838 1387 895 vineae
1430 838 1672 895 Domini
1711 857 1818 913 per
1860 837 2232 912 Hungariam
2270 838 2426 895 idem
2472 837 2738 895 fecerunt
2781 837 3066 912 Religiosi

572 942 810 1000 Ordinis
846 942 905 999 S.
924 941 1245 1012 Benedicti,
1280 940 1493 1019 quibus
1523 960 1643 999 non
1669 942 1858 998 defuit
1875 946 2105 1017 promta
2134 942 2565 1017 interpretandi
2587 942 2854 1000 facultas.
2895 941 3068 999 Certe

571 1052 743 1105 vetus
782 1047 1140 1122 biographus
1181 1046 1239 1103 S.
1284 1046 1532 1103 Gerardi
1572 1045 1992 1103 Chanadiensis
2031 1045 2284 1121 episcopi
2329 1050 2565 1103 narrat:
2612 1047 2824 1118 ,inter
2869 1066 3066 1123 prae-

570 1152 757 1209 fatos
795 1152 1170 1208 monachos
1212 1155 1419 1208 erant
1456 1155 1721 1225 septem
1759 1150 1905 1209 viri
1945 1150 2264 1222 literati,
2307 1155 2375 1207 et
2419 1152 2768 1225 ungarica
2809 1152 3068 1225 lingua

570 1254 1007 1331 interpretes
1036 1255 1380 1331 expediti‘
1410 1254 1445 1311 ¹.
1493 1254 1762 1331 Synodus
1793 1259 1989 1312 autem
2019 1254 2438 1329 Strigoniensis
2467 1275 2522 1312 a.
2562 1251 2786 1312 1114.2
2815 1255 3065 1312 statuit:

574 1360 668 1431 ,In
724 1361 885 1417 omni
939 1360 1231 1417 dominico
1291 1360 1385 1416 die
1438 1359 1503 1415 in
1558 1358 1880 1417 maioribus
1931 1359 2206 1417 Ecclesiis
2257 1359 2651 1433 Evangelium
2703 1363 2763 1416 et
2813 1359 3066 1434 epistola

571 1468 947 1541 exponantur
998 1464 1269 1540 populo‘3
1325 1464 1531 1540 utique
1584 1464 1792 1537 lingua
1843 1465 2077 1539 patria,
2121 1482 2299 1541 quam
2348 1462 2530 1521 solam
2581 1463 2684 1520 ille
2735 1463 3064 1521 intellexit.

577 1570 644 1627 B.
687 1570 1077 1643 Margaritam
1122 1568 1309 1642 Virg.,
1358 1568 1533 1625 Belae
1576 1566 1684 1625 IV.
1731 1569 1884 1641 regis
1928 1567 2134 1639 filiam,
2182 1568 2500 1625 Psalmos
2546 1572 2605 1625 et
2648 1567 3066 1625 Passionem

568 1672 795 1731 Christi
838 1672 1053 1731 sensim
1098 1691 1167 1729 ac
1210 1674 1418 1731 devote
1470 1672 1863 1746 hungarico
1914 1673 2256 1731 idiomate
2309 1671 2542 1747 legisse,
2598 1672 2786 1729 tradit
2834 1672 3064 1747 priscus

566 1769 815 1853 scriptor
857 1778 1017 1836 vitae
1046 1777 1259 1835 Beatae
1276 1774 1319 1833 3.
1383 1776 1627 1834 Nullam
1663 1780 1861 1834 tamen
1891 1778 1965 1834 ad
1997 1796 2100 1834 nos
2130 1796 2312 1855 usque
2349 1776 2565 1834 saeculi
2592 1776 2747 1834 XII.
2781 1782 2840 1834 et
2867 1776 3063 1834 XIII.

566 1882 1115 1957 interpretationem
1160 1880 1220 1938 S.
1268 1880 1600 1939 Bibliorum
1654 1880 2060 1955 Hungaricam
2109 1901 2405 1957 superesse
2419 1927 2432 1953 ,
2485 1900 2656 1938 nemo
2707 1881 3062 1950 mirabitur3

565 1987 670 2064 qui
720 1984 1050 2043 infelicium
1103 1984 1346 2043 illorum
1399 1989 1732 2060 temporum
1783 1984 2048 2043 miserias
2063 2029 2076 2055 ,
2135 1986 2205 2042 de
2257 1985 2470 2063 quibus
2521 1985 2703 2061 patrii
2755 1990 2815 2043 et
2865 1986 3066 2043 exteri

466 2130 471 2133 -
568 2092 883 2166 scriptores
913 2090 1116 2147 acerbe
1154 2093 1610 2167 conqueruntur,
1648 2089 2046 2165 perpenderit.

772 2193 1049 2251 Laetiora
1087 2194 1313 2251 saeculo
1355 2193 1529 2251 XIV.
1575 2197 1634 2250 et
1673 2193 1813 2251 XV.
1857 2196 2025 2252 bonis
2055 2194 2242 2250 literis
2272 2213 2377 2268 per
2413 2213 2543 2251 oras
2573 2194 2764 2268 Regni
2795 2195 3060 2253 Mariani

566 2299 915 2356 accedebant
960 2298 1353 2367 incrementa;
1406 2316 1538 2355 cum
1582 2297 1655 2354 iis
1695 2298 1761 2353 in
1807 2297 2044 2371 regibus
2090 2298 2388 2356 Ludovico
2429 2298 2532 2369 M„
2581 2297 2962 2372 Sigismundo
3004 2303 3064 2355 et

564 2404 795 2461 Mathia
829 2402 1082 2460 Corvino
1124 2421 1223 2459 eae
1256 2401 1525 2459 liberales
1560 2406 1757 2459 nactos
1797 2402 2024 2459 fuerint
2061 2404 2440 2459 Maecenates.
2497 2402 2665 2459 Unde
2709 2403 2820 2460 hac
2864 2407 3060 2461 aetate

565 2507 762 2583 plures
791 2507 977 2565 factae
1000 2511 1141 2565 sunt
1164 2506 1594 2576 translationes,
1630 2526 1882 2584 quarum
1901 2506 2073 2564 hodie
2095 2526 2324 2584 quoque
2347 2511 2586 2564 exstant
2606 2506 2912 2585 sequentia
2934 2507 3060 2567 fere

562 2611 957 2670 monimenta:
1014 2610 1246 2669 Codex
1299 2610 1872 2669 Vindobonensis
1923 2610 2182 2668 XLVII.
2213 2607 2254 2682 ⁴,
2311 2612 2712 2687 apographum
2764 2613 3060 2670 versionis

562 2716 789 2774 saeculo
825 2715 999 2774 XIV.
1042 2714 1273 2774 factae5
1310 2736 1417 2791 per
1459 2715 1786 2774 Thomam
1823 2719 1883 2774 et
1915 2714 2402 2786 Valentinum,
2448 2736 2479 2772 e
2508 2715 2738 2773 familia
2769 2716 3060 2774 Fratrum

566 2820 867 2879 Minorum
912 2822 981 2878 de
1026 2820 1419 2878 observantia.
1497 2822 1586 2877 De
1632 2821 1725 2876 his
1772 2823 2023 2877 testatur
2075 2819 2386 2890 ,Chronica
2435 2841 2537 2877 seu
2582 2819 2742 2894 origo
2795 2821 3058 2878 fratrum

562 2927 865 2984 Minorum
895 2926 963 2982 de
1004 2926 1379 2984 observantia
1418 2925 1482 2982 in
1520 2925 1852 2982 Provinciis
1890 2925 2136 2982 Bosnjae
2175 2930 2235 2982 et
2272 2924 2618 2999 Hungariae
2647 2925 2882 2983 Christo
2915 2925 2954 2982 J
2955 2945 3060 2983 esu

560 3029 987 3088 militantium:
1050 3029 1343 3087 Thomas
1396 3035 1465 3088 et
1519 3029 1948 3094 Valentinus
1975 3073 1989 3087 .
2017 3075 2030 3087 .
2060 3074 2074 3087 .
2137 3029 2399 3088 Clerici
2453 3029 2806 3088 haeresim
2857 3050 3059 3105 prae-

558 3135 825 3192 dictam
877 3167 963 3176 —-
1014 3154 1091 3191 sc.
1155 3135 1534 3192 Hussitarum
1596 3168 1680 3176 ——
1735 3135 2168 3192 seminantes
2236 3133 2627 3210 Utriusque
2687 3133 3060 3192 Testamenti

558 3239 790 3314 Scripta
804 3239 870 3296 in
888 3239 1302 3311 Hungaricum
1325 3239 1543 3296 idioma
1567 3241 2003 3298 converterunt‘
2024 3237 2065 3296 6.
2095 3237 2370 3295 Continet
2392 3239 2506 3295 ista
2530 3239 2720 3296 versio
2744 3245 3058 3316 sequentes

770 3497 804 3560 1)
845 3497 903 3546 C.
944 3499 1025 3546 12.
1063 3497 1161 3561 Ap.
1199 3496 1505 3559 Endlicher,
1556 3497 1678 3546 Rer.
1717 3497 1896 3562 Hung.
1934 3497 2078 3546 Mon.
2115 3497 2312 3562 Arpad.
2351 3496 2606 3563 Sangalli.
2647 3499 2800 3547 1849.
2839 3515 2891 3563 p.
2929 3501 3054 3549 219.

557 3583 597 3649 ²)
635 3583 793 3648 Apud
820 3582 879 3632 C.
906 3581 1155 3646 Peterffy‚
1197 3583 1249 3632 S.
1278 3582 1479 3632 Concil.
1504 3584 1573 3632 H.
1599 3585 1722 3632 Pos.
1751 3585 1902 3633 1741.
1941 3584 1984 3646 Ι,
2011 3585 2094 3634 55.
2157 3585 2197 3648 ³)
2237 3585 2406 3644 Quem
2433 3584 2598 3632 edidit
2635 3583 2697 3634 G.
2725 3585 2885 3649 Pray,
2927 3587 3056 3636 Vita

559 3668 614 3718 S.
650 3669 998 3719 Elisabethae
1036 3685 1137 3719 nec
1173 3685 1282 3718 non
1318 3669 1377 3719 B.
1416 3670 1740 3735 Margaritae
1778 3671 1840 3719 V.
1872 3671 2032 3734 Tyrn.
2064 3673 2212 3720 1770.
2275 3669 2526 3735 Scriptor,
2564 3676 2624 3720 ut
2659 3673 2836 3737 inquit
2873 3674 3053 3722 erudi-

554 3758 789 3806 tissimus
828 3756 1025 3805 editor:
1068 3761 1277 3817 „aetate
1315 3757 1384 3805 ad
1422 3757 1622 3806 obitum
1646 3758 1710 3807 B.
1736 3756 2059 3822 Margaritae
2091 3786 2151 3793 -
2181 3759 2331 3806 1271.
2359 3786 2424 3793 -
2452 3759 2688 3822 proxime
2726 3759 3048 3809 acccdens.“

554 3859 606 3908 p.
646 3845 763 3892 249.
811 3843 875 3893 V.
922 3860 973 3908 p.
1012 3845 1130 3892 258.
1170 3845 1287 3893 270.
1350 3843 1431 3892 Cf.
1482 3849 1535 3892 et
1584 3842 1636 3892 S.
1675 3843 1936 3905 Ferrarii,
1988 3845 2054 3893 de
2099 3844 2282 3893 Rebus
2331 3845 2677 3909 Hungaricae
2724 3845 3051 3897 Provinciae

556 3929 619 3978 Ο.
657 3929 1104 3979 Praedicatorum.
1151 3930 1343 3978 Vienn.
1382 3931 1535 3979 1637.
1571 3946 1623 3994 p.
1662 3931 1780 3978 254.
1819 3945 1861 3978 s.
1935 3931 1976 3995 ⁴)
2023 3929 2399 3990 „Chai-tacens.
2447 3931 2600 3980 Saec.
2637 3931 2752 3982 XV.
2792 3931 3050 3982 foliorum

556 4017 671 4065 161.
698 4017 746 4064 4.
782 4015 1085 4066 charactere
1124 4021 1239 4066 atro
1273 4015 1634 4066 >crassiusculo
1672 4017 1998 4082 perscriptus
2037 4021 2090 4066 et
2114 4017 2338 4066 rubricis
2375 4016 2702 4066 distinctus.“
2753 4017 2828 4066 M.
2855 4019 3047 4082 Denis,

552 4101 783 4152 Codices
820 4101 966 4152 Mssi.
991 4102 1176 4152 Theoi.
1214 4102 1466 4152 Biblioth.
1493 4103 1666 4153 Palat.
1703 4103 1773 4166 H,
1803 4105 1848 4152 1.
1887 4103 2114 4153 Vindob.
2145 4105 2293 4154 1799.
2331 4120 2381 4168 p.
2421 4105 2504 4152 68.
2567 4105 2608 4167 ⁵)
2645 4105 3048 4169 Dobrentei‚

550 4188 586 4238 1.
606 4189 641 4238 i.
667 4204 711 4237 c.
738 4205 789 4253 p.
810 4189 1055 4238 XXVIII.
1082 4191 1219 4239 inter
1244 4205 1291 4238 a.
1320 4191 1453 4239 1336
1470 4219 1510 4226 -—<
1530 4191 1679 4239 1444.
1705 4190 1903 4240 factam
1927 4190 2102 4239 habet.
2152 4191 2217 4240 N.
2243 4187 2487 4254 Revay,
2515 4191 2607 4254 qui
2629 4190 2772 4240 hunc
2801 4192 3048 4242 codicem

453 4327 457 4332 ,
552 4277 752 4324 maiore
800 4291 919 4324 cum
970 4281 1233 4342 apparatu
1274 4277 1331 4324 in
1366 4276 1537 4326 lucem
1588 4276 1826 4342 proferre
1872 4276 2068 4340 voluit-3
2117 4275 2295 4341 Antiq.
2332 4267 2437 4326 L'it.
2473 4277 2655 4342 Hung.
2704 4279 2848 4327 Pest.
2891 4266 3046 4330 1803'.

549 4377 602 4426 p.
630 4363 712 4412 23.
740 4362 856 4412 eius
896 4366 1125 4411 aetatem
1152 4363 1222 4412 ad
1246 4378 1295 4412 a.
1322 4381 1373 4428 p.
1403 4365 1551 4412 1450.
1590 4362 1910 4428 ponendam,
1949 4367 2259 4434 partemque
2297 4362 2608 4427 diligentiae
2631 4364 2696 4412 L.
2722 4361 3046 4429 Bathoryi

550 4448 854 4498 arbitratur.
903 4448 977 4498 St.
1016 4445 1287 4512 Horvath,
1336 4450 1537 4500 tudom.
1576 4449 1758 4514 Gyfljt.
1795 4451 1940 4500 Pest.
1982 4450 2132 4499 1835.
2177 4449 2246 4510 ΙΙ,
2287 4451 2369 4499 18.
2408 4463 2450 4498 s.
2495 4453 2650 4514 putat
2693 4465 2838 4500 anno
2888 4453 3041 4501 1382.

550 4539 733 4584 natam
771 4550 906 4585 esse.
981 4533 1020 4600 ⁸)
1062 4537 1451 4586 Testimonium
1496 4537 1599 4586 hoc
1644 4553 1675 4586 e
1711 4536 1827 4586 cod.
1866 4551 1988 4586 mss.
2025 4536 2166 4586 ined.
2211 4535 2465 4586 Biblioth.
2507 4534 3042 4588 Alba-Carolinensis

548 4621 895 4684 Dobrenteio,
933 4621 967 4670 l.
1006 4622 1039 4670 i.
1080 4639 1123 4671 c.
1162 4640 1213 4688 p.
1251 4622 1452 4672 XXIII.
1490 4624 1901 4673 communicavit
1935 4621 2081 4672 Aem.
2121 4623 2302 4688 Buczy
2341 4622 2471 4672 Can.
2509 4621 2726 4674 Albens.
