3309 5300
468 390 596 453 204
1170 403 1403 444 Comment.
1434 404 1486 445 de
1514 404 1558 448 S.
1582 404 1737 455 Script.
1768 415 1862 455 cap.
1893 416 1981 445 sec.
2009 406 2138 446 tract.
2168 406 2224 447 II.

468 600 661 659 ,nam
724 586 837 641 est
897 576 1315 642 verborum
1375 580 1734 644 tenacior
1794 602 1962 644 cum
2021 581 2600 666 perspicuitate
2655 588 2968 644 senten-

468 690 662 753 tiae‘
687 692 725 753 ¹.
810 690 1089 755 Nomine
1158 690 1427 773 ,Itala‘
1496 693 2102 778 interpretationem
2167 693 2502 775 Latinam,
2588 694 2654 755 in
2715 692 2971 757 Italia

470 811 719 865 ortam
762 802 1253 887 intelligendam
1285 826 1449 886 esse,
1498 806 1762 889 egregie
1811 805 2154 869 confirmat
2184 828 2232 869 s,
2265 804 2538 869 Praesul
2571 804 2969 890 Hipponen-

468 914 595 977 sis2
638 915 937 979 tradens:
986 916 1240 1001 ,Itaque
1288 918 1340 981 si
1388 917 1469 980 de
1530 916 1662 980 fide
1712 918 2182 1004 exemplarium
2230 919 2522 1003 quaestio
2570 926 2969 999 verteretur,

470 1048 554 1089 ex
586 1026 857 1091 aliarum
888 1030 1230 1112 regionum
1263 1028 1619 1113 codicibuS,
1652 1030 1860 1095 unde
1906 1032 2082 1116 ipsa
2129 1030 2500 1095 doctrina
2542 1032 2968 1113 commeavit,

468 1147 691 1202 nostra
738 1138 1050 1204 dubitatio
1115 1140 1619 1206 diiudicaretur.‘
1692 1141 1858 1207 Cum
1902 1166 2060 1207 vero
2110 1166 2196 1205 ex
2239 1143 2430 1207 Italia
2474 1142 2560 1207 ad
2603 1142 2972 1207 Africanos

470 1252 850 1315 commearit
896 1252 1193 1316 doctrina
1240 1252 1506 1336 Christi3
1570 1262 1635 1317 et
1698 1277 1846 1318 cum
1904 1254 2016 1319 illa
2061 1256 2198 1323 sine
2264 1254 2460 1319 dubio
2506 1257 2723 1344 versio
2771 1254 2840 1319 S.
2889 1254 2968 1319 S.

465 1362 668 1451 latina
723 1365 789 1427 in
852 1386 997 1428 eam
1056 1366 1463 1450 provinciam
1529 1369 2000 1452 commigravit.
2089 1366 2225 1431 Sed
2283 1342 2481 1432 misso
2545 1370 2808 1432 nomine
2872 1365 2973 1431 ad

468 1484 751 1540 aetatem
796 1476 1133 1541 Versionis
1176 1488 1437 1543 nostrae
1487 1478 1925 1543 definiendam
1969 1481 2487 1565 progrediamur.
2548 1481 2778 1545 Plures
2825 1482 2970 1544 iam

468 1611 508 1652 a
538 1591 761 1674 primis
792 1592 886 1653 rei
920 1576 1325 1656 Christianae
1357 1592 1762 1679 temporibus
1792 1596 2169 1658 versiones3
2199 1593 2264 1659 S.
2293 1594 2556 1659 Codicis
2586 1593 2858 1657 Latinas
2887 1595 2974 1655 in

466 1701 765 1777 manibus
791 1702 989 1767 fuisse
1018 1703 1550 1788 Christianorum,
1576 1704 1806 1769 Italiae
1842 1708 2271 1792 potissimum,
2294 1706 2564 1770 Africae
2593 1715 2658 1770 et
2679 1704 2970 1787 Galliae,

468 1837 503 1878 e
550 1813 828 1880 laudatis
875 1839 924 1880 S.
969 1816 1320 1903 Augustini
1381 1821 1621 1903 atque4
1680 1818 2070 1905 Hieronymi
2129 1821 2513 1885 testimoniis
2576 1819 2883 1884 discimus
2916 1821 2970 1882 ⁵.

468 2087 678 2137 semper
703 2073 751 2123 d.
777 2073 999 2123 Praesul
1030 2074 1395 2138 Hipponensis
1431 2072 1677 2123 laudabit
1702 2073 1937 2139 aliquam
1961 2075 2262 2123 versionem
2287 2078 2518 2123 veterem
2545 2079 2670 2123 ante
2696 2090 2736 2124 s.
2763 2075 2970 2123 Hiero-

467 2176 683 2223 nymum
734 2162 839 2210 iam
882 2165 1192 2210 exstantem.
1254 2159 1453 2209 Contra
1488 2176 1670 2210 60111111
1711 2160 2017 2223 audaciam,
2069 2161 2162 2225 qui
2208 2160 2372 2211 talem
2418 2162 2681 2211 exstitisse
2724 2165 2964 2225 negant3

467 2262 678 2311 semper
715 2247 951 2297 eiusdem
991 2264 1031 2297 s.
1070 2248 1352 2313 Augustini
1389 2248 1580 2310 versio,
1621 2247 1689 2296 ab
1727 2248 2152 2313 Hieronymiana
2190 2247 2416 2310 diversa,
2455 2247 2734 2297 retinenda
2769 2250 2884 2297 6111.

678 2334 716 2399 ¹)
755 2335 829 2384 Ut
877 2334 1005 2383 dicit
1055 2334 1197 2383 idem
1246 2333 1298 2383 S.
1335 2334 1686 2399 AugustinuS,
1735 2333 1768 2383 1.
1814 2350 1858 2383 c.
1904 2352 1955 2399 p.
1994 2336 2078 2383 47.
2154 2333 2195 2395 ²)
2237 2333 2438 2383 Contra
2470 2334 2730 2383 Faustum
2766 2334 2860 2395 XI,
2907 2336 2966 2381 2.

464 2438 515 2485 p.
567 2422 684 2470 219.
758 2421 799 2485 3)
837 2422 958 2471 Non
1006 2437 1132 2471 vero
1191 2420 1625 2485 „exemplaria
1677 2420 1900 2485 plura“
1957 2422 2118 2471 unius
2169 2420 2514 2485 eiusdemque
2549 2421 2842 2481 Versionis,
2897 2424 2972 2468 111

466 2512 680 2556 sumunt
725 2508 784 2558 P.
824 2506 1086 2569 Sabatier,
1139 2507 1202 2557 O.
1256 2508 1307 2558 S.
1358 2508 1419 2557 B.
1472 2524 1500 2557 e
1540 2506 1735 2572 Congr.
1793 2508 1843 2557 S.
1894 2508 2069 2556 Mauri
2128 2508 2388 2573 „improbi
2439 2508 2582 2556 illius
2631 2508 2722 2571 qui
2775 2508 2973 2556 omnia

464 2596 632 2643 vincit
686 2594 883 2645 laboris
944 2595 1354 2660 indefessaeque
1409 2594 1703 2643 industriae
1759 2609 1823 2643 ac
1877 2594 2176 2644 sedulitatis
2239 2593 2540 2660 exemplum
2594 2594 2737 2643 omni
2790 2594 2972 2643 aetati

463 2683 875 2731 venerandum.“
932 2683 1138 2745 Ranke‚
1176 2683 1212 2730 l.
1246 2683 1281 2732 i.
1320 2689 1364 2730 c.
1403 2699 1453 2746 p.
1494 2684 1539 2731 7.
1566 2711 1632 2718 -
1658 2681 1954 2731 Bibliorum
2004 2681 2056 2731 S.
2094 2682 2323 2731 Latinae
2360 2682 2648 2730 versiones
2698 2683 2969 2746 antiquae

465 2785 561 2818 seu
597 2769 763 2818 Vetus
802 2769 940 2818 Itala
977 2775 1029 2818 et
1066 2774 1274 2818 ceterae
1312 2769 1492 2817 Remis
1534 2769 1684 2819 1743.
1723 2769 1891 2833 praef.
1931 2771 1976 2830 §-
2019 2771 2066 2818 2.
2104 2785 2155 2833 p.
2184 2771 2232 2817 6.
2258 2783 2299 2817 s.
2337 2768 2388 2817 J.
2416 2768 2761 2829 Blanchinus,
2800 2768 2860 2817 P.
2893 2767 2966 2816 C.

467 2855 614 2904 Orat.
654 2856 1091 2920 Evangeliarium
1129 2854 1461 2920 quadruplex
1495 2855 1725 2904 Latinae
1750 2855 2024 2904 Versionis
2063 2857 2316 2919 antiquae
2355 2871 2450 2905 seu
2476 2855 2686 2916 Veteris
2713 2855 2966 2904 Italicae.

464 2942 615 2991 Rom.
656 2943 806 2991 1748.
843 2943 886 3003 Ι,
924 2941 1127 3006 proleg.
1168 2959 1219 3006 p.
1258 2944 1341 2992 81.
1398 2942 1461 2990 N.
1498 2941 1792 3003 Wiseman,
1841 2942 1968 2990 Two
2015 2942 2229 2991 Lettres
2279 2957 2349 2990 011
2394 2957 2541 2991 some
2589 2947 2735 3006 parts
2772 2941 2831 2990 of
2859 2941 2970 2991 the

466 3033 812 3093 controversy
852 3031 1177 3094 concerning
1212 3029 1256 3078 I.
1293 3029 1415 3078 Joh.
1454 3029 1503 3090 5,
1545 3031 1590 3077 7.
1639 3029 1949 3093 containing
1986 3028 2100 3078 also
2140 3044 2209 3077 an
2247 3029 2468 3092 enquiry
2503 3029 2618 3077 into
2653 3027 2744 3077 the
2782 3028 2970 3092 origin

466 3115 525 3164 of
566 3115 654 3164 the
703 3115 817 3164 first
863 3116 996 3165 latin
1033 3117 1249 3165 version
1306 3115 1365 3164 of
1398 3115 1669 3178 Scripture
1721 3115 2020 3179 commonly
2059 3114 2232 3164 called
2281 3114 2369 3166 the
2404 3113 2559 3163 Itala.
2609 3115 2759 3162 Rom.
2799 3115 2967 3163 1835.

463 3219 515 3266 p.
554 3204 635 3250 22.
675 3218 716 3252 ει.
777 3203 1106 3263 Lachmann,
1156 3203 1220 3252 N.
1259 3202 1319 3251 Τ.
1370 3218 1446 3266 gr.
1498 3205 1551 3250 et
1597 3201 1690 3250 lat.
1739 3201 1916 3251 Berol.
1968 3203 2117 3250 1842.
2168 3201 2210 3264 Ι,
2263 3204 2343 3250 11.
2383 3217 2424 3250 s.
2487 3201 2546 3250 C.
2584 3200 2967 3261 Tischendorf,

463 3289 819 3354 Evangelium
869 3289 1176 3338 Palatinum
1223 3289 1445 3338 latinum
1493 3287 1752 3337 ineditum
1800 3289 1912 3338 sive
1962 3289 2240 3352 Reliquiae
2289 3288 2489 3336 Textus
2533 3287 2969 3352 Evangeliorum

465 3375 647 3424 Latini
701 3382 825 3425 ante
874 3377 1260 3439 Hieronymum
1309 3377 1450 3441 versi
1500 3391 1528 3424 e
1578 3374 1765 3424 codice
1800 3375 2046 3424 Palatino
2093 3375 2232 3424 Bibl.
2273 3374 2331 3423 C.
2369 3374 2599 3423 Vindob.
2637 3374 2727 3422 IV.
2760 3374 2847 3421 vel
2888 3374 2968 3422 V.

464 3479 516 3526 p.
558 3462 616 3511 C.
655 3463 858 3512 saeculi
891 3463 1039 3527 Lips.
1081 3463 1231 3511 1847.
1268 3478 1320 3525 p.
1362 3463 1441 3510 17.
1479 3461 1779 3526 Prolegom.
1817 3462 1882 3511 N.
1917 3463 1977 3510 T.
2015 3479 2066 3526 p.
2096 3463 2212 3510 241.
2239 3477 2281 3512 s.
2319 3461 2549 3522 Reusch,
2588 3460 2724 3510 Tfib.
2765 3461 2968 3520 Quart.

468 3551 616 3598 1862.
666 3567 718 3614 p.
758 3551 873 3598 244.
923 3549 1117 3598 Lehrb.
1167 3549 1260 3598 der
1294 3546 1437 3597 Einl.
1476 3565 1527 3612 p.
1569 3550 1688 3597 196.
1746 3548 1796 3597 J.
1835 3548 1898 3597 A.
1935 3549 2144 3613 Hagen,
2184 3547 2517 3613 sprachliche
2554 3548 2970 3612 Erorterungen

466 3651 561 3684 zur
594 3635 839 3700 Vulgata.
885 3636 1064 3686 Freib.
1106 3637 1255 3685 1863.
1303 3651 1355 3699 p.
1394 3637 1441 3684 3.
1515 3635 1555 3700 ⁴)
1606 3635 1671 3684 L.
1709 3651 1750 3684 s.
1800 3651 1851 3684 n.
1894 3639 1938 3684 1.
1987 3651 2031 3684 c.
2081 3652 2130 3700 p.
2171 3637 2288 3684 203.
2362 3635 2402 3700 ⁵)
2453 3634 2718 3700 Indagare
2768 3640 2966 3684 autem

462 3724 517 3770 in
544 3723 736 3786 quibus
764 3722 815 3771 S.
841 3723 900 3771 P.
929 3728 982 3775 61
1008 3721 1059 3771 S.
1085 3723 1149 3771 E.
1178 3723 1405 3788 scriptis,
1445 3723 1535 3786 qui
1572 3721 1970 3771 duumvirorum
1998 3723 2220 3772 istorum
2256 3726 2488 3773 aetatem
2523 3726 2964 3786 praecesserunt,

462 3809 760 3873 reperiatur
818 3809 952 3858 haec
1005 3807 1092 3858 vel
1156 3809 1263 3858 alia
1322 3808 1599 3858 translatio
1661 3808 1882 3872 Latina3
1945 3814 2053 3857 tam
2115 3808 2280 3857 latum
2341 3808 2504 3857 habet
2564 3808 2967 3872 disquisitionis

464 3895 743 3957 ambitum,
792 3900 851 3944 ut
896 3896 963 3945 ab
1013 3895 1078 3945 iis
1130 3896 1221 3959 qui
1270 3897 1552 3944 occasione
1601 3895 1671 3944 ad
1718 3894 2162 3944 conscribendum
2209 3895 2475 3959 integrum
2533 3895 2630 3955 „de
2678 3894 2968 3944 veteribus

462 3981 811 4030 Versionibus
846 3981 1060 4031 latinis“
1108 3997 1217 4030 non
1266 3981 1518 4046 gaudent,
1570 3983 1738 4031 satius
1775 3983 2244 4046 praetermittatur,
2283 3996 2442 4046 quam
2479 3981 2650 4030 obiter
2685 3983 2968 4045 tangatur.

460 4067 603 4117 Illud
640 4068 795 4117 modo
818 4069 875 4116 in
899 4084 1096 4133 genere
1123 4068 1410 4117 observare
1446 4067 1653 4117 licebit:
1691 4069 2132 4134 interpretatione
2167 4066 2338 4116 latina
2372 4069 2644 4117 nascentis
2668 4066 2968 4117 Ecclesiae

461 4154 620 4204 fidem
669 4156 972 4204 roboratam
1014 4155 1197 4203 fuisse.
1258 4155 1332 4204 Ut
1377 4155 1561 4203 scribit
1606 4169 1647 4203 s.
1686 4154 2060 4218 Hieronymus,
2098 4155 2154 4202 in
2189 4153 2224 4203 l.
2263 4154 2582 4218 Paralipom.
2620 4153 2816 4218 praef.3
2855 4154 2970 4202 sed

461 4242 523 4291 V.
561 4242 623 4290 Τ.
659 4242 1152 4305 interpretationem
1187 4241 1439 4290 Latinam
1483 4243 1588 4290 iam
1628 4246 1751 4289 ante
1791 4239 1986 4289 Christi
2022 4242 2078 4289 in
2116 4241 2268 4290 terris
2317 4241 2704 4304 apparitionem
2749 4239 2961 4289 factam

462 4357 528 4364 —
554 4333 614 4377 111
650 4329 837 4377 statuit
871 4327 922 4376 J.
956 4329 1197 4389 Vossius,
1238 4327 1302 4377 de
1340 4327 1601 4392 sybillinis
1640 4326 1870 4376 oraculis
1909 4342 1953 4376 c.
1985 4329 2064 4375 13.
2101 4327 2158 4375 in
2194 4341 2304 4374 var.
2345 4325 2475 4375 Obs.
2512 4325 2547 4374 1.
2584 4325 2756 4375 Lond.
2800 4329 2962 4377 1685.

459 4432 510 4479 11.
550 4416 667 4464 268.
706 4430 863 4479 quem
899 4413 1093 4463 librum
1129 4415 1381 4464 refutavit
1416 4414 1480 4462 R.
1508 4411 1706 4476 Simon,
1742 4415 1800 4460 in
1826 4429 1910 4477 op.
1939 4429 2009 4462 cr.
2037 4412 2154 4461 adv.
2181 4411 2231 4462 J.
2259 4412 2321 4460 V.
2358 4411 2569 4461 defend.
2609 4411 2742 4462 Cod.
2783 4413 2962 4463 Hebr-

462 4506 516 4548 et
560 4502 622 4549 B.
660 4501 808 4549 Hier.
860 4499 1042 4550 transl.
1092 4500 1288 4549 Edinb.
1332 4501 1481 4550 1685.
1508 4518 1603 4562 -;
1642 4500 1706 4549 N.
1755 4515 1884 4548 vero
1931 4500 1994 4548 F.
2042 4499 2208 4548 aetati
2263 4499 2589 4565 apostolicae
2643 4515 2962 4565 supparem,

459 4613 528 4624 -
566 4602 703 4652 quae
744 4593 858 4637 erat
892 4589 1159 4638 sententia
1194 4587 1477 4649 Bonfrerii,
1514 4586 1761 4654 Praeloq.
1798 4587 1856 4636 in
1891 4591 1985 4639 101.
2026 4586 2077 4636 S.
2106 4587 2158 4640 S.
2198 4603 2242 4639 c.
2286 4589 2364 4640 15.
2404 4588 2452 4638 2.
2491 4586 2588 4642 ed.⁴
2611 4587 2735 4636 Par.
2773 4603 2829 4658 p.
2870 4590 2962 4642 50.
