3309 5300
494 376 619 441 296
1188 390 1422 435 Comment-
1452 390 1507 433 de
1535 393 1577 431 S.
1600 390 1816 440 scriptur.
1849 401 1941 441 cap.
1972 391 2076 431 tert.
2108 391 2216 431 sect.
2247 391 2282 431 1.

496 570 577 615 est
610 564 974 629 temporie,
1021 566 1172 615 iuxta
1210 566 1353 631 quod
1390 570 1543 631 gesta
1578 580 1718 631 quae
1767 572 2050 617 narrantur
2101 568 2348 618 ordinare
2399 573 2622 632 oportet.
2687 569 2999 635 Geogra-

494 651 717 716 phiam
767 656 820 699 et
868 649 1385 717 Chronologiam
1436 652 1541 703 duo
1590 654 1952 703 Historiarum
1988 668 2183 719 magna
2217 654 2503 705 luminaria
2536 656 2652 705 iure
2695 656 3001 721 adpellant.

494 738 729 787 Notitiae
784 736 890 787 loci
940 743 993 787 et
1039 740 1309 803 temporis,
1368 740 1590 789 accedat
1638 740 1864 789 aliarum
1913 756 2126 805 quoque
2173 742 2687 793 circumstantiarum
2735 744 3001 805 attenti03

494 825 721 873 maxime
746 840 874 873 vero
912 825 1151 874 rituum
1188 840 1580 891 morumque,
1618 828 1712 891 qui
1735 827 1801 876 iis
1826 828 1882 875 in
1907 828 2212 892 regionibus
2238 828 2439 893 vigent.
2475 829 2763 879 Enimvero
2785 830 3002 878 multae

498 910 549 959 S.
598 910 651 961 S.
699 911 765 961 U.
813 911 878 959 F.
928 926 993 959 ex
1042 911 1124 961 his
1173 917 1334 962 natae
1380 917 1507 962 sunt
1534 912 1815 975 ‘formulae
1863 913 2148 979 loquendi3
2207 929 2346 980 quae
2401 916 2615 964 nonnisi
2663 916 2730 987 ab
2781 930 2846 964 eo
2897 914 3002 980 qui

497 1012 679 1047 eorum
715 998 1008 1061 perfectam
1045 1000 1403 1063 cognitionem
1438 1000 1625 1061 habet,
1680 1000 1928 1050 distincte
1975 1000 2232 1065 explicari
2278 1005 2496 1065 queunt.
2559 1002 2685 1051 Sine
2733 1005 3004 1053 accurata

497 1085 684 1133 harum
721 1100 896 1133 rerum
932 1086 1173 1147 scientia,
1209 1087 1391 1136 Verba
1422 1086 1625 1136 Divina
1661 1101 1824 1151 saepe
1859 1091 2174 1152 torquentur
2209 1092 2369 1152 atque
2406 1092 2806 1153 pervertuntur3
2845 1088 3003 1154 quod

499 1186 659 1235 quam
690 1171 968 1236 indignum
1004 1173 1074 1223 sit
1098 1170 1151 1221 S.
1177 1172 1373 1235 Libris,
1414 1177 1467 1222 et
1504 1187 1663 1237 quam
1700 1172 1978 1237 diligenter
2015 1173 2338 1235 cavendum,
2377 1188 2476 1223 sua
2510 1180 2700 1239 sponte
2736 1176 3004 1240 sequitur.

497 1257 656 1308 Unde
691 1259 852 1323 igitur
887 1258 1073 1309 sedulo
1114 1259 1367 1308 discenda
1396 1264 1478 1310 est
1499 1258 1554 1309 S.
1580 1260 1881 1309 Literarum
1917 1260 2170 1310 studiosis
2205 1258 2474 1329 γεογραφία
2495 1288 2564 1297 -
2587 1278 2638 1311 v.
2663 1262 2728 1311 N.
2754 1263 2815 1311 Τ.
2843 1262 2895 1312 S.
2927 1259 3002 1311 G.

498 1361 550 1409 p.
586 1346 702 1394 XV.
738 1373 805 1381 —-
836 1346 1035 1395 Terrae
1075 1346 1272 1395 Sacrae
1309 1347 1596 1395 veterrima
1632 1350 1687 1395 et
1719 1346 2008 1410 recentior3
2047 1347 2142 1396 ubi
2180 1347 2324 1412 quod
2359 1349 2590 1411 pertinet
2626 1348 2695 1397 ad
2731 1348 3000 1398 Palaesti-

498 1446 622 1481 nam
659 1433 881 1497 eiusque
904 1434 1085 1483 varias
1112 1433 1507 1483 vicissitudines
1544 1434 1601 1481 in
1636 1432 1796 1482 modo
1837 1432 2226 1497 descriptionis,
2263 1432 2448 1482 finium
2486 1438 2539 1483 et
2573 1436 2778 1499 imperii
2815 1434 3003 1484 civilis

500 1519 797 1571 edocemur.
834 1520 1043 1569 Deinde
1072 1518 1443 1586 Geographiae
1470 1519 1814 1584 adiungenda
1839 1522 1921 1569 est
1945 1520 2103 1569 etiam
2128 1524 2487 1585 temporum
2512 1522 2822 1584 scientia,
2850 1535 3004 1588 quae

499 1606 555 1653 in
594 1602 645 1653 S.
674 1602 727 1654 S.
764 1605 1017 1669 plurimas
1053 1606 1218 1656 habet
1254 1605 1620 1669 difficultates3
1669 1606 1926 1656 latissime
1961 1613 2089 1655 'vero
2127 1610 2277 1672 patet
2311 1622 2438 1656 usus
2479 1605 3003 1672 Chronologiac‚

502 1692 651 1741 cuius
679 1707 781 1757 ope
806 1694 1137 1742 narrationes
1156 1692 1221 1741 L.
1241 1693 1304 1742 L.
1327 1692 1379 1742 8.
1402 1692 1454 1742 8.
1475 1694 1544 1743 U.
1563 1692 1625 1742 F.
1648 1693 1718 1743 ad
1742 1708 1842 1743 sua
1863 1697 2107 1757 tempora
2127 1698 2180 1743 et
2195 1698 2494 1758 temporum
2517 1698 2696 1758 partes
2714 1722 2781 1731 —-
2800 1708 3002 1756 annos,

500 1794 726 1841 menses,
766 1778 878 1827 dies
915 1808 982 1815 —
1020 1779 1505 1829 accommodantur.
1553 1780 1668 1829 Nec
1705 1796 1860 1844 porro
1899 1778 2250 1844 superficialis
2287 1780 2729 1829 consuetudinum
2763 1780 3006 1830 Hebrai-

503 1879 682 1914 carum
735 1867 1044 1930 requiritur,
1099 1866 1196 1916 sed
1251 1872 1467 1930 exacta3
1524 1882 1662 1931 quae
1717 1868 2102 1915 sententiarum
2155 1867 2262 1915 vim
2318 1880 2480 1931 saepe
2535 1868 2750 1930 saepius
2802 1868 3004 1932 aperit.

500 1952 675 2017 Atque
712 1952 846 2001 haec
884 1956 1009 2001 sunt
1042 1953 1155 2002 fere
1191 1954 1397 2003 maiora
1432 1969 1499 2002 ex
1534 1952 1637 2003 hoc
1689 1968 1912 2018 generet,
1964 1957 2144 2001 cetera
2179 1953 2281 2003 etsi
2313 1954 2522 2003 minora
2569 1957 2692 2003 sunt
2726 1954 2831 2003 uti:
2882 1968 3004 2003 res

500 2040 901 2103 monetaria,
940 2054 1291 2089 mensurae
1326 2045 1381 2089 et
1414 2040 1742 2105 pondera,
1782 2039 2224 2103 agricultura,
2263 2044 2564 2105 pastura,
2601 2044 3004 2101 mercatura,

505 2132 557 2176 et
583 2132 873 2191 quaesunt
897 2142 937 2175 s.
966 2128 1016 2176 d.
1044 2126 1213 2176 civilis
1250 2126 1782 2191 Archaeologiae
1821 2127 2024 2191 capita3
2061 2130 2240 2175 tamen
2265 2128 2310 2176 si
2333 2128 2662 2191 ignorantur,
2699 2127 3008 2192 impediunt

500 2214 857 2278 interpretem.
907 2214 1092 2263 Habet
1126 2218 1303 2263 autem
1339 2213 1476 2263 haec
1512 2214 1646 2271 ratio
1686 2214 2044 2263 subsidiorum
2083 2212 2472 2279 Geographiae,
2511 2212 2904 2279 chronologiae
2947 2218 3008 2263 et

502 2300 923 2366 Archaeologiae
949 2300 1127 2365 plures
1154 2303 1457 2365 cautiones;
1490 2314 1614 2350 nam
1639 2299 1944 2362 videndum,
1983 2316 2052 2350 ne
2080 2301 2196 2349 eius
2220 2300 2396 2349 studio
2423 2302 2580 2349 nimis
2603 2300 3003 2361 inhaereamus,

503 2386 697 2436 deinde
734 2403 801 2436 ne
838 2389 903 2437 iis
941 2388 1176 2437 scientiis
1225 2388 1407 2453 inepte
1456 2388 1756 2436 abutamur.
1817 2386 2082 2436 Gravibus
2130 2388 2186 2435 id
2233 2402 2403 2452 genus
2442 2387 2712 2437 erroribus
2749 2386 3009 2437 laborant

503 2474 605 2523 viri
642 2474 839 2522 eruditi
872 2476 1040 2523 nostri
1076 2476 1345 2539 temporis,
1384 2476 1479 2524 ubi
1504 2489 1536 2523 a
1561 2475 1672 2522 suis
1709 2474 1923 2538 placitis
1947 2475 2005 2522 in
2031 2473 2359 2539 explicandis
2387 2473 2439 2523 8.
2465 2472 2520 2523 8.
2559 2474 2707 2523 coeci
2742 2474 3006 2537 pendent.

504 2560 569 2608 In
594 2574 789 2625 genere
815 2559 1256 2625 Hagiographum
1286 2560 1355 2609 ad
1380 2560 1518 2609 tales
1544 2575 1645 2621 res,
1685 2559 1774 2609 vel
1809 2564 1984 2609 certos
2009 2561 2138 2610 ritus
2165 2564 2219 2609 et
2243 2560 2656 2609 consuetudines
2681 2561 3006 2625 respexisse,

505 2653 633 2697 tunc
669 2648 773 2697 nisi
812 2647 1125 2697 sumendum
1158 2648 1285 2698 erit:
1325 2647 1539 2713 quando
1578 2646 1745 2698 Sacer
1781 2644 2018 2712 Scriptor
2053 2652 2237 2713 aperte
2271 2646 2376 2697 hoc
2411 2648 2635 2711 fatetur3
2685 2650 2777 2696 aut
2811 2646 3006 2710 verba,

508 2735 701 2800 quibus
738 2735 918 2796 utitur,
958 2734 1169 2800 locique
1207 2750 1376 2785 nexus
1414 2735 1558 2784 haud
1598 2735 1826 2784 obscure
1852 2749 1918 2783 ea
1943 2734 2007 2783 de
2032 2749 2089 2783 re
2114 2739 2345 2784 monent.
2385 2733 2551 2783 Secus
2577 2739 2754 2783 autem
2779 2750 2901 2783 eum
2931 2733 3009 2782 ad

506 2822 641 2871 haec
677 2821 764 2870 vel
798 2820 893 2870 illa
929 2823 1242 2886 respexisse,
1282 2837 1490 2871 sumere
1526 2837 1635 2870 non
1671 2821 1824 2884 licet3
1860 2822 2172 2886 praesertim
2205 2821 2300 2869 ubi
2324 2821 2494 2870 verba
2518 2820 2638 2870 aliis
2663 2819 2794 2870 locis
2819 2819 3006 2885 paral-

506 2908 625 2957 lelis
651 2910 780 2958 satis
807 2909 1061 2973 explicari
1088 2914 1326 2974 possunt.
1363 2909 1629 2973 Exempla
1654 2924 1785 2958 usus
1811 2895 1865 2956 et
1891 2909 2092 2958 abusus
2117 2907 2507 2972 Antiquitatum
2534 2907 2603 2968 8.,
2630 2922 2698 2956 ne
2722 2908 2778 2955 in
2801 2905 3006 2956 molem

508 3001 715 3046 crescat
740 3010 994 3060 praesens
1022 2996 1087 3044 de
1114 2994 1165 3044 8.
1194 2995 1247 3044 8.
1276 2997 1497 3060 eiusque
1521 2995 1962 3060 interpretatione
1997 2995 2424 3056 commentarius,
2463 2993 2670 3064 adferre
2708 2993 3008 3042 omisimus.

898 3258 957 3334 ξ.
1008 3257 1149 3321 132.
1215 3253 1407 3317 Loci
1456 3251 1522 3316 S.
1572 3251 1636 3316 S.
1685 3250 2070 3316 Paralleli
2118 3260 2193 3316 et
2235 3250 2600 3334 Analogi.

716 3449 913 3498 Vocem
962 3441 1349 3512 ,,παράλληλος“
1394 3461 1427 3494 a
1474 3445 1884 3494 mathematicae
1937 3444 2201 3509 magistris
2254 3444 2483 3493 mutuati
2535 3448 2661 3493 sunt
2705 3443 3010 3509 Theologi3

512 3535 956 3602 quemadmodum
994 3534 1134 3582 enim
1171 3532 1249 3580 illi
1288 3533 1483 3594 lineae,
1523 3547 1664 3596 quae
1699 3533 1757 3580 in
1795 3531 1981 3580 eodem
2016 3530 2178 3596 plano
2217 3530 2428 3595 positae
2465 3530 2680 3595 aequali
2717 3532 2893 3594 spatio
2937 3531 3011 3579 ab

510 3624 737 3672 invicem
776 3621 975 3670 distant
1014 3618 1365 3686 „parallelas“
1404 3624 1627 3669 vocant:
1680 3620 1758 3669 sic
1793 3619 1881 3667 isti
1917 3619 2118 3667 Textus
2155 3615 2210 3666 S.
2248 3615 2300 3667 S.
2343 3634 2407 3682 „p
2421 3616 2775 3667 arallelos“
2819 3617 3011 3682 adpel-

510 3711 649 3773 lant,
686 3713 778 3775 qui
815 3715 909 3759 aut
944 3709 1021 3758 ob
1063 3723 1193 3758 rem
1232 3707 1305 3756 de
1343 3722 1467 3773 qua
1504 3710 1732 3772 agunt,
1778 3710 1871 3754 aut
1907 3705 1976 3754 ob
2012 3704 2215 3753 verba
2262 3704 2499 3768 quibus
2549 3703 2826 3754 eandem
2873 3719 3013 3752 rem

513 3802 835 3861 tractant3
876 3812 993 3846 eam
1017 3798 1156 3846 inter
1179 3809 1297 3845 sese
1322 3793 1718 3844 similitudinem
1743 3793 1857 3842 sive
1888 3792 2286 3856 proportionem
2311 3791 2528 3852 habent,
2555 3794 2614 3839 ut
2639 3789 2776 3839 alius
2803 3805 2872 3838 ex
2897 3789 3009 3840 alio

512 3885 739 3948 intelligi
776 3883 1137 3949 explicarique
1172 3882 1325 3931 locus
1361 3881 1546 3946 possit.
1590 3881 1734 3944 Ergo
1759 3883 1820 3927 ut
1842 3878 1947 3927 loci
1982 3876 2300 3943 paralleli
2335 3877 2653 3938 habeantur,
2693 3876 2798 3925 duo
2826 3878 3010 3941 requi-

514 3976 727 4021 runtur:
766 3985 814 4020 a.
854 3969 1327 4020 convenientia
1362 3969 1475 4016 sive
1510 3968 1568 4015 in
1606 3966 1826 4014 verbis
1861 3970 1914 4014 et
1945 3964 2168 4026 rebus,
2207 3965 2326 4014 sive
2345 3964 2402 4012 in
2424 3963 2586 4013 rebus
2629 3961 2817 4026 mod03
2858 3963 2912 4012 b.
2951 3969 3014 4012 ut

516 4058 651 4108 alter
687 4058 754 4107 ad
781 4056 1005 4106 alterum
1030 4057 1107 4106 sic
1132 4037 1394 4105 referatur
1417 4055 1633 4114 Tenus,
1664 4051 1807 4117 quod
1833 4053 1948 4100 eius
1971 4050 2176 4116 aliquid
2201 4050 2474 4100 dilucidet.
2514 4049 2642 4098 Ideo
2678 4053 2825 4098 recte
2862 4051 3012 4114 prior

514 4144 911 4194 Parallelismus
954 4142 1314 4204 „verbalis“
1357 4145 1463 4204 est,
1501 4140 1764 4205 posterior
1799 4137 2063 4198 „realis“
2105 4137 2328 4200 dicitur3
2367 4137 2436 4185 ab
2469 4135 2562 4184 illo
2589 4140 2768 4184 tamen
2793 4150 3013 4200 semper

516 4248 673 4297 quem
714 4231 1106 4295 „poeticum“
1146 4243 1417 4290 vocamus,
1468 4231 1521 4276 et
1556 4227 1622 4275 de
1661 4241 1766 4290 quo
1803 4225 2049 4289 superius
2087 4225 2289 4288 egimus
2331 4239 2382 4287 p.
2407 4223 2558 4284 285„
2607 4222 2774 4283 probe
2820 4221 3011 4272 distin-

517 4319 775 4384 guendus.
803 4317 935 4367 Cum
960 4317 1049 4365 ille
1071 4317 1267 4382 quippe
1293 4317 1433 4363 intra
1456 4315 1615 4363 unius
1642 4313 1966 4377 alteriusque
1991 4311 2198 4376 periodi
2221 4310 2414 4360 limites
2441 4311 2712 4358 continere
2728 4323 2794 4358 vse
2817 4309 3009 4372 debet3

516 4406 603 4454 hic
640 4410 817 4456 autem
852 4421 950 4469 per
973 4405 1183 4468 integra
1210 4402 1261 4451 S.
1288 4401 1467 4450 Biblia
1489 4404 1730 4464 vagetur.
1777 4397 2132 4448 Parallelismi
2159 4412 2288 4446 usus
2311 4398 2368 4444 in
2393 4394 2720 4460 explicandis
2748 4394 2801 4444 S.
2830 4395 3010 4460 Scrip-

518 4493 648 4542 turis
676 4492 932 4541 latissime
959 4495 1120 4556 patet.
1151 4488 1539 4552 „Magnifice
1575 4492 1637 4536 et
1665 4485 2060 4546 salubriter,
2087 4482 2460 4533 animadvertit
2485 4480 2538 4530 S.
2563 4481 2916 4545 Augustinus,
2943 4481 3010 4530 de

504 4581 679 4630 doctr.
719 4577 841 4628 Chr.
868 4578 937 4639 11,
964 4580 1013 4626 6.
1051 4593 1101 4641 p.
1128 4578 1229 4638 36„
1268 4575 1558 4640 Spiritus
1598 4573 1882 4623 Sanctus
1919 4573 2017 4620 ita
2055 4571 2434 4634 Scripturas
2473 4567 2714 4618 Sacrae
2750 4567 3008 4618 modifi—
