3309 5300
1168 472 1425 524 Disquisitio
1454 473 1506 514 de
1535 482 1667 515 sensu
1694 476 1736 515 S.
1768 472 1809 514 S.
2605 458 2731 525 273

243 646 475 696 veritate
522 646 860 697 imbuendam
876 685 889 711 ,
938 648 1024 698 vel
1072 648 1141 698 ad
1186 664 1359 699 mores
1405 648 1686 698 honestate
1733 647 2115 710 informandOS,
2159 652 2219 696 ut
2254 648 2492 713 legentes
2542 653 2596 699 et
2643 648 2736 699 alii

242 734 331 795 pie
372 733 696 783 erudiantur.
747 734 1051 785 Secundum
1078 734 1128 785 S.
1155 734 1313 784 Pauli
1337 736 1531 785 verba:
1566 735 1719 784 Rom.
1749 736 1830 796 15,
1857 736 1906 783 4.
1960 734 2445 799 „Quaecunque
2482 736 2732 800 scripta

241 822 429 867 sunt:
464 818 540 867 ad
575 824 866 869 nostram
904 820 1272 870 doctrinam
1310 822 1559 885 scripta
1597 825 1770 883 sunt,
1809 825 1877 869 ut
1913 835 2026 885 per
2062 820 2454 885 patientiam
2493 825 2553 869 et
2589 836 2729 869 con-

242 904 639 955 solationem
680 905 1170 971 Scripturarum
1206 922 1377 972 spem
1416 907 1824 956 habeamus.“
1875 908 1948 955 Et
1984 905 2054 955 ad
2091 905 2209 955 Cor.
2235 906 2276 955 Ι.
2312 909 2393 970 10,
2419 908 2468 955 4.
2523 907 2730 967 „Haec

240 996 460 1041 autem
506 994 760 1057 scripta
806 997 957 1043 sunt
1004 993 1081 1043 ad
1130 994 1621 1058 correptionem
1669 994 2008 1042 nostram.“
2078 992 2325 1057 Denique
2370 994 2518 1042 iuxta
2563 994 2730 1042 moni-

240 1082 383 1127 tum:
433 1080 563 1128 Tim.
602 1079 673 1129 II.
720 1083 768 1142 3,
812 1083 893 1129 15.
935 1082 1015 1130 16.
1057 1081 1138 1130 17.
1216 1080 1485 1141 „Sacras
1535 1079 1802 1129 Literas
1851 1080 2026 1128 nosti
2073 1079 2153 1128 ab
2202 1078 2516 1142 infantia,
2566 1095 2730 1145 quae

238 1169 302 1213 te
358 1171 635 1229 possunt
689 1168 1024 1216 instruere
1079 1166 1157 1216 ad
1206 1166 1485 1216 salutem
1540 1182 1655 1231 per
1704 1166 1930 1227 fidem,
1989 1180 2155 1230 quae
2207 1170 2305 1215 est
2351 1168 2417 1214 in
2467 1166 2730 1216 Christo

239 1249 421 1300 Jesu.
482 1252 703 1303 Omnis
741 1252 1089 1317 Scriptura
1126 1252 1449 1301 divinitus
1487 1254 1826 1317 inspirata
1868 1251 2059 1300 utilis
2097 1256 2196 1300 est
2233 1252 2311 1300 ad
2348 1252 2730 1313 docendum,

240 1337 317 1385 ad
375 1338 805 1403 arguendum,
868 1340 946 1389 ad
1001 1339 1518 1405 corripiendum,
1576 1339 1655 1388 ad
1711 1338 2140 1388 erudiendum
2195 1339 2260 1386 in
2313 1338 2602 1401 iustitia,
2663 1344 2733 1388 ut

237 1425 584 1488 perfectus
622 1427 709 1475 sit
744 1426 928 1475 homo
964 1427 1087 1475 Dei
1124 1426 1201 1475 ad
1239 1442 1421 1476 omne
1459 1441 1619 1490 opus
1660 1426 1893 1475 bonum
1930 1426 2384 1475 instructus.“:
2424 1425 2557 1475 illud
2591 1427 2732 1475 inter

240 1510 349 1559 alia
387 1513 669 1577 spectabat
692 1513 921 1578 Spiritus
947 1512 999 1562 S.
1037 1514 1093 1561 in
1130 1513 1431 1578 Scripturis,
1470 1518 1529 1562 ut
1554 1529 1619 1561 ex
1642 1513 1750 1562 illis
1776 1512 2059 1573 discamus,
2099 1512 2223 1577 quid
2252 1512 2405 1561 nobis
2444 1512 2724 1577 agendum,

239 1597 371 1661 quid
410 1598 705 1649 cavendum
744 1601 826 1650 sit.
873 1600 1049 1665 Atque
1074 1600 1214 1649 hanc
1241 1599 1453 1665 quidem
1479 1600 1766 1649 utilitatem
1801 1599 1852 1649 S.
1881 1599 2188 1664 Scripturae
2212 1598 2502 1664 Apostolus
2538 1600 2731 1665 repetit

241 1698 306 1731 ex
356 1700 446 1747 eo,
498 1685 642 1750 quod
689 1687 965 1751 Scriptura
1009 1686 1284 1735 Divinitus
1329 1687 1591 1751 inspirata
1637 1688 1720 1735 sit.
1793 1684 1948 1747 Quod
1993 1686 2166 1750 ipsum
2215 1692 2729 1751 consequentem

241 1786 505 1820 sensum
543 1772 815 1837 adpellare
846 1773 1117 1838 aliquibus
1147 1771 1435 1837 Theologis
1472 1772 1690 1837 placuit.
1740 1772 1847 1822 Sed
1870 1788 1979 1821 non
2003 1774 2132 1822 satis
2159 1777 2424 1835 accurate,
2459 1789 2565 1822 non
2593 1774 2730 1822 enim

242 1859 417 1922 agitur
441 1858 530 1907 hic
558 1859 622 1907 de
648 1874 809 1910 sensu
836 1860 887 1910 S.
916 1860 1221 1925 Scripturae
1258 1860 1434 1922 obvi0‚
1475 1859 1571 1909 sed
1597 1859 1664 1908 de
1688 1864 1872 1908 nostra
1897 1858 2132 1909 eiusdem
2159 1861 2459 1924 cognitione
2486 1866 2538 1909 et
2562 1860 2729 1925 appli-

241 1947 469 1995 catione.
527 1946 895 2011 Cognitionem
932 1946 1070 1996 hanc
1098 1946 1224 2012 quid
1261 1946 1421 2011 plane
1460 1946 1641 1995 aliud
1679 1961 1815 2009 esse,
1853 1951 1905 1995 et
1941 1961 1974 1995 a
2009 1962 2206 1997 sensu
2251 1946 2552 2009 differre,
2592 1948 2728 1996 ultro

242 2034 497 2095 sequitur.
536 2032 729 2083 Posset
752 2034 889 2083 forte
915 2048 1105 2083 sensus
1142 2034 1502 2098 impropria
1540 2031 1816 2098 quadam
1854 2034 2113 2082 ratione
2148 2033 2350 2093 haberi,
2387 2035 2442 2082 in
2474 2038 2731 2099 quantum

243 2117 467 2181 Spiritus
522 2118 575 2167 S.
621 2118 876 2183 Scriptori
919 2120 1215 2169 Bibliorum
1257 2134 1549 2185 suggerens
1597 2120 1906 2180 sententias,
1955 2117 2010 2166 id
2051 2118 2297 2183 providit,
2340 2124 2400 2168 ut
2441 2136 2508 2168 ex
2550 2135 2732 2169 earum

239 2203 469 2255 lectione
495 2207 611 2255 veri
638 2206 766 2271 quid
793 2222 1055 2269 eruamus,
1083 2206 1225 2271 quod
1250 2207 1485 2255 moribus
1510 2208 1609 2256 rite
1634 2204 1915 2271 fingendis,
1943 2205 2237 2255 alendaeve
2261 2207 2318 2255 in
2343 2208 2519 2256 Deum
2543 2208 2731 2272 pietati

246 2291 529 2340 conducat.
565 2291 741 2341 Huius
780 2294 857 2341 rei
892 2294 1131 2341 meminit
1169 2292 1217 2341 d.
1254 2292 1689 2357 Augustinus,
1731 2292 1796 2341 de
1829 2291 1942 2341 Civ.
1967 2292 2088 2341 Dei.
2112 2292 2230 2354 ΧΠ,
2259 2294 2340 2341 19.
2365 2294 2408 2353 Ι,
2433 2294 2551 2341 455.
2587 2298 2641 2342 et
2665 2293 2730 2342 de

240 2375 503 2427 Doctrina
532 2377 652 2427 Chr.
677 2380 774 2441 III,
802 2382 884 2427 27.
908 2396 959 2443 p.
986 2381 1071 2429 99.
1098 2394 1139 2428 s.
1177 2379 1427 2428 Attamen
1452 2380 1496 2429 si
1523 2379 1649 2444 q'uid
1687 2378 1789 2427 hoc
1825 2377 1982 2427 modo
2017 2394 2046 2427 e
2071 2379 2268 2427 Divino
2297 2377 2494 2427 Codice
2531 2380 2732 2444 colligit

240 2464 355 2527 pius
383 2462 438 2513 8.
467 2464 526 2514 S.
550 2464 732 2527 lector,
760 2480 953 2514 cavere
979 2465 1164 2529 debet3
1204 2481 1271 2514 ne
1298 2465 1424 2529 quid
1452 2480 1485 2513 a
1508 2466 1736 2515 veritate
1763 2466 2046 2527 absonum,
2086 2470 2181 2513 aut
2210 2464 2277 2513 ab
2302 2466 2423 2530 ipsa
2445 2468 2729 2516 verborum

240 2551 629 2615 significatione
654 2552 887 2601 alienum
911 2552 1035 2600 inde
1063 2551 1355 2617 depromat.
1403 2552 1683 2603 Eiusmodi
1709 2554 1848 2601 enim
1873 2568 1984 2601 rem
2011 2549 2238 2617 Spiritus
2265 2552 2511 2615 Sanctus,
2547 2554 2729 2603 Divini

243 2636 455 2688 Codicis
483 2638 552 2688 U.
578 2639 640 2689 Τ.
677 2638 891 2701 Auctor,
930 2639 1171 2704 profecto
1207 2655 1316 2689 non
1352 2639 1684 2689 intendebat.
1741 2638 1940 2690 Sensus
1977 2639 2530 2703 accommodatus,
2570 2657 2726 2707 quem

240 2727 489 2776 rectius
528 2727 1066 2775 transsumtivum
1112 2725 1203 2776 alii
1247 2726 1455 2788 dicunt,
1493 2742 1653 2776 voces
1693 2731 1853 2791 atque
1893 2727 2295 2776 enunciationes
2333 2727 2385 2777 S.
2425 2727 2728 2793 Scripturae

241 2817 389 2877 aptat
425 2813 591 2862 alicui
626 2813 781 2862 alteri
812 2813 890 2862 rei
917 2813 1308 2878 exprimendae,
1347 2828 1411 2863 ac
1438 2828 1503 2862 ea
1527 2815 1609 2876 sit,
1650 2828 1810 2878 quam
1847 2817 2034 2864 auctor
2072 2815 2346 2879 expressit.
2373 2816 2730 2881 —Exempla

242 2899 399 2950 huius
436 2915 628 2952 sensus
666 2900 805 2949 bene
841 2900 1009 2949 multa
1044 2901 1314 2964 congessit
1347 2901 1399 2950 J.
1436 2899 1635 2950 Acosta
1673 2900 1722 2950 S.
1756 2900 1826 2962 J„
1866 2901 1931 2949 de
1967 2915 2098 2950 vera
2135 2901 2434 2966 Scripturas
2469 2904 2727 2968 interpre-

238 2988 389 3036 tandi
425 2989 637 3037 ratione
671 2987 770 3049 111,
796 2989 845 3036 6.
882 2987 967 3037 ed.
995 3003 1039 3035 c.
1064 3004 1115 3052 p.
1148 2989 1263 3036 109.
1289 3003 1331 3037 s.
1361 3015 1423 3023 —-
1449 2986 1514 3035 In
1548 2986 1652 3036 hoc
1691 2992 1868 3036 autem
1905 3003 2100 3052 genere
2135 2987 2488 3038 tractandiS.
2515 2988 2727 3040 Literas

242 3091 331 3138 per
390 3073 956 3136 accommodationem,
1006 3073 1209 3123 nullum
1256 3079 1399 3124 certe
1434 3075 1491 3123 in
1528 3090 1585 3124 se
1629 3075 1816 3124 vitium
1861 3080 1956 3123 est.
2016 3075 2169 3122 Licet
2212 3074 2280 3123 ad
2316 3075 2476 3124 finem
2511 3082 2728 3125 mutuae

240 3161 632 3211 aedificationis
668 3176 828 3212 voces
866 3167 1026 3225 atque
1064 3162 1467 3211 enunciationes
1507 3161 1558 3210 S.
1588 3160 1994 3226 Scripturarum,
2039 3161 2361 3226 quandoque
2398 3163 2558 3210 etiam
2595 3179 2726 3212 non-

240 3249 371 3298 nihil
415 3247 757 3310 inflectendO,
807 3247 925 3298 aliis
974 3249 1135 3298 rebus
1186 3248 1541 3313 exprimendis
1591 3252 1806 3313 aptare3
1862 3261 2021 3312 quam
2069 3248 2159 3308 iis,
2211 3262 2346 3311 quas
2396 3248 2574 3297 verbis
2620 3249 2726 3298 illis

241 3337 533 3386 secundum
570 3335 781 3385 literam
818 3341 1062 3384 auctores
1098 3337 1202 3401 ipsi
1227 3339 1615 3400 expresserunt.
1667 3334 1822 3396 Quod
1847 3335 1972 3383 inde
1997 3333 2155 3383 facile
2181 3339 2345 3400 patet,
2385 3336 2511 3400 quia
2540 3335 2727 3385 Sacro-

240 3429 424 3474 sancta
471 3423 724 3472 Ecclesia
766 3425 823 3471 in
868 3424 977 3472 suis
1024 3422 1217 3471 divinis
1256 3421 1486 3486 Officiis,
1533 3422 1635 3471 hoc
1687 3438 1854 3488 genus
1903 3422 2290 3486 interpretandi
2325 3424 2636 3487 saepissime
2676 3429 2729 3474 et

238 3511 593 3575 pulcherrime
617 3515 866 3575 usurpat3
906 3523 1031 3559 suas
1056 3508 1307 3559 videlicet
1330 3525 1396 3558 ex
1421 3509 1473 3558 S.
1502 3510 1722 3574 Paginis
1761 3510 2096 3574 antiphonas,
2135 3508 2319 3558 laudes
2347 3514 2508 3575 atque
2541 3526 2727 3576 preces

241 3601 590 3648 concinnans.
640 3597 693 3647 S.
718 3598 905 3646 Patres
944 3600 997 3646 et
1028 3595 1325 3662 Scriptores
1348 3597 1414 3646 E.
1452 3597 1554 3646 hoc
1590 3598 1766 3661 ipsum
1801 3597 2227 3664 faciuntq—idque
2265 3611 2372 3645 non
2409 3598 2525 3646 sine
2562 3597 2729 3646 multa

240 3690 537 3736 venustate.
599 3685 788 3748 Neque
824 3683 983 3734 modo
1018 3683 1161 3745 licet,
1201 3683 1294 3732 sed
1330 3699 1451 3732 cum
1485 3683 1647 3732 laude
1687 3699 1898 3748 quoque
1934 3683 2009 3745 fit,
2048 3699 2148 3733 nec
2184 3685 2299 3733 sine
2335 3685 2548 3748 pietatis
2587 3700 2727 3734 emo-

240 3771 504 3823 lumento:
560 3775 623 3820 ut
668 3772 863 3821 nostris
912 3771 1073 3820 etiam
1125 3769 1311 3821 diebus
1366 3770 1790 3836 eloquentissimi
1845 3775 2082 3820 oratores
2132 3772 2272 3820 sacri
2317 3772 2373 3819 in
2423 3787 2485 3820 eo
2534 3787 2729 3836 genere

240 3860 423 3910 utendi
458 3858 513 3909 S.
544 3857 614 3921 S.,
654 3858 723 3906 ad
757 3859 1059 3922 propositas
1096 3857 1200 3908 sibi
1223 3873 1308 3908 res
1346 3862 1640 3908 versentur.
1691 3857 1966 3906 Nonnulla
1995 3858 2250 3906 tamenin
2275 3856 2379 3908 hoc
2417 3857 2468 3907 S.
2495 3856 2730 3923 Scriptu-

240 3961 413 3997 rarum
452 3960 561 3995 usu
597 3950 723 3994 sunt
756 3944 1121 4008 observanda3
1162 3946 1355 4009 quibus
1392 3945 1649 4010 neglectis
1687 3944 1874 3994 modus
1912 3943 2266 3994 transferendi
2302 3945 2470 3993 verba
2506 3944 2559 3994 S.
2590 3945 2728 3994 Scri-

241 4039 429 4098 pturae
476 4032 863 4098 improbandus
912 4036 1071 4096 atque
1112 4031 1332 4081 illicitus
1371 4031 1635 4082 evaderet.
1700 4031 2056 4093 Quamobrem
2103 4047 2151 4080 a.
2198 4047 2328 4081 sane
2373 4037 2588 4094 erraret,
2638 4033 2729 4096 qui

240 4120 762 4172 accommodat-stium
788 4134 1001 4168 sensum
1024 4119 1261 4169 traderet
1282 4119 1429 4169 velut
1454 4118 1714 4168 literalem
1741 4124 1795 4168 et
1817 4120 2068 4168 vicissim.
2105 4119 2204 4168 Vel
2231 4121 2276 4168 si
2303 4120 2419 4184 quis
2443 4119 2494 4168 b.
2518 4133 2546 4166 e
2567 4133 2730 4167 sensu

242 4207 626 4260 transsumtivo
662 4206 828 4255 vellet
851 4207 1210 4256 necessarium
1237 4210 1291 4255 et
1316 4207 1469 4270 quasi
1494 4205 1730 4255 divinum
1753 4221 1850 4270 pro
1877 4207 2102 4255 veritate
2133 4205 2318 4271 aliqua
2353 4206 2547 4255 ducere
2573 4219 2727 4270 argu·

242 4302 507 4358 mentum3
546 4295 592 4344 si
618 4294 747 4358 quid
770 4295 911 4344 enim
946 4294 1198 4344 momenti
1232 4293 1455 4343 haberet
1491 4309 1679 4344 sensus
1712 4292 2142 4342 accommodatus
2169 4293 2237 4342 ad
2262 4293 2461 4358 aliquid
2498 4292 2728 4357 proban-

244 4381 377 4446 dum,
419 4395 765 4446 nequaquam
800 4379 935 4430 illud
969 4380 1191 4431 haberet
1222 4382 1291 4430 ab
1318 4382 1635 4430 auctoritate
1673 4380 1727 4430 S.
1755 4379 2162 4444 Scripturarum,
2203 4394 2340 4445 quae
2365 4381 2553 4428 nonin
2589 4379 2730 4427 hunc

243 4483 455 4519 senmm
507 4483 573 4517 ea
620 4468 777 4518 nobis
826 4469 1033 4518 ratione
1083 4467 1358 4530 exhibent,
1408 4468 1503 4518 sed
1550 4469 1736 4533 utique
1787 4466 2020 4516 aliunde.
2093 4467 2250 4516 Unde
2298 4470 2534 4516 constat:
2589 4465 2729 4515 hunc

244 4571 452 4607 sensum
478 4569 809 4621 magnopere
834 4554 1043 4604 differre
1082 4555 1150 4604 ab
1182 4554 1275 4604 illo
1302 4554 1469 4604 altero
1507 4555 1703 4604 literali
1741 4558 1794 4603 et
1829 4552 2116 4618 spirituali,
2153 4554 2209 4601 in
2248 4568 2353 4618 quo
2390 4553 2731 4602 vehementer

244 4649 523 4707 peceatum
560 4648 658 4704 est,
698 4644 745 4692 si
779 4643 946 4692 verba
982 4643 1170 4707 quovis
1206 4641 1365 4692 modo
1401 4643 1761 4704 immutentur,
1798 4647 1858 4692 ut
1881 4642 2177 4692 sententiae
2203 4640 2446 4690 diversae
2479 4640 2729 4689 serviant.

337 4736 559 4785 nauhu,
591 4735 707 4776 Hist.
739 4735 1039 4777 Revelationis
1067 4735 1255 4776 divinae.
1286 4735 1364 4775 111.
2355 4727 2419 4778 18
