3309 5300
584 384 705 447 118
1298 394 1531 435 comment.
1562 392 1615 434 de
1644 394 1688 433 S.
1711 392 1872 443 script.
1905 402 1996 443 cap.
2027 402 2113 433 seo.
2143 392 2272 433 tract.
2301 391 2338 431 1.

578 573 723 636 Lips.
754 572 903 620 1846.
940 570 1088 619 Alias
1127 584 1327 633 easque
1365 566 1649 633 ampliores
1687 566 1844 617 huius
1884 567 2082 617 codicis
2120 572 2313 632 partes,
2351 569 2406 615 in
2441 566 2522 617 his
2549 568 2742 616 Esaias
2771 571 2824 615 et
2847 566 3083 616 Macha-

579 660 833 708 baeorum
868 656 992 705 libri
1029 672 1147 705 cum
1187 655 1321 717 aliis,
1362 661 1421 704 ut
1456 655 1708 704 cederent
1745 654 2009 716 monachi,
2048 655 2328 719 impetrare
2364 654 2508 703 haud
2531 655 2719 719 potuit.
2769 654 3090 718 Descripsit

580 739 757 795 tame‘n
793 744 991 793 Esaiae
1026 743 1397 793 vaticiniorum
1443 746 1602 805 atque
1637 742 1906 790 Jeremiae
1955 756 2118 790 unam
2164 743 2432 805 paginam,
2483 755 2642 805 quam
2679 741 2736 788 in
2773 740 2996 805 Fragm.
3041 756 3086 789 s.

577 830 823 896 palimpS.
871 830 1017 894 Lips.
1058 831 1209 878 1855.
1248 845 1299 893 p.
1338 829 1594 877 213—16.
1645 827 1848 892 publici
1895 828 2026 877 iuris
2065 828 2204 877 fecit.
2265 828 2454 876 Totum
2509 842 2632 877 vero
2671 826 2912 875 codicem
2967 842 3090 875 non

580 917 737 966 modo
774 917 837 965 V.
875 916 937 964 T.
987 915 1151 965 libros
1188 915 1285 965 sed
1324 915 1483 964 etiam
1520 916 1583 963 N.
1622 914 1686 962 Τ.
1725 914 2156 979 amplectentem,
2207 915 2436 963 obtinuit
2484 916 2540 963 in
2589 914 2775 963 itinere
2827 914 3086 963 orientali

582 1005 761 1065 1859.;
808 1003 1168 1067 impensisque
1219 1002 1559 1066 Imperatoris
1608 1000 1899 1049 Alexandri
1945 1001 2013 1049 ΙΙ.
2051 1002 2359 1063 Russorum,
2407 1001 2577 1050 tribus
2630 1000 2735 1049 vol.
2773 1000 2838 1049 V.
2877 1000 2970 1049 IV.
3016 1000 3088 1049 N.

579 1089 851 1154 Petropoli
892 1090 1040 1137 1863.
1080 1086 1365 1151 evulgavit.
1402 1086 1718 1135 Membrana
1755 1086 1966 1136 Codicis
2005 1087 2444 1151 quaternionibus
2480 1087 2777 1149 compositi,
2817 1101 2926 1135 non
2963 1092 3088 1135 tam

580 1175 706 1225 alba
754 1190 913 1240 quam
961 1174 1207 1223 subflava
1254 1178 1349 1233 est,
1398 1188 1593 1237 magna
1641 1173 1840 1237 ubique
1877 1172 2092 1221 levitate
2133 1178 2185 1221 et
2221 1172 2532 1234 subtilitate,
2580 1173 2822 1237 quamvis
2861 1171 3088 1236 singula

579 1262 711 1312 folia
737 1263 865 1311 satis
890 1264 1027 1309 inter
1053 1276 1109 1309 se
1138 1260 1406 1322 differant3
1446 1264 1795 1309 atramentum
1833 1258 2141 1323 plerumque
2167 1259 2392 1320 fuscum,
2432 1274 2591 1324 saepe
2619 1260 2780 1308 etiam
2807 1260 3086 1308 cineracei

581 1348 785 1413 aliquid
821 1347 999 1397 habet.
1038 1348 1204 1395 Minio
1244 1347 1428 1411 scripti
1464 1353 1587 1395 sunt
1623 1345 1954 1395 Psalmorum
1992 1346 2132 1395 tituli
2169 1351 2221 1394 et
2245 1348 2474 1409 numeri3
2513 1346 2651 1395 tituli
2687 1346 2758 1395 ad
2791 1345 3086 1394 Canticum

582 1434 923 1484 Canticorum
946 1433 1315 1482 illustrandum
1343 1432 1537 1495 additi3
1576 1433 1780 1481 numeri
1805 1433 1932 1481 item
1969 1434 2162 1496 quibus
2197 1432 2512 1482 Ammonii
2549 1433 2894 1481 sectiones
2935 1448 3084 1481 cum

580 1521 859 1571 Eusebii
898 1521 1263 1569 canonibus
1302 1520 1619 1567 indicantur.
1682 1520 2049 1583 Interpunetio
2089 1524 2142 1567 et
2176 1520 2447 1568 rarissima
2483 1547 2548 1553 -
2586 1518 2792 1584 aliquot
2831 1520 3084 1583 quamvis

582 1608 906 1673 paucissima
941 1608 1145 1671 primae
1184 1621 1373 1655 manus
1424 1621 1541 1655 esse
1589 1605 1852 1653 videntur.
1891 1633 1956 1641 —
1997 1610 2048 1653 et
2084 1605 2473 1669 simplicissima
2515 1606 2796 1670 reperitur.
2865 1606 3082 1655 Passim

580 1693 794 1755 lineola,
833 1694 972 1743 sicut
1006 1694 1061 1740 in
1099 1693 1314 1757 papyris
1352 1691 1425 1753 fit,
1469 1693 1714 1741 versibus
1763 1692 2044 1741 interiecta
2081 1692 2148 1740 ad
2187 1692 2616 1755 distinguendum
2661 1692 2890 1741 Textum
2929 1694 3082 1742 facit.

581 1781 792 1830 Puncta
829 1780 1101 1828 diacritica
1136 1778 1303 1827 multo
1342 1779 1557 1843 saepius
1596 1779 1808 1840 omissa,
1849 1792 2006 1842 quam
2033 1779 2204 1842 posita
2239 1780 2590 1842 reperiuntur.
2629 1780 3080 1843 Antiquissimum

581 1867 688 1916 iam
737 1867 964 1915 Textum
1013 1870 1299 1929 quatuor
1347 1863 1612 1913 librarii
1664 1880 1692 1913 e
1741 1865 2006 1913 sententia
2041 1863 2428 1913 Tischendorfii
2471 1866 2812 1929 scripserunt.
2875 1866 3080 1931 Repe-

582 1954 741 2003 titis
803 1952 1053 2002 deinde
1112 1952 1390 2001 vicibus
1452 1966 1485 2001 a
1545 1952 1766 2000 variis
1829 1951 2362 2000 correctoribus
2427 1951 2594 2001 codex
2653 1953 2755 2001 iste
2817 1957 3080 2002 tractatus

582 2041 698 2089 fuit.
768 2039 1153 2104 Antiquitatem
1209 2039 1352 2103 quod
1406 2039 1623 2101 attinet,
1689 2038 1859 2087 editor
1915 2038 2172 2087 Sinaitico
2228 2053 2410 2103 parem
2464 2038 2552 2089 vel
2605 2041 2860 2088 maiorem
2917 2054 3078 2104 quam

581 2127 873 2188 Vatican0‚
925 2128 1015 2191 qui
1064 2126 1209 2176 solus
1259 2141 1379 2174 cum
1428 2141 1490 2173 eo
1542 2126 1840 2189 comparari
1889 2128 2092 2189 potest,
2141 2126 2390 2174 vindicat.
2451 2126 2684 2174 Primum
2732 2127 3079 2175 venerandae

581 2215 863 2264 vetustatis
902 2218 1269 2278 argumentum
1306 2214 1361 2260 in
1400 2212 1664 2276 scriptura
1699 2213 1928 2275 positum
1967 2226 2084 2261 esse
2123 2212 2265 2274 dicit,
2316 2227 2454 2277 quae
2490 2212 2687 2261 formas
2725 2213 2971 2261 unciales
3010 2213 3080 2261 ad

584 2303 821 2366 ipsorum
858 2300 1187 2349 voluminum
1224 2298 1708 2348 Herculanensium
1745 2313 1900 2347 usum
1937 2298 2256 2348 accedentes
2292 2300 2469 2349 habet.
2519 2300 2625 2350 Pro
2662 2314 2898 2349 summae
2937 2302 3078 2349 anti-

586 2388 801 2452 quitatis
840 2387 1035 2435 iudicio
1075 2385 1247 2434 adfert
1284 2385 1509 2434 alterum
1546 2388 1930 2448 argumentum,
1981 2385 2140 2433 etiam
2179 2400 2211 2433 a
2247 2385 2426 2449 Hugio
2465 2400 2560 2450 pro
2599 2384 2795 2434 Codice
2833 2386 2895 2433 B.
2937 2388 3080 2435 exci-

585 2478 780 2523 tatum:
820 2489 847 2521 e
884 2472 1342 2537 Palaeographiae
1374 2485 1599 2535 graecae
1636 2472 1842 2519 ratione
1869 2470 2101 2532 ductum,
2141 2488 2215 2521 sc.
2243 2471 2384 2535 quod
2420 2473 2475 2520 in
2511 2472 2661 2520 libris
2698 2474 2922 2536 poeticis
2963 2475 3079 2522 sive

586 2559 1007 2622 stichometricis,
1058 2560 1244 2623 quavis
1296 2558 1494 2623 pagina
1539 2564 1770 2622 quatuor
1819 2558 2092 2607 columnas
2142 2558 2406 2620 exhibeat,
2457 2559 2533 2607 ita
2568 2564 2627 2607 ut
2663 2575 2895 2623 expanso
2937 2560 3080 2609 libro

589 2652 709 2696 octo
737 2645 1016 2696 columnae
1056 2647 1467 2712 conspiciantur.
1517 2646 1591 2696 Ut
1616 2650 1794 2695 autem
1821 2647 2068 2695 vaticana
2093 2647 2148 2694 in
2174 2646 2342 2696 tribus
2370 2647 2663 2712 respective
2691 2663 2782 2696 sex
2809 2646 3079 2697 columnis

588 2733 743 2782 divisi
779 2733 913 2782 ratio
950 2734 1004 2781 in
1041 2735 1338 2798 perpaucis,
1390 2734 1466 2782 ita
1515 2734 1763 2781 sinaitica
1813 2739 1934 2782 octo
1973 2733 2196 2782 duarum
2235 2735 2640 2798 quaternionum
2679 2735 2732 2782 in
2769 2732 2915 2782 nullo
2967 2734 3076 2784 alio

588 2803 788 2868 Codice
825 2820 1043 2868 inventa
1080 2825 1173 2868 est.
1227 2819 1400 2880 Quam
1437 2819 1649 2884 quidem
1688 2820 1989 2884 scriptionis
2026 2821 2286 2868 rationem
2322 2819 2446 2869 inde
2484 2821 2828 2869 derivandam
2867 2823 3075 2881 statuit,

589 2906 735 2971 quod
784 2905 965 2955 Codex
1020 2905 1305 2955 Sinaiticus
1363 2922 1391 2954 e
1440 2921 1645 2970 papyro
1703 2908 2016 2970 aegyptiaco
2073 2907 2369 2971 descriptus
2426 2907 2602 2956 fuerit.
2673 2907 2894 2955 Accedit
2952 2923 3078 2955 cum

588 2992 995 3058 OrthographLa,
1022 2977 1131 3040 tum
1159 2993 1411 3041 universa
1437 3007 1501 3041 ea
1526 2994 1873 3057 grammatica
1903 2994 2054 3054 ratio,
2096 3007 2231 3058 quae
2259 2995 2530 3042 nominum
2555 2992 2928 3056 declinatione,
2957 3011 3076 3042 ver-

585 3080 879 3144 borumque
905 3081 1299 3144 coniugatione,
1326 3084 1380 3128 et
1404 3081 1613 3142 syntaxi
1639 3094 1673 3128 a
1699 3080 2003 3128 sinceritate
2037 3093 2230 3143 graeca
2255 3078 2592 3128 multifariam
2620 3078 2858 3129 discedit.
2897 3079 3074 3145 Argu-

584 3172 816 3215 mentum
855 3167 1184 3231 antiquitatis
1222 3182 1380 3230 porro
1419 3165 1607 3214 editori
1644 3165 1866 3230 praebet
1900 3165 2154 3214 librorum
2192 3166 2254 3213 N.
2283 3166 2342 3214 T.
2383 3167 2537 3229 orde,
2580 3166 2668 3232 qui
2705 3166 2887 3228 Actus,
2927 3169 3076 3217 nude

586 3249 848 3320 ,,πράξεις“
886 3254 1185 3318 inscriptos,
1224 3252 1483 3317 Epistolis
1520 3251 1761 3301 Paulinis
1799 3253 2123 3316 postpositos
2161 3251 2336 3301 habet.
2386 3253 2498 3301 Nec
2535 3269 2660 3303 vero
2687 3255 2839 3317 parvi
2871 3255 3076 3304 facien-

587 3340 711 3389 dum
738 3345 922 3390 censet
947 3341 1131 3402 editor,
1172 3340 1313 3404 quod
1341 3339 1507 3388 codex
1536 3337 1820 3388 Sinaiticus
1859 3344 2115 3403 tanquam
2153 3339 2230 3388 a*d
2265 3341 2475 3404 ipsum
2513 3340 2837 3389 Canonem
2863 3370 2930 3376 —
2957 3345 2983 3390 ⁶?
3007 3371 3076 3377 —

587 3428 913 3492 pertinentes
960 3427 1246 3476 Barnabae
1297 3425 1577 3491 epistolam
1626 3431 1680 3474 et
1726 3426 2002 3475 Pastorem
2039 3427 2272 3475 Hermae
2321 3428 2488 3476 sistat.
2551 3427 2633 3476 Cf.
2671 3429 2792 3478 Not.
2832 3428 2914 3477 ed.
2955 3430 3074 3477 cod.

586 3513 722 3563 Bibl.
750 3514 935 3563 Sinait.
961 3531 1011 3578 p.
1042 3517 1121 3564 10.
1149 3529 1190 3564 s,
1244 3514 1491 3562 Ceterum
1528 3529 1636 3561 non
1674 3512 1890 3577 reperiri
1926 3513 2191 3575 Codicem,
2231 3514 2320 3578 qui
2358 3518 2508 3562 tanta
2545 3519 2746 3578 quanta
2783 3513 3077 3564 Sinaiticus

587 3601 1235 3664 antiquissimorum
1283 3601 1676 3650 Latinorum
1725 3601 2004 3648 testium
2053 3601 2453 3664 cognatione
2503 3601 2872 3665 distinguatur.
2937 3601 3078 3650 Cum

586 3703 742 3748 ver0,
798 3688 995 3736 fatetur
1046 3689 1277 3752 ingenue
1326 3687 1496 3736 editor
1544 3685 1899 3746 acatholicuS,
1951 3688 2318 3751 antiquissima
2366 3688 2564 3737 Textus
2615 3702 2656 3736 s.
2705 3688 2970 3750 Historia,
3025 3695 3080 3737 et

588 3775 761 3838 ipsum
811 3775 1042 3824 studium
1090 3773 1401 3824 restituendi
1450 3775 1873 3839 antiquissimam
1929 3775 2042 3822 eius
2094 3775 2426 3838 scripturam,
2477 3789 2510 3822 a
2556 3773 2719 3822 nullis
2757 3776 3078 3824 testimoniis

586 3861 754 3924 magis
809 3862 1062 3924 pendeat,
1120 3876 1279 3926 quam
1327 3875 1360 3910 a
1411 3862 1691 3909 veterrimo
1741 3861 1934 3910 Latino
1984 3862 2296 3925 interprete3
2347 3863 2475 3910 satis
2525 3876 2782 3926 apparere
2833 3861 3078 3910 codicem

588 3947 889 3995 sinaiticum
927 3950 1145 4013 propius
1172 3949 1433 3997 Vaticano
1473 3949 1768 4012 ceterisque
1797 3948 2040 3996 omnibus
2067 3948 2136 3996 ad
2162 3948 2558 3997 similitudinem
2597 3965 2776 3998 eorum
2816 3949 3078 3997 accedere

588 4034 846 4094 codicum,
888 4035 1078 4097 quibus
1118 4049 1319 4083 summa
1358 4034 1645 4083 christiana
1683 4034 1970 4098 antiquitas
2007 4035 2274 4086 utebatur.
2331 4034 2436 4084 Sed
2473 4036 2608 4084 haec
2645 4034 2930 4084 sufficiant.

796 4120 1070 4169 Lubenter
1106 4121 1443 4171 concedimus
1484 4137 1759 4186 magnam,
1799 4135 1958 4186 quam
1999 4121 2170 4171 editor
2205 4122 2376 4171 codici
2412 4139 2509 4172 suo
2547 4123 2815 4171 vindicare
2853 4123 3076 4185 studuit,

587 4212 889 4272 competere
927 4209 1322 4271 antiquitatem3
1360 4207 1514 4256 silere
1553 4213 1788 4257 attamen
1825 4207 1969 4256 haud
2007 4224 2317 4272 possumus:
2357 4208 2422 4257 de
2459 4210 2768 4273 vestigiis
2808 4209 3076 4273 quibus·

588 4295 731 4343 dam
781 4310 955 4359 quae
1003 4295 1465 4344 recentiorem
1514 4299 1838 4355 aetatem,
1892 4310 2050 4360 quam
2089 4310 2154 4344 ea
2191 4301 2272 4344 est
2313 4295 2512 4344 codicis
2547 4295 2608 4343 Β.
2647 4295 2894 4360 produnt.
2949 4296 3076 4344 Huc

586 4381 862 4430 referimus
900 4397 947 4431 a.
988 4380 1225 4446 capitula
1260 4381 1525 4430 Ammonii
1563 4397 1682 4429 cum
1721 4382 2013 4430 canonibus
2050 4383 2291 4443 Eusebii,
2330 4396 2467 4446 quae
2507 4383 2683 4430 omnia
2718 4383 2774 4430 in
2810 4383 3074 4431 Vaticano

590 4468 793 4516 desunt.
832 4469 881 4517 b.
920 4467 1332 4518 Annotationem
1356 4468 1418 4517 L.
1446 4469 1507 4516 L.
1534 4468 1741 4517 Esdrae
1769 4473 1820 4516 et
1845 4468 2106 4518 Estherae
2134 4471 2447 4534 appositam,
2487 4483 2594 4532 qua
2623 4470 2851 4534 scriptor
2875 4475 3072 4530 monet,
3107 4470 3114 4476 ”

591 4569 683 4604 eos
727 4554 795 4604 ad
839 4551 1253 4608 vetustissimum
1290 4553 1560 4624 exemplar
1596 4555 1820 4607 collatos
1871 4571 1987 4605 esse
2025 4571 2059 4610 a
2094 4555 2372 4626 Pamphilo
2411 4556 2740 4624 recognitum
2779 4571 2824 4607 c.
2864 4571 2913 4608 a.
2953 4559 3068 4608 303.

3249 647 3251 729 ς
