3309 5300
1236 389 1375 440 Leges
1402 388 1589 430 Criticae
1617 391 1787 430 Sacrae.
2629 375 2756 440 139

270 565 617 616 haereticorum
668 570 719 615 et
752 567 1079 630 impostorum
1130 563 1185 615 S.
1224 563 1278 614 S.
1316 564 1620 628 depravatio
1658 580 1710 614 v.
1741 582 1796 630 p.
1835 566 1918 615 76.
1959 566 2111 625 15³7„-
2158 580 2288 629 quae
2332 570 2499 614 tamen
2540 564 2758 614 omnium

270 651 459 703 minime
492 649 679 713 obfiait,
717 653 872 704 nimis
917 655 1203 702 incurrente
1251 651 1305 700 in
1352 651 1519 702 oculos
1565 651 1884 715 impudentia
1927 650 2364 714 depravatioaum.
2425 651 2568 701 Data
2601 667 2760 716 opera

270 737 469 790 ostendit
502 735 563 786 id
600 737 689 787 vir
717 734 939 803 'insiynis
980 737 1039 790 B.
1079 738 1347 788 Gen-mon
1383 736 1435 788 S.
1464 738 1533 801 J.,
1569 739 1603 792 l.
1641 737 1708 789 de
1741 737 1991 789 veteribus
2025 738 2162 790 haer.
2202 738 2335 788 Eccl.
2377 737 2500 788 Ood.
2538 744 2756 800 corrupt.

264 844 313 891 p.
344 827 456 874 135.
491 841 533 874 ο.
600 823 785 875 Omnis
818 825 917 876 illa
954 825 1171 890 denique
1205 827 1452 888 varietas,
1500 841 1629 890 quae
1673 827 1926 890 reperitur
1971 825 2169 876 collatis
2209 825 2556 876 vetustissimis
2591 825 2657 874 N.
2701 824 2757 875 T.

268 911 637 976 exemplaribus
671 914 873 978 graecis
898 918 944 963 et
967 911 1190 976 antiquis
1221 912 1747 977 intevpretationibas5
1781 914 1886 963 eive
1920 911 1986 962 sit
2021 912 2378 974 literarum3
2415 913 2519 964 sive
2553 928 2760 962 vocum

266 997 704 1049 multitudinis
752 1005 840 1049 aut
880 1001 1269 1064 paucitatis,·
1320 999 1424 1051 sive
1467 999 1769 1059 limitum,-
1814 1015 2012 1063 semper
2055 1016 2118 1049 ex
2158 999 2330 1050 indole
2376 1016 2565 1063 sensus,
2615 1016 2760 1064 quem

268 1084 405 1152 offert
439 1089 487 1136 et
523 1084 841 1149 antiquitate
874 1088 1129 1152 temporis,
1169 1102 1266 1150 quo
1303 1085 1407 1136 iam
1443 1086 1604 1136 locum
1641 1086 1874 1136 habuisse
1909 1085 2146 1146 traditur,
2185 1084 2522 1137 diiudicanda
2557 1086 2667 1138 erit.

347 1341 403 1418 ξ.
451 1341 557 1404 62.
608 1337 999 1422 Regulae
1045 1340 1127 1401 in
1170 1337 1641 1402 iudicanda
1685 1338 2194 1402 Lectionum
2241 1339 2669 1402 varietate

1210 1451 1824 1516 observandae.

466 1625 813 1691 Quamquam
848 1628 1051 1692 ingenii
1084 1626 1329 1690 felicitas,
1358 1632 1411 1676 et
1436 1627 1663 1691 diligens
1687 1627 1916 1676 studium
1945 1627 2183 1691 quemvis
2208 1627 2367 1676 facile
2398 1642 2497 1675 usu
2525 1625 2758 1687 docebit,

275 1713 391 1779 quid
422 1713 480 1760 in
504 1714 764 1763 universo
801 1713 999 1762 iudicio
1028 1720 1081 1763 et
1104 1714 1314 1764 delectu
1341 1715 1658 1764 variantium
1696 1712 1985 1763 lectionum
2021 1713 2428 1774 observandum,
2468 1712 2595 1778 quid
2631 1728 2760 1761 vero

275 1799 578 1864 fugiendum
617 1801 717 1864 sit3
756 1800 902 1848 haud
936 1805 1116 1849 tamen
1153 1801 1339 1850 inutile
1378 1802 1491 1861 erit,
1540 1799 1753 1864 regulas
1793 1800 2051 1864 quasdam
2091 1801 2334 1866 cognitas
2371 1799 2586 1861 habere,
2625 1813 2761 1864 quae

277 1886 521 1936 iudicium
560 1886 629 1935 de
669 1888 929 1936 varietate
975 1887 1220 1936 lectionis
1272 1887 1408 1936 bene
1459 1887 1814 1936 moderantur.
1889 1885 2029 1936 Sane
2079 1903 2196 1936 cum
2245 1888 2476 1936 maxima
2523 1885 2764 1951 polleant

274 1974 549 2024 sanctitate
598 1973 778 2036 Libri,
835 1974 902 2022 de
950 1975 1142 2039 quibus
1191 1976 1391 2038 agitur3
1450 1989 1566 2023 eam
1616 1975 1684 2023 ob
1742 1989 1956 2024 causam
2013 1975 2188 2035 etiam,
2242 1990 2346 2039 quo
2401 1973 2758 2022 reverentiam

276 2061 523 2125 potiorem
562 2061 686 2108 iure
722 2075 818 2109 suo
857 2061 959 2110 sibi
998 2061 1112 2109 dari
1143 2061 1429 2125 postulant,
1468 2076 1532 2110 eo
1570 2062 1740 2125 magis
1778 2059 2059 2125 diligenter
2095 2062 2254 2110 certis
2293 2060 2588 2110 canonibus
2626 2058 2761 2108 iudi-

280 2149 407 2195 cium
445 2147 510 2195 de
549 2146 659 2196 illis
698 2146 860 2196 debet
895 2148 1197 2212 gubernari.
1258 2148 1357 2197 Est
1393 2148 1598 2197 interim
1647 2147 1767 2196 hoc·
1796 2149 2065 2212 negotium
2117 2146 2456 2212 perdifficile3
2509 2161 2610 2195 nec
2646 2145 2761 2194 ulla

282 2233 456 2298 regula
482 2236 650 2282 statui
676 2238 868 2300 potest,
908 2250 1044 2298 quae
1070 2236 1317 2284 universe
1344 2234 1536 2296 valeat,
1576 2238 1629 2282 et
1654 2249 1762 2283 nou
1787 2233 1984 2284 habeat
2008 2249 2230 2299 magnas
2254 2235 2311 2283 in
2336 2249 2438 2283 usu
2465 2235 2755 2282 cautioneS.

281 2323 371 2370 Est
416 2322 557 2369 enim
607 2321 867 2369 iudicium
905 2320 970 2370 de
1019 2321 1305 2370 lectionum
1345 2323 1612 2370 variarum
1660 2322 1714 2369 in
1753 2320 1803 2369 S.
1843 2319 1895 2370 S.
1933 2322 2120 2384 pretio,
2172 2326 2390 2385 propter
2436 2320 2762 2385 peculiarem

282 2409 530 2456 rationem
570 2423 745 2456 rerum
788 2412 840 2456 et
876 2408 1123 2456 dictionis
1153 2423 1186 2456 a
1217 2407 1575 2472 Scriptoribus
1608 2406 1660 2456 S.
1689 2413 1978 2472 usurpatae
2015 2409 2183 2472 magis
2220 2408 2566 2472 implicatum,
2605 2422 2761 2472 quam

286 2497 333 2543 in
366 2494 473 2542 ullo
512 2493 622 2543 alio
661 2493 814 2543 libro.
865 2495 998 2543 Nam
1026 2510 1130 2558 quo
1158 2496 1323 2558 magis
1350 2494 1484 2543 haec
1510 2509 1543 2542 a
1570 2494 1836 2543 scribendi
1862 2510 2054 2558 genere
2082 2494 2369 2543 occidentis
2397 2493 2623 2557 recedit3
2660 2493 2762 2542 hoc

286 2585 422 2630 tanto
448 2583 623 2629 minus
650 2585 828 2645 potest
853 2580 921 2629 ad
946 2586 1157 2630 nostras
1181 2580 1325 2644 leges
1352 2596 1536 2630 severe
1576 2580 1815 2630 iudicari.
1865 2571 2074 2629 Deinde
2102 2585 2252 2630 extra
2276 2580 2493 2630 dubium
2529 2582 2759 2646 positum

288 2673 383 2718 est:
420 2684 530 2717 rem
567 2669 768 2733 magni,
808 2670 911 2717 imo
949 2669 1162 2716 maximi
1191 2670 1442 2717 momenti
1470 2684 1603 2730 esse,
1642 2666 1924 2717 Sacrarum
1947 2662 2246 2717 Literarum
2284 2670 2765 2733 integritatem3

286 2753 409 2821 quas
443 2756 666 2819 fontem,
708 2756 835 2804 etsi
873 2771 999 2804 non
1034 2757 1320 2817 unicum,
1359 2755 1649 2805 Revelatae
1675 2757 1926 2805 Veritatis
1953 2756 2134 2804 divina
2159 2754 2439 2819 Sapientia
2473 2756 2764 2805 constituit.

288 2844 448 2904 Quam
482 2842 651 2891 fallax
687 2843 827 2892 foret
860 2842 961 2891 hoc
1010 2842 1165 2891 modo
1214 2844 1315 2890 iste
1364 2843 1647 2892 thesaurus
1697 2842 1997 2907 regularum
2046 2842 2171 2891 fidei
2222 2847 2384 2907 atque
2432 2858 2662 2904 morum,
2720 2842 2764 2889 si

288 2945 585 2979 concessum
642 2930 783 2979 foret
830 2931 1151 2979 coniecturis
1205 2932 1316 2979 suis
1363 2930 1581 2979 lectioni
1629 2931 1830 2980 Textus
1881 2928 2030 2979 Sacri
2079 2931 2182 2978 vim
2232 2930 2466 2979 inferre?
2526 2930 2766 2994 Quisque

286 3016 423 3066 videt
474 3018 761 3067 conamina
808 3019 913 3066 ista
960 3017 1162 3066 fructus
1213 3032 1329 3065 esso
1377 3016 1596 3067 audacis
1635 3018 1869 3079 criticae,
1921 3032 2058 3081 quae
2109 3016 2266 3065 hodie
2317 3016 2496 3065 multis
2546 3016 2763 3064 nimium

288 3108 532 3169 quantum
568 3104 777 3169 placet.
824 3104 887 3153 V.
925 3120 977 3168 p.
1019 3104 1135 3153 135.
1194 3104 1511 3152 Luxurianti
1547 3105 1730 3168 itaque
1767 3105 1982 3167 ingenio
2019 3103 2169 3151 frena
2205 3103 2494 3151 iniicienda
2531 3107 2656 3152 sunt
2693 3101 2760 3151 ad

288 3192 641 3241 aberrationes
689 3190 1089 3255 praecavendas
1124 3190 1333 3239 idonea.
1397 3189 1478 3239 Cf.
1514 3190 1567 3239 J.
1608 3190 1670 3239 G.
1711 3190 1932 3255 Sapper,
1978 3190 2043 3238 de
2089 3191 2406 3238 variantium
2445 3190 2760 3238 Lectionum

291 3278 581 3343 Scripturae
619 3279 685 3326 N.
723 3278 785 3327 Τ.
822 3292 924 3326 11311
962 3282 1015 3326 et
1050 3278 1239 3327 abusu.
1275 3276 1462 3326 Altorfi
1504 3279 1654 3326 1712.
1693 3294 1744 3342 p.
1779 3278 1860 3325 35.
1897 3294 1938 3327 s.

481 3366 743 3414 Poterunt
767 3380 892 3413 vero
918 3364 1061 3413 haud
1088 3380 1245 3429 aegre
1272 3366 1451 3413 omnia
1484 3364 1732 3413 lectionis
1770 3365 2034 3428 genuinae
2073 3364 2431 3412 secernendae
2470 3369 2761 3428 praecepta

291 3451 351 3500 ad
386 3450 487 3500 duo
525 3453 779 3517 primaria
815 3453 1070 3500 revocari.
1131 3452 1333 3499 Eorum
1371 3466 1531 3499 unum
1568 3450 1671 3499 hoc
1709 3456 1812 3500 est:
1862 3450 2044 3499 nulla
2079 3450 2287 3499 lectio
2328 3456 2598 3511 temere,
2650 3450 2762 3499 sed

291 3540 807 3588 auctoritatibus
872 3537 1201 3588 consultis
1258 3539 1701 3602 expensisque
1755 3537 1907 3587 loco
1963 3542 2333 3587 moveatur.
2407 3538 2760 3602 Praeceptum

294 3624 505 3673 alterum
541 3626 619 3675 sic
657 3625 847 3675 habet:
904 3626 1074 3674 ratio
1112 3640 1368 3689 semper
1402 3624 1708 3673 habenda
1744 3628 1844 3673 est
1879 3640 2109 3674 sensus
2148 3629 2343 3690 atque
2392 3628 2768 3673 contextus.

296 3710 527 3764 Ceterum
576 3712 745 3761 multa
792 3712 915 3771 hinc
962 3714 1069 3761 iam
1116 3712 1287 3761 fluunt
1334 3711 1631 3773 corollaria,
1684 3711 1751 3760 ad
1799 3726 1938 3775 quae
1988 3712 2262 3760 attendere
2312 3716 2536 3776 oportet.
2596 3712 2765 3775 Igitur

294 3801 579 3849 reverentia
616 3814 756 3863 quae
794 3800 971 3848 Libris
1010 3799 1186 3849 Sacris
1235 3813 1362 3863 prae
1401 3799 1644 3848 omnibus
1685 3798 1922 3861 debetur,
1973 3798 2027 3847 id
2065 3814 2098 3847 a
2134 3799 2287 3849 nobis
2340 3800 2572 3863 requirit,
2625 3798 2766 3864 quod

293 3886 371 3934 vel
402 3900 434 3935 a
468 3900 657 3952 parum
694 3885 933 3937 modesto
972 3888 1153 3936 critico
1190 3888 1247 3935 in
1285 3886 1529 3936 humanis
1565 3886 1714 3935 libris
1753 3886 2034 3950 diligenter
2070 3886 2344 3935 observari
2379 3886 2768 3950 praecipimus3

292 3978 345 4021 ut
378 3988 676 4036 caveamus,
727 3988 804 4023 ne
852 3974 1271 4023 emendemus
1311 3988 1471 4037 quae
1516 3972 1982 4022 emendatione
2031 3989 2157 4022 non
2204 3972 2532 4036 indigent,
2574 3977 2770 4021 cuncta

294 4061 427 4123 prius
464 4062 675 4125 agenda
711 4066 852 4123 sunt,
892 4066 1180 4125 antequam
1217 4060 1444 4110 alicuius
1481 4059 1586 4109 loci
1625 4060 1681 4109 S.
1720 4058 1772 4109 S.
1812 4059 2234 4109 emendationem
2266 4064 2545 4109 tentemus.
2585 4058 2771 4107 Omnis

293 4162 407 4196 vero
446 4146 687 4198 lectionis
728 4148 1005 4197 cuiusdam
1044 4146 1413 4196 emendatio
1452 4152 1694 4195 temere
1730 4147 2039 4209 instituitur,
2090 4162 2226 4211 quae
2265 4145 2322 4195 fit
2359 4146 2441 4195 vel
2480 4162 2552 4194 ex
2589 4147 2765 4209 igno-

295 4236 531 4297 rantia,
582 4235 687 4284 vel
746 4250 774 4283 0
823 4236 995 4284 vitio
1042 4234 1428 4283 voluntatis,
1489 4234 1575 4282 Ex
1610 4239 1838 4298 utroque
1876 4234 2022 4283 fonte
2071 4233 2453 4283 audacissimas
2500 4234 2556 4281 in
2593 4232 2767 4281 Textu

296 4320 353 4370 U.
379 4322 439 4371 F.
469 4336 814 4387 promanasse
852 4321 1267 4383 emendationes,
1306 4322 1419 4371 sive
1456 4323 1653 4369 rectius
1691 4321 2239 4385 depravationes,
2277 4324 2439 4369 testes
2471 4324 2595 4369 sunt
2632 4335 2771 4368 com-

294 4410 523 4458 mentarii
560 4409 712 4458 multi
749 4408 1178 4459 Acatholicorum
1216 4408 1371 4459 huius
1410 4410 1678 4472 temporiS.

490 4496 545 4545 Si
571 4501 749 4545 autem
787 4512 919 4561 opus
948 4497 1017 4546 sit
1040 4495 1437 4545 emendatione:
1478 4510 1552 4544 ea
1588 4497 1652 4544 in
1692 4497 2073 4545 universum
2109 4494 2312 4544 lectio
2350 4494 2773 4559 praeferatur

299 4596 451 4649 quae
488 4576 790 4652 antiqua,
829 4585 999 4635 bona
1036 4587 1099 4633 et
1135 4583 1323 4635 simul
1359 4597 1513 4635 vera
1552 4584 1651 4636 sit.
1691 4583 1928 4635 Plurima
1961 4582 2064 4631 hoc
2090 4586 2375 4652 praecepto
2415 4583 2771 4649 continentur,
