3309 5300
537 394 663 459 216
1248 406 1486 447 comment.
1517 404 1571 445 de
1600 406 1644 446 S.
1667 405 1826 455 script.
1855 416 1950 456 cap.
1979 416 2068 445 sec.
2097 405 2229 445 tract.
2259 404 2316 445 11.

536 604 596 656 a,
607 579 943 666 permultis
976 602 1216 664 magno
1252 579 1569 667 applausu
1602 589 1701 643 est
1731 588 2054 665 suscepta.
2103 581 2238 673 Ipsi
2270 579 2510 645 Judaei
2543 602 2690 645 eam
2722 602 3040 666 suspexe-

536 701 690 757 runt
713 696 752 777 ¹,
796 691 999 757 veluti
1030 694 1239 777 magis
1276 692 1685 757 conformem
1733 715 1929 779 quam
1962 692 2430 757 antecedentes
2462 691 2704 757 Textui
2735 690 3041 777 Origina-

536 807 632 869 rio
653 806 698 869 2.
744 804 806 869 N
810 827 896 869 on
924 814 1148 886 tamen
1180 804 1455 870 deerant
1486 806 1681 870 etiam
1715 804 2074 871 adversarii
2103 814 2168 869 et
2202 804 2694 887 obtrectatoreS,
2741 807 2853 890 qui
2889 827 3042 869 eam

538 916 1023 1003 improbarunt3
1069 918 1271 982 veluti
1304 918 1390 982 ad
1420 920 1874 983 auctoritatem
1904 924 2016 981 τῶν
2044 916 2279 999 LXX„
2310 955 2395 963 —
2431 939 2630 1002 quam
2664 920 3044 983 versionem

538 1029 825 1094 divinam
870 1040 937 1095 et
981 1052 1107 1116 ope
1155 1029 1433 1116 Spiritus
1479 1029 1704 1095 Sancti
1749 1030 1995 1095 factam
2037 1038 2350 1116 putarunt
2369 1032 2411 1092 3.
2457 1067 2544 1077 —
2603 1029 3036 1094 minuendam

542 1153 608 1207 et
631 1142 1121 1228 deprimendam
1163 1142 1425 1207 factam.
1458 1142 1940 1207 Acerbissimus
1969 1142 2201 1207 horum
2236 1142 2522 1206 omnium
2555 1142 2676 1207 fuit
2697 1142 2980 1207 Rufinus
2997 1146 3043 1206 4.

540 1256 662 1319 His
710 1255 1045 1320 calumniis
1093 1256 1567 1321 occurrendum
1612 1256 1736 1321 sibi
1783 1278 1926 1319 esse
1975 1256 2228 1321 censuit
2272 1254 2337 1320 S.
2372 1255 2572 1319 Pater
2600 1256 3044 1341 responsioni-

540 1369 684 1452 bus,
732 1390 892 1455 quas
938 1370 1134 1434 variis
1178 1370 1451 1433 inseruit
1493 1368 1878 1433 tractatibus
1899 1372 1941 1433 ⁵.
2019 1368 2329 1433 Serenior
2373 1391 2586 1433 novae
2647 1371 3042 1454 interpreta-

757 1644 794 1710 1)
834 1642 913 1692 cf.
964 1642 1024 1692 C.
1061 1643 1113 1693 J.
1151 1642 1383 1703 Herber,
1442 1642 1506 1691 de
1554 1642 1815 1691 Versione
1869 1642 2038 1692 latina
2083 1642 2336 1707 Vulgata.
2381 1642 2608 1691 Vratisl.
2661 1646 2809 1693 1815.
2862 1661 2914 1710 p.
2963 1647 3042 1695 19.

544 1732 585 1796 2)
624 1731 955 1796 Sophronius
1005 1747 1070 1779 ex
1120 1731 1305 1779 amicis
1354 1728 1406 1778 S.
1444 1730 1785 1793 Hieronymi,
1831 1730 1915 1778 vir
1963 1731 2204 1795 apprime
2260 1730 2515 1780 eruditus.
2582 1730 2937 1792 „Psalterium
2989 1738 3044 1782 et

543 1819 857 1885 Prophetae,
910 1833 1044 1884 quos
1093 1832 1209 1880 nos,
1262 1817 1391 1866 dicit
1439 1816 1491 1867 S.
1528 1817 1888 1881 Hieronymus
1935 1816 2002 1865 de
2051 1818 2179 1866 viris
2227 1816 2415 1867 illustr.
2465 1832 2511 1867 c.
2552 1819 2668 1867 134.
2707 1834 2758 1883 p.
2795 1821 2937 1881 220„
2976 1819 3044 1868 de

545 1907 795 1956 Hebraeo
821 1907 878 1955 in
902 1906 1154 1954 Latinum
1178 1906 1483 1966 vertimus“,
1522 1905 1577 1953 in
1613 1918 1862 1969 graecum
1901 1903 2134 1969 eleganti
2160 1919 2402 1954 sermone
2433 1900 2721 1955 transtulit.
2759 1906 3041 1969 Lucinius,

547 2012 612 2043 ex
648 1994 915 2058 Hispania
950 1993 1190 2054 Boetica,
1230 1992 1282 2041 S.
1322 1988 1373 2039 S.
1412 1991 1475 2041 L.
1513 1991 1577 2040 L.
1628 1990 1766 2039 bene
1806 1990 2092 2053 studiosus,
2141 1991 2376 2041 notarios
2422 1990 2824 2041 Bethlehemum
2862 1994 3039 2058 misit3

547 2083 639 2147 qui
675 2082 975 2130 versionem
1013 2083 1066 2128 et
1102 2084 1283 2129 cetera
1333 2092 1497 2145 opera
1532 2078 1581 2127 d.
1619 2076 1933 2142 Hieronymi
1983 2076 2347 2128 describentes
2395 2078 2668 2128 referrent.
2721 2080 2826 2145 Ep.
2865 2082 2952 2143 71,
2991 2082 3042 2130 5.

544 2186 596 2233 p.
634 2169 753 2220 434.
801 2168 959 2217 Hanc
995 2168 1051 2215 in
1086 2181 1199 2215 rem
1232 2166 1407 2230 inquit
1442 2181 1482 2215 s.
1519 2166 1752 2216 Doctor:
1806 2167 1884 2226 „si
1918 2169 2349 2230 paragrammata
2395 2167 2686 2231 repereris;
2737 2166 2826 2216 vel
2861 2168 3042 2217 minus

548 2254 731 2320 aliqua
756 2254 1023 2319 descripta
1060 2258 1199 2315 sunt,
1240 2268 1378 2318 quae
1404 2268 1619 2303 sensum
1643 2252 1872 2318 legentis
1909 2252 2218 2317 impediant,
2257 2268 2366 2301 non
2401 2252 2529 2302 mihi
2555 2253 2720 2303 debes
2755 2256 3043 2320 imputare,

548 2342 643 2392 sed
695 2344 815 2403 tuis,
874 2346 928 2391 et
972 2342 1269 2405 imperitiae
1320 2342 1647 2389 notariorum
1697 2340 2143 2404 librariorumque
2191 2341 2447 2402 incuriae,
2503 2342 2595 2406 qui
2642 2322 2884 2390 scribunt
2931 2358 3046 2392 non

550 2429 693 2494 quod
726 2429 1021 2490 inveniunt,
1060 2426 1157 2478 sed
1193 2426 1337 2492 quod
1373 2426 1696 2492 intelligunt,
1735 2432 1788 2476 et
1825 2426 1950 2475 dum
1989 2427 2194 2476 alienos
2233 2442 2438 2476 errores
2477 2428 2759 2478 emendare
2795 2430 3047 2478 nituntur

550 2515 837 2567 ostendunt
872 2518 1049 2565 suos.“
1105 2516 1181 2563 Et
1214 2530 1335 2563 mox
1373 2512 1581 2563 subdit:
1632 2514 1941 2575 „Canonem
1975 2514 2284 2563 Hebraicae
2319 2516 2574 2577 veritatis,
2613 2522 2836 2580 excepto
2875 2515 3044 2565 Octo-

550 2604 755 2668 teuch0,
795 2619 952 2670 quem
988 2603 1211 2652 nuncin
1242 2601 1489 2652 manibus
1528 2600 1719 2666 habeo,
1756 2602 1936 2666 pueris
1974 2602 2078 2652 tuis
2117 2606 2170 2650 et
2205 2602 2426 2652 notariis
2453 2601 2575 2652 dedi
2613 2603 3044 2654 describendum.

550 2691 902 2757 Septuaginta
950 2693 1299 2755 interpretum
1355 2688 1645 2738 editionem
1701 2694 1753 2738 et
1801 2694 1854 2739 te
1909 2688 2110 2738 habere
2164 2705 2272 2738 non
2322 2689 2537 2753 dubit03
2595 2693 2648 2739 et
2694 2695 2819 2740 ante
2870 2705 3046 2740 annos

549 2777 805 2843 plurimos
867 2777 1268 2843 diligentissime
1330 2776 1692 2838 emendatam,
1764 2775 2018 2826 studiosis
2088 2775 2301 2825 tradidi.
2373 2776 2582 2825 Novum
2641 2777 3046 2827 Testamentum

550 2879 777 2930 graecae
837 2864 1041 2914 reddidi
1096 2864 1418 2913 auctoritati.
1492 2863 1567 2912 Ut
1622 2865 1763 2912 enim
1817 2864 2070 2912 Veterum
2129 2863 2415 2912 Librorum
2469 2862 2600 2913 fides
2657 2863 2720 2912 de
2775 2864 3047 2934 Hebraeis

550 2951 908 3002 voluminibus
959 2950 1314 3001 examinanda
1361 2955 1457 3011 est,
1506 2951 1583 2999 ita
1626 2951 1902 3000 Novorum
1943 2950 2135 3000 Graeci
2185 2952 2442 3000 sermonis
2479 2965 2717 3000 normam
2755 2951 3046 3000 desiderat.

550 3039 767 3088 Laudat
802 3040 959 3088 etiam
996 3038 1297 3102 Hesychius
1338 3037 1386 3086 d.
1413 3038 1727 3100 Hieronymi
1763 3037 2077 3086 versionem.
2153 3037 2191 3102 ³)
2231 3036 2366 3086 Vide
2404 3054 2456 3102 p.
2491 3038 2606 3086 166.
2644 3054 2685 3087 ει.
2758 3039 2800 3103 ⁴)
2843 3037 3048 3089 Obiicit

553 3126 601 3174 d.
636 3126 989 3189 Hieronymo:
1043 3126 1205 3186 „Quis
1244 3140 1308 3173 ex
1345 3129 1425 3173 tot
1462 3130 1514 3172 et
1549 3125 1710 3173 tantis
1757 3123 2110 3188 prudentibus
2149 3128 2201 3172 et
2237 3125 2438 3173 sanctis
2476 3125 2625 3185 viris,
2676 3126 2766 3189 qui
2817 3131 2941 3174 ante
2991 3131 3046 3175 te

551 3215 768 3263 fuerunt
793 3213 862 3262 ad
886 3213 1028 3262 istud
1054 3227 1187 3276 opus
1208 3239 1275 3248 -—-
1295 3227 1369 3260 sc.
1388 3212 1553 3262 LXX.
1574 3239 1640 3248 -—
1663 3225 1822 3261 ausus
1849 3213 1918 3260 sit
1941 3226 2157 3261 manum
2181 3212 2390 3261 mittere
2402 3213 2456 3260 *Γ*
2494 3210 2650 3276 Apol.
2665 3211 2736 3274 11,
2751 3214 2834 3263 32.
2854 3229 2907 3278 p.
2924 3216 3044 3264 661.

550 3302 625 3350 Et
658 3301 835 3352 statim
872 3316 925 3348 n.
962 3301 1044 3349 33.
1094 3301 1433 3364 persequitur
1481 3299 1708 3348 eandem
1756 3299 2204 3347 criminationem:
2268 3299 2432 3360 „Quis
2471 3314 2596 3364 ergo
2634 3301 2690 3348 in
2724 3301 2830 3350 ista
2868 3301 3044 3350 erudi-

552 3394 723 3437 torum
762 3388 993 3435 virorum
1045 3387 1200 3450 copia
1249 3401 1412 3435 ausus
1452 3390 1532 3434 est
1567 3386 1981 3435 Instrumentum
2019 3385 2272 3448 divinum,
2321 3384 2466 3450 quod
2502 3385 2746 3452 Apostoli
2783 3387 3046 3438 Ecclesiis

552 3474 898 3536 tradiderunt,
938 3477 991 3522 et
1027 3473 1323 3536 depositum
1362 3471 1587 3537 Spiritus
1626 3471 1810 3521 Sancti
1859 3471 2149 3536 compilare
2163 3474 2219 3520 ‘?“
2296 3473 2336 3538 ι5)
2376 3473 2647 3523 Adversus
2696 3474 2878 3524 hostes
2916 3491 3044 3524 suos

555 3560 817 3610 calamum
862 3561 1125 3624 stringens
1168 3558 1391 3624 „Cogor,
1430 3559 1505 3608 ait
1540 3558 1708 3623 praef.
1745 3559 1802 3607 in
1838 3558 1872 3607 l.
1909 3559 2034 3619 Job,
2075 3575 2170 3624 per
2205 3558 2445 3624 singulos
2483 3558 2790 3625 Scripturae
2829 3562 3047 3612 divinae

556 3647 748 3697 Libros
786 3647 1207 3696 adversariorum
1246 3645 1567 3710 respondere
1604 3645 1931 3710 maledictis3
1982 3647 2074 3711 qui
2109 3648 2602 3711 interpretationem
2639 3663 2830 3710 meam,
2867 3664 3047 3714 repre-

554 3734 865 3784 hensionem
912 3733 1265 3798 Septuaginta
1318 3733 1664 3797 interpretum
1717 3733 2110 3782 criminantur.“
2183 3733 2458 3783 Praestitit
2510 3734 2614 3784 hoc
2665 3749 2795 3800 prae
2851 3738 3048 3787 ceteris

547 3824 767 3886 egregie
802 3821 839 3870 1.
876 3821 944 3870 Π.
982 3825 1168 3870 contra
1204 3817 1471 3879 Rufinum,
1507 3834 1559 3868 n.
1598 3820 1682 3868 24.
1717 3835 1759 3868 s.
1797 3836 1848 3884 p.
1881 3821 2000 3868 617.
2027 3835 2069 3869 s.
2110 3819 2224 3880 „Ad
2258 3835 2342 3869 me
2380 3825 2600 3885 repente
2637 3822 2824 3871 scribit
2859 3839 3048 3874 rursus

520 3945 527 3953 .
558 3907 627 3957 ad
651 3907 958 3958 Marcellam
986 3923 1071 3973 ep.
1098 3909 1179 3970 27,
1208 3909 1255 3956 1.
1291 3923 1343 3972 p.
1373 3907 1506 3969 134„
1544 3906 1808 3972 perlatum
1846 3911 1930 3957 est
1957 3907 2218 3972 quosdam
2255 3907 2606 3958 homunculos
2643 3909 2771 3958 mihi
2808 3911 3050 3961 studiose

556 3995 863 4058 detrahere,
924 4011 1019 4044 cur
1072 3995 1357 4044 adversum
1410 3995 1783 4044 auctoritatem
1838 3994 2094 4044 Veterum
2150 3999 2204 4043 et
2255 3996 2420 4044 totius
2483 3996 2668 4044 mundi
2725 3998 3049 4062 opinionem,

556 4082 741 4146 aliqua
786 4083 843 4131 in
892 4081 1206 4146 Evangeliis
1256 4079 1541 4130 emendare
1591 4083 1924 4131 tentaverim.
1987 4081 2135 4142 Quos
2185 4097 2284 4147 ego
2335 4097 2455 4131 cum
2502 4098 2716 4147 possem
2765 4100 2884 4134 meo
2935 4087 3051 4135 iure

556 4173 912 4230 contemnere,
958 4173 1139 4218 tamen
1184 4183 1253 4217 ne
1290 4184 1387 4217 nos
1426 4170 1727 4233 superbiae,
1777 4174 1838 4218 ut
1873 4168 2050 4218 facere
2090 4168 2268 4219 solent
2312 4174 2556 4235 arguant,
2607 4172 2684 4220 ita
2732 4185 3052 4237 responsum

557 4255 807 4305 habeant.
878 4255 1000 4305 Non
1053 4255 1187 4304 adeo
1235 4271 1320 4304 me
1368 4255 1575 4304 hebetis
1624 4255 1791 4305 fuisse
1839 4255 2040 4318 cordis,
2093 4261 2146 4306 et
2191 4262 2302 4306 tam
2351 4271 2562 4308 crassae
2611 4259 2941 4321 rusticitatis,
2987 4264 3051 4308 ut

557 4342 762 4408 aliquid
800 4343 865 4392 de
902 4342 1198 4392 Dominicis
1236 4343 1413 4391 verbis
1452 4343 1820 4408 corrigendum
1857 4345 2180 4408 putaverim,
2229 4349 2326 4392 aut
2369 4359 2478 4394 non
2519 4345 2775 4395 divinitus
2823 4346 3052 4411 inspirass

556 4435 695 4493 tum3
733 4429 831 4480 sed
866 4430 1181 4480 Latinorum
1207 4427 1463 4478 Codicum
1498 4430 1861 4492 vitiositatem,
1901 4444 2040 4494 quae
2066 4446 2130 4479 ex
2157 4431 2466 4480 diversitate
2490 4431 2776 4482 Librorum
2815 4434 3051 4483 omnium

557 4517 958 4581 comprobatur,
999 4516 1067 4566 ad
1106 4515 1366 4565 Graecam
1412 4518 1684 4582 originem,
1721 4517 1862 4566 unde
1901 4521 1954 4566 et
1987 4518 2092 4582 ipsi
2127 4517 2390 4566 translata
2429 4532 2538 4568 non
2576 4519 2862 4584 denegant,
2899 4519 3050 4568 volu-

556 4602 664 4653 isse
699 4617 969 4653 revocare.
1020 4604 1223 4666 Quibus
1250 4605 1296 4652 si
1322 4603 1569 4668 displicet
1592 4604 1752 4654 fontis
1777 4603 1924 4654 unda
1947 4605 2232 4671 purissimi,
2271 4620 2532 4658 coenosos
2571 4607 2770 4657 rivulos
2807 4607 3046 4657 bibant.“
