3309 5300
1325 430 1471 471 nimia
1501 430 1768 482 polyglotta.
2667 416 2791 481 233

514 605 717 656 Secuta
752 610 877 656 sunt
912 621 1053 657 anno
1093 622 1138 655 e.
1176 623 1218 657 s.
1257 606 1397 655 LIX.
1440 607 1698 667 „Biblia
1737 607 1970 671 Regia“
2014 608 2174 656 etiam
2214 606 2789 670 „Antverpiensia“

312 695 473 757 dicta3
512 708 577 743 eo
618 694 765 758 quod
801 694 1052 759 auspiciis
1091 698 1144 742 et
1179 694 1440 743 sumtibus
1477 694 1540 742 R.
1578 694 1960 757 Hispaniarum
2005 692 2300 757 Philippi
2336 694 2422 755 11.,
2469 692 2794 757 Antverpiac

312 784 526 831 curante
577 781 639 830 B.
692 780 849 830 Aria
900 781 1239 842 Montano,
1299 779 1485 829 charta
1529 780 1697 844 regali
1741 780 2016 844 literisque
2065 779 2550 829 Plantiuianis
2599 779 2797 828 fuerint

312 868 591 932 descripta.
648 867 712 915 In
748 867 922 916 lucem
958 866 1271 931 prodierunt
1304 866 1355 915 h.
1382 870 1449 915 t.:
1490 866 1700 927 „Biblia
1732 864 1896 915 Sacra
1920 866 2204 927 Hebraice,
2244 864 2550 927 chaldaice,
2590 864 2796 914 Graece

314 959 363 1004 et
394 954 608 1016 Latine,
647 953 880 1018 Philippi
914 953 985 1003 11.
1014 954 1076 1003 R.
1106 952 1165 1003 C.
1202 954 1402 1018 pietate
1441 958 1494 1002 et
1529 953 1706 1003 studio
1745 954 1814 1002 ad
1852 952 2238 1003 Sacrosanctae
2273 953 2552 1003 Ecclesiae
2588 956 2791 1002 usum.“

312 1042 460 1091 Antv.
501 1042 897 1104 1569—1572.;
946 1046 1066 1090 octo
1104 1041 1259 1089 tomis
1296 1041 1352 1088 in
1389 1039 1535 1089 folio.
1598 1040 1800 1089 Eorum
1837 1040 2040 1105 priores
2078 1044 2308 1105 quatuor
2346 1040 2596 1089 exhibent
2630 1040 2693 1088 L.
2730 1039 2794 1088 L.

312 1129 370 1178 V.
403 1127 493 1176 F.:
530 1128 823 1189 Hebraico,
862 1128 1134 1177 versiones
1173 1126 1493 1177 chaldaicas
1526 1125 1810 1188 ,Onkelosi,
1848 1127 2184 1188 Jonathanis,
2221 1126 2446 1191 Josephi
2483 1128 2631 1176 coeci
2667 1126 2797 1175 alio-

311 1230 531 1279 rumque
570 1230 692 1263 cum
728 1214 900 1263 latina
934 1215 1398 1278 interpretatione3
1445 1210 1557 1271 τοὺς
1594 1214 1762 1263 LXX.
1797 1213 2061 1277 huiusque
2107 1213 2510 1263 translationem
2549 1213 2796 1278 Complu-

312 1308 541 1364 tensem,
594 1306 649 1351 et
696 1300 1071 1365 Vulgatam,
1122 1316 1261 1365 quae
1310 1306 1491 1351 tamen
1538 1301 1778 1366 plurimis
1826 1302 1883 1349 in
1927 1300 2027 1349 hac
2078 1300 2309 1350 editione
2357 1306 2528 1350 scatet
2575 1300 2796 1349 mendis.

312 1387 592 1437 Volumine
633 1388 818 1452 quinto
856 1385 1083 1436 habetur
1118 1388 1183 1437 N.
1219 1387 1281 1436 F.
1332 1387 1516 1437 addita
1564 1386 1857 1451 Syriaca
1901 1388 2174 1450 versione,
2225 1392 2331 1436 tam
2375 1388 2600 1452 propriis
2639 1402 2798 1452 quam

312 1474 575 1524 hebraicis
625 1474 793 1523 literis
842 1473 1123 1539 descripta,
1174 1489 1239 1523 ac
1287 1474 1455 1523 latina
1488 1474 1739 1539 Vulgata.
1793 1474 2125 1539 Apparatum
2173 1474 2404 1538 denique
2451 1489 2700 1538 magnum
2741 1474 2799 1522 in

314 1562 559 1610 extremis
584 1561 648 1612 V.
690 1566 744 1610 et
776 1561 869 1610 VI.
906 1562 1078 1622 tomis,
1120 1563 1211 1625 qui
1247 1563 1423 1610 varios
1461 1566 1720 1611 tractatus
1757 1561 1920 1610 refert
1956 1561 2026 1611 ad
2063 1560 2114 1611 S.
2156 1560 2462 1626 Scripturas
2498 1561 2798 1625 intelligen-

312 1650 435 1697 tiam
460 1648 743 1710 facientes,
776 1652 1057 1713 practerea
1080 1648 1297 1710 Lexica,
1327 1648 1728 1710 GrammaticaS,
1755 1644 2124 1697 collectione’m
2150 1648 2436 1697 lectionum
2463 1648 2796 1709 variantium,

313 1734 549 1797 tabulas,
601 1735 806 1784 indices
855 1751 1029 1783 rerum
1080 1750 1143 1783 ac
1186 1736 1473 1784 nominum.
1534 1735 1768 1785 Ultimus
1815 1740 1990 1784 tomus
2037 1734 2200 1784 habet
2233 1736 2298 1784 V.
2335 1735 2396 1783 F.
2435 1734 2580 1784 hebr.
2620 1740 2674 1785 et
2707 1734 2798 1784 lat.

314 1821 603 1871 minoribus
640 1821 833 1885 literis3
870 1837 935 1871 ac
960 1823 1023 1871 N.
1046 1822 1111 1871 F.
1139 1838 1214 1887 gr.
1242 1827 1295 1871 et
1317 1822 1499 1871 latine.
1553 1822 1748 1871 Omnia
1784 1822 1917 1871 haec
1945 1822 2208 1871 industria
2242 1822 2437 1872 Ariae
2473 1822 2798 1885 Montani3

316 1909 397 1957 cui
454 1908 525 1956 ab
584 1908 799 1957 auxiliis
857 1913 1009 1957 erant
1067 1909 1166 1958 viri
1219 1908 1587 1959 eruditissimi:
1650 1908 1712 1958 G.
1776 1908 2124 1970 Canterus,
2188 1908 2360 1958 Guido
2421 1909 2801 1970 Fabricius,

316 1995 365 2044 J.
400 1993 752 2043 Harlemus
792 1993 843 2044 S.
881 1995 951 2058 ,1.,
994 1990 1082 2044 Fr.
1119 1996 1336 2044 Lucas
1385 1996 1774 2060 BrugensiS,
1823 1996 1874 2045 J.
1924 1996 2368 2058 Livincinius,
2419 1996 2480 2045 A.
2523 1994 2800 2056 Masius,

319 2082 401 2130 Fr.
438 2081 941 2147 Raphelengius
980 2086 1034 2131 et
1068 2082 1325 2147 Alphons.
1366 2082 1431 2131 de
1470 2082 1757 2131 Zamora.
1809 2082 2195 2131 commendant
2227 2099 2286 2133 se
2320 2084 2425 2131 ista
2457 2081 2636 2131 Biblia
2671 2097 2802 2147 prae

322 2168 789 2233 Complutensibus
825 2184 931 2217 non
970 2168 1142 2218 solum
1181 2170 1379 2217 maiore
1416 2168 1666 2218 editionis
1705 2168 1999 2233 elegantia3
2037 2169 2132 2218 sed
2158 2170 2315 2218 etiam
2341 2170 2422 2231 iis,
2451 2184 2588 2233 quae
2623 2183 2801 2217 acces·

321 2258 497 2305 serunt
523 2254 577 2304 S.
606 2256 807 2303 Textus
846 2256 1171 2305 monimenta
1208 2250 1455 2317 ἀνέκδοτα,
1494 2261 1655 2319 atque
1694 2261 1982 2320 apparatus
2018 2258 2074 2305 in
2109 2256 2212 2305 hoc
2249 2271 2409 2321 opere
2445 2252 2801 2323 πολυγλώττῳ,

320 2341 447 2391 illud
483 2342 763 2391 reddidere
801 2342 999 2392 utilius.
1050 2343 1337 2393 Rarissime
1373 2328 1728 2407 reperiuntur,
1766 2358 1885 2392 cum
1921 2358 2068 2392 mare
2104 2344 2297 2392 iratum
2335 2347 2554 2407 experta
2589 2342 2802 2391 fuerint.

322 2430 381 2477 V.
406 2430 457 2479 J.
483 2429 642 2493 Vogt,
684 2428 855 2479 Catal.
893 2429 943 2478 h.
972 2445 1043 2479 cr.
1079 2430 1287 2479 Libror.
1324 2444 1426 2478 rar.
1463 2429 1655 2478 Franc.
1687 2430 1835 2498 179-3.
1872 2446 1923 2494 p.
1952 2431 2066 2478 122.
2115 2429 2330 2478 Interim
2366 2428 2545 2478 Biblia
2583 2429 2801 2477 Antver-

326 2517 523 2580 piensia
559 2531 668 2565 non
712 2517 945 2565 omnium
982 2531 1273 2565 naevorum
1310 2518 1549 2579 expertia
1584 2531 1730 2579 esse3
1775 2532 1898 2565 mox
1943 2520 2226 2581 postquam
2269 2516 2414 2565 edita
2460 2516 2608 2564 fuere
2655 2531 2800 2565 mon-

325 2606 557 2653 strarunt
595 2603 780 2653 critici.
832 2603 896 2653 V.
933 2602 1202 2653 Judicium
1239 2603 1301 2654 R.
1341 2601 1596 2667 Simonis,
1632 2604 1688 2654 in
1727 2606 1830 2654 cat.
1867 2603 2103 2668 praecip.
2142 2602 2224 2652 ed.
2260 2602 2399 2653 Bibl.
2439 2602 2506 2652 H.
2546 2602 2605 2653 C.
2641 2602 2704 2653 V.
2742 2602 2804 2652 Τ.

323 2691 387 2752 Π,
426 2692 543 2739 130.

524 2775 708 2827 Simile
756 2777 1056 2827 institutum
1106 2779 1249 2826 circa
1297 2777 1435 2828 idem
1489 2783 1700 2842 tempus
1744 2779 1972 2828 tentavit
2022 2777 2084 2827 Gr.
2134 2778 2206 2826 M.
2257 2778 2306 2827 le
2355 2778 2391 2827 J
2403 2791 2504 2842 ay,
2555 2779 2609 2826 in
2660 2777 2810 2826 curia

325 2865 690 2914 Parisiensi
728 2879 1008 2914 causarum
1036 2869 1308 2929 patronuS.
1357 2867 1471 2914 Nec
1506 2864 1629 2914 ullis
1670 2865 1736 2914 ad
1762 2881 1972 2927 novam,
2011 2871 2064 2914 et
2101 2865 2314 2930 quidem
2353 2866 2661 2925 auctiorem,
2702 2864 2808 2912 edi·

326 2953 517 3002 tionem
554 2950 913 3016 Polyglottam
959 2951 1339 3016 perficiendam
1375 2953 1628 3017 impensis
1667 2953 1932 3017 pepercit3
1979 2957 2096 3001 utut
2142 2967 2304 3018 supra
2351 2953 2542 3016 privati
2579 2951 2808 3000 hominis

326 3039 459 3088 vires
484 3038 541 3087 id
567 3040 743 3103 operis
772 3055 887 3088 esse
912 3039 1196 3089 videretur.
1245 3039 1459 3089 Illustre
1496 3039 1599 3088 hoc
1638 3054 1772 3104 opus
1813 3039 1996 3088 decem
2022 3040 2176 3089 tomis
2210 3040 2265 3087 in
2291 3038 2418 3087 folio
2459 3038 2654 3088 editum
2690 3039 2806 3098 fuit,

328 3127 413 3190 qui
448 3125 551 3174 hac
587 3125 935 3191 inscriptione
988 3127 1158 3175 ornati
1199 3126 1439 3176 fuerunt:
1493 3125 1704 3186 „Biblia
1739 3127 2036 3187 Hebraica,
2087 3124 2450 3186 Samaritana,
2500 3124 2806 3184 chaldaica,

328 3212 547 3274 Graeca,
589 3211 825 3276 Syriaca,
865 3213 1069 3274 Latina,
1118 3212 1367 3275 Arabica,
1407 3213 1614 3274 Quibus
1650 3217 1827 3262 textus
1866 3211 2153 3276 originales
2191 3213 2354 3261 totius
2393 3211 2698 3276 Scripturae
2737 3209 2807 3273 S.,

329 3315 543 3364 quorum
590 3313 717 3364 pars
763 3301 818 3348 in
856 3299 937 3348 ed.
979 3299 1183 3364 Compl.
1231 3300 1423 3349 deinde
1469 3301 1525 3348 in
1571 3299 1840 3366 Antwerp.
1881 3304 2070 3360 exstat,
2121 3315 2186 3348 ex
2221 3315 2345 3349 mss.
2383 3302 2495 3348 toto
2531 3298 2642 3347 fere
2683 3299 2809 3347 orbe

328 3387 577 3450 quaesitis
628 3385 1019 3451 exemplaribus
1069 3386 1401 3436 exhibentur.
1473 3387 1723 3436 Lutetiae
1777 3388 2102 3438 Parisiorum
2153 3387 2453 3436 excutiebat
2499 3385 2560 3434 A.
2611 3383 2805 3434 Vitre.“

329 3487 372 3522 a.
411 3473 563 3522 1645.
607 3471 763 3520 Anno
803 3473 955 3524 1628.
999 3473 1177 3537 coepit
1219 3473 1406 3535 editio,
1452 3474 1547 3523 sed
1592 3478 1809 3538 propter
1855 3479 1972 3523 orta
2008 3475 2145 3523 inter
2180 3474 2377 3546 Jayum
2415 3477 2467 3522 et
2504 3471 2812 3522 Gabrielem

330 3559 580 3608 Sionitam
620 3558 855 3621 dissidia,
901 3573 1041 3608 anno
1082 3559 1233 3608 1645.
1282 3560 1493 3608 demum
1532 3560 1599 3609 ad
1640 3560 1942 3610 umbilicum
1980 3561 2194 3609 tandem
2233 3561 2490 3624 perducta
2534 3564 2628 3608 est.
2689 3559 2810 3607 Non

330 3647 433 3696 alia
465 3647 567 3695 fuit
602 3647 744 3710 Jayi‚
796 3659 859 3694 ac
898 3645 1021 3694 olim
1060 3645 1350 3696 doctissimi
1390 3647 1447 3696 C.
1486 3647 1794 3697 Perronii
1835 3649 1982 3697 1617.
2027 3648 2152 3696 fatis
2201 3648 2392 3708 functi,
2444 3661 2620 3709 mens;
2673 3661 2810 3694 com-

329 3733 469 3798 plere
511 3733 722 3794 „Biblia
756 3733 977 3798 Regia“,
1028 3732 1133 3783 illis
1172 3749 1310 3799 quae
1358 3736 1666 3784 necessaria
1702 3735 2017 3784 videbantur
2065 3734 2456 3783 additamentis
2517 3734 2676 3782 Patet
2709 3733 2812 3781 hoc

332 3836 393 3868 ex
434 3819 599 3870 literis
644 3820 697 3869 ,1.
735 3819 797 3868 A.
834 3819 1091 3869 Thuani
1138 3821 1206 3870 ad
1253 3820 1305 3870 S.
1343 3822 1766 3886 Tengnagelium
1814 3820 1954 3870 Bibl.
2003 3820 2157 3871 Caes.
2195 3823 2243 3869 4.
2288 3822 2415 3870 Mai.
2457 3821 2607 3870 1615.
2657 3819 2812 3882 datia,

333 3921 459 3971 quas
498 3907 647 3956 dabit
683 3903 885 3969 Kollar,
923 3908 979 3956 in
1004 3906 1243 3957 Analect.
1280 3907 1511 3958 Vindob.
1536 3908 1607 3971 Π,
1638 3910 1788 3958 1075.
1835 3907 2081 3958 Ceterum
2118 3909 2171 3957 le
2208 3909 2312 3972 Jay
2349 3923 2476 3958 usus
2515 3910 2610 3969 est,
2650 3921 2815 3971 opera

332 3998 383 4042 et
414 3993 589 4044 studio
630 3993 693 4043 G.
733 3992 1057 4055 Sionitae,
1094 3994 1146 4043 ,1.
1186 3994 1450 4057 Morini,
1493 3994 1618 4044 Abr.
1656 3995 2105 4056 Echellensis,
2143 3995 2213 4044 H.
2251 3995 2518 4056 Parent,
2558 3993 2619 4042 G.
2657 3993 2812 4042 Her-

331 4086 535 4143 mant,
581 4081 634 4130 ,1.
676 4079 974 4142 Auberti‚
1022 4081 1075 4130 ,1.
1113 4082 1403 4130 Taurini
1454 4087 1506 4131 et
1553 4081 1611 4130 C.
1649 4082 1746 4131 Ph.
1784 4082 2115 4146 Aquinae.
2192 4080 2490 4130 Cardinalis
2535 4079 2814 4132 Richelieu

333 4168 555 4216 Ximenii
577 4167 809 4232 vestigia
831 4166 1033 4231 legens,
1059 4167 1333 4232 Heptapla
1356 4169 1688 4218 Parisiensia
1713 4185 1808 4218 suo
1835 4169 2047 4217 nomine
2071 4169 2326 4234 insignire
2351 4166 2582 4216 volebat.
2623 4165 2812 4215 Cente-

334 4270 512 4303 norum
564 4259 850 4319 eapropter
896 4253 1229 4303 millenoru'm
1266 4259 1638 4304 coronatorum
1677 4271 1934 4305 summam
1978 4255 2030 4304 le
2067 4256 2206 4320 Jayo
2245 4254 2596 4320 spopondisse
2631 4254 2814 4302 fertur.

334 4340 400 4389 At
431 4342 602 4405 Jayus
642 4341 825 4390 oblata
862 4339 921 4389 C.
958 4341 1233 4391 Riehelieu
1272 4343 1486 4391 omnino
1525 4343 1723 4391 reiecit.
1774 4342 1854 4391 Cf.
1894 4343 2063 4407 Long,
2102 4343 2136 4391 l.
2175 4358 2221 4390 c.
2259 4359 2310 4406 p.
2349 4343 2467 4390 372.
2523 4340 2598 4389 Ut
2635 4343 2813 4388 autem

338 4428 400 4477 ad
435 4429 733 4478 institutum
769 4429 871 4476 viri
910 4427 1187 4478 clarissimi
1210 4430 1336 4493 Jayi
1372 4433 1715 4490 revertamur,
1753 4429 1924 4478 voluit
1947 4429 2127 4478 Biblia
2150 4429 2558 4494 Antverpiensia
2595 4427 2816 4476 adiectis

339 4514 691 4564 tantummodo
732 4512 966 4578 Syriacis
1004 4520 1056 4564 et
1090 4515 1333 4566 Arabicis
1370 4516 1747 4580 interpretibus
1782 4531 1904 4564 cum
1928 4516 2135 4565 Latinis
2174 4514 2478 4564 eorumdem
2514 4512 2815 4563 translatio-

340 4601 485 4651 nibus
534 4605 792 4666 repetere.
852 4601 1051 4650 Verum
1096 4601 1433 4651 Berullins
1482 4602 1622 4666 Jayo
1674 4607 1861 4652 auctor
1897 4602 2122 4664 exstitit,
2171 4605 2232 4650 ut
2267 4599 2818 4651 Pentateuchum
