3309 5300
549 388 634 455 10
1235 404 1470 445 comment.
1503 402 1558 444 de
1585 405 1630 444 S.
1651 402 1861 454 scriptur.
1896 414 1990 454 cap.
2020 403 2147 455 prim.
2176 405 2284 447 sect.
2315 404 2351 445 Ι.

545 580 711 642 rium
745 577 996 643 dicant:
1031 577 1352 643 eiusmodi
1374 576 1654 641 tribunal
1686 586 1841 642 tunc
1876 602 2008 643 non
2042 580 2389 662 exstitisse,
2424 582 2830 666 apertissime
2864 583 3043 647 evin-

550 700 704 755 cunt
727 696 764 755 ¹.
819 692 1095 775 Propius
1128 689 1213 755 ad
1242 699 1539 755 nostrum
1568 692 1929 755 institutum
1962 691 2245 775 accedit,
2278 691 2456 777 quod
2500 716 2697 778 porro
2731 695 3039 760 traditur:

545 805 723 869 viros
753 802 1250 890 ,Synagogae
1293 804 1650 889 Ma‘gnae‘
1686 803 1767 867 dc
1801 803 2181 889 colligendis
2213 806 2280 868 in
2311 827 2513 869 unum
2542 805 2759 871 Libris
2792 806 3041 892 Sacris3

549 940 665 981 seu
711 916 830 999 ,de
890 916 1493 982 concinnando
1545 916 1887 982 Canone
1933 917 2015 982 V.
2056 917 2155 982 Τό
2210 920 2583 983 meruisse2.
2652 920 3043 1007 Priusquam

549 1038 767 1093 autem
798 1028 908 1092 'de
953 1028 1210 1093 Esdra
1255 1029 1697 1116 dispersarum
1757 1029 1823 1094 S.
1868 1029 2459 1115 Scripturarum
2507 1031 2858 1097 collectore
2909 1056 3038 1098 ser-

547 1164 809 1206 monem
839 1143 1284 1227 instituamus3
1329 1142 1710 1226 videndum,
1753 1142 2083 1229 quomodo
2115 1142 2300 1207 Libri
2341 1143 2524 1207 Sacri
2570 1154 2748 1209 ante
2795 1146 3041 1233 Baby-

544 1254 886 1319 lonicum
947 1255 1264 1320 exilium
1327 1255 1628 1321 custoditi
1706 1256 2151 1341 asservatique
2212 1255 2551 1321 fuerint‘P3
2625 1258 3035 1345 Frequentia

545 1368 678 1432 Dei
721 1378 1082 1455 praecepta
1127 1369 1209 1433 de
1243 1368 1469 1453 ,Lege‘
1518 1367 1967 1451 custodienda,
2016 1378 2082 1432 et
2113 1369 2380 1453 singulis
2419 1372 2774 1456 septenniis
2817 1394 3040 1436 coram

547 1482 794 1568 populo
825 1481 1186 1565 recitanda,
1226 1478 1510 1546 maxime
1543 1481 1886 1567 probabile
1918 1480 2196 1546 faciunt:
2229 1491 2439 1547 tutum
2474 1482 2756 1570 aliquem
2789 1494 3043 1569 aptum-

551 1616 678 1679 que
739 1596 1103 1679 gravissimi
1159 1598 1525 1680 argumenti
1579 1595 1798 1659 Libris
1860 1596 2260 1679 assignatum
2322 1594 2522 1660 fuisse
2567 1596 2786 1661 locum
2830 1596 3041 1682 publi-

551 1729 722 1789 cum,
770 1709 835 1770 in
871 1730 999 1793 quo
1035 1730 1296 1793 semper
1327 1718 1690 1773 manerent.
1742 1707 1822 1772 Id
1857 1717 1955 1772 est
1987 1708 2312 1773 exstitisse
2358 1731 2614 1773 sacram
2662 1709 2948 1795 aliquam
2980 1711 3045 1773 in

551 1818 836 1904 quadam
885 1822 1237 1885 sanctuarii
1299 1829 1486 1907 parte
1533 1820 2019 1903 bibliothecam,
2076 1821 2491 1886 sacerdotum
2538 1844 2617 1886 ac
2661 1821 3045 1886 Levitarum

549 1955 745 1997 curae
810 1935 1258 2016 commissam3
1329 1935 1394 1997 in
1453 1955 1583 2018 qua
1642 1935 1853 2020 primo
1908 1934 2156 2019 Moysis
2217 1936 2457 2020 scripta
2527 1933 3043 2019 collocabantur,

549 2044 785 2130 quibus
847 2044 975 2109 alia
1045 2045 1356 2132 deinceps
1429 2055 1851 2110 accesserunt
1936 2046 2409 2133 Hagiographa
2434 2050 2479 2112 ⁴.
2572 2046 2737 2112 Cum
2807 2047 3044 2111 eadem

548 2159 769 2242 specie
817 2160 956 2222 veri
998 2160 1228 2223 merito
1279 2157 1596 2223 creditur:
1662 2161 1837 2223 omni
1882 2169 2182 2245 tempore
2242 2159 2444 2223 fuisse
2488 2162 2664 2224 viros
2708 2160 3045 2244 religionis

550 2280 844 2335 amantes
905 2273 1219 2357 imprimis
1275 2273 1671 2357 Prophetas3
1729 2274 1838 2358 qui
1910 2272 2343 2359 quorumdam
2410 2272 2761 2338 Librorum
2808 2272 3043 2337 Sacro-

551 2406 718 2467 rum,
764 2387 1152 2469 praesertim
1197 2386 1675 2469 Mosaicorum,
1732 2386 2146 2471 possiderent
2193 2374 2531 2471 exemplar
2575 2388 2642 2449 in
2690 2408 2841 2450 suos
2888 2386 3044 2451 alio-

547 2518 823 2581 rumque
869 2520 1024 2561 usus
1072 2496 1492 2583 descriptum,
1540 2501 1697 2583 quin
1755 2508 1821 2562 et
1866 2498 2024 2562 alias
2072 2498 2364 2563 fortassis
2398 2498 2721 2563 Historias
2769 2507 2835 2563 et
2882 2499 3041 2564 Car-

762 2755 799 2820 1)
837 2756 1206 2806 Emendantur
1242 2757 1340 2806 abs
1375 2756 1554 2806 Esdra
1589 2773 1765 2807 mores
1800 2757 1986 2822 populi
2022 2756 2318 2820 foedusque
2357 2771 2475 2804 cum
2521 2756 2639 2805 Deo
2696 2759 3044 2817 restauratur,

547 2842 808 2908 multique
857 2859 887 2891 e
935 2844 1253 2908 primoribus
1302 2844 1514 2908 populi,
1567 2844 1939 2893 sacerdotibus
1978 2848 2139 2908 atque
2164 2843 2384 2905 Levitis,
2421 2857 2610 2892 manus
2648 2857 2779 2893 suae
2816 2843 3044 2892 subscri-

549 2932 751 2994 ptione,
791 2946 848 2980 se
885 2931 941 2978 id
977 2935 1099 2995 post
1135 2931 1234 2980 hac
1263 2933 1648 2980 observaturos
1678 2931 2019 2996 promittunt3
2058 2935 2142 2980 ast
2180 2931 2497 2995 Synagogae
2532 2930 2764 2994 Magnae
2801 2929 2956 2978 nulla
2990 2929 3045 2978 in

548 3017 630 3066 his
681 3023 776 3067 aut
823 3017 942 3066 aliis
989 3019 1104 3068 eius
1153 3020 1362 3082 generis
1401 3019 1652 3083 negotii8‚
1703 3019 1919 3067 mentio.
1956 3017 2129 3066 Multa
2164 3016 2475 3079 Nehemias,
2520 3017 2823 3082 praefectus
2869 3017 3041 3080 gentis

549 3120 680 3154 suae
718 3105 785 3154 ab
823 3105 1116 3156 Artaxerxe
1155 3107 1473 3156 constitutus
1511 3121 1631 3154 cum
1669 3107 1988 3154 auctoritate
2024 3104 2238 3154 molitur
2274 3109 2436 3168 atque
2473 3104 2709 3168 perficit3
2750 3102 3042 3169 aliquando

543 3192 706 3241 etiam
755 3190 823 3240 ad
873 3197 1083 3240 coetum
1131 3193 1317 3258 populi
1367 3193 1450 3242 sui
1509 3197 1797 3258 provocat,
1848 3193 1943 3242 sed
1990 3191 2309 3256 Synagogae
2364 3191 2434 3239 M.
2483 3192 2732 3255 nuspiam
2777 3192 3042 3253 meminit,

547 3279 693 3343 quod
731 3280 821 3343 qui
857 3279 1037 3328 facere
1073 3280 1352 3344 potuisset,
1391 3281 1437 3328 si
1473 3280 1779 3344 synedrium
1816 3278 2037 3344 aliquod
2073 3283 2185 3327 tum
2222 3279 2328 3326 iam
2377 3278 2670 3328 extitisset?
2731 3277 2811 3326 Cf.
2848 3277 3039 3326 Joach.

555 3366 844 3430 Langium,
909 3366 1152 3416 Historia
1206 3366 1574 3416 ecclesiastica
1642 3367 1707 3415 V.
1764 3367 1825 3415 Τ.
1880 3365 2056 3414 Halae
2123 3366 2275 3414 1718.
2330 3382 2381 3430 p.
2440 3366 2559 3414 821.
2642 3362 3041 3428 Spanhemium,

547 3453 688 3502 Hist.
738 3452 931 3502 eccles.
978 3454 1097 3502 Vet.
1148 3455 1294 3503 Test.
1341 3471 1393 3519 p.
1440 3455 1559 3502 422.
1608 3453 1915 3514 Buddeum,
1966 3453 2035 3502 H.
2072 3453 2137 3501 E.
2176 3452 2239 3501 V.
2278 3453 2339 3501 T.
2384 3452 2456 3514 II,
2498 3453 2612 3500 794.
2672 3453 2735 3500 1..
2772 3450 3044 3512 Herzfeld‚

549 3537 740 3588 Gesch.
795 3539 844 3588 d.
894 3539 1094 3589 Volkes
1142 3541 1310 3590 Israel
1359 3557 1464 3590 von
1515 3540 1611 3590 der
1657 3541 1980 3603 Zerstorung
2017 3540 2110 3588 des
2156 3543 2333 3588 ersten
2382 3538 2648 3603 Tempels.
2696 3537 3045 3587 BraunschW.

549 3627 699 3676 1847.
755 3644 806 3692 p.
858 3629 976 3676 256.
1049 3627 1090 3691 2)
1136 3629 1200 3677 V.
1248 3628 1301 3678 J.
1348 3626 1614 3689 Buxtorfi‚
1666 3627 1991 3676 Tiberiaden
2038 3641 2155 3691 cap.
2201 3627 2267 3675 X.
2316 3626 2397 3675 ed.
2444 3626 2609 3676 Basil.
2660 3627 2811 3675 1665.
2859 3642 2911 3690 p.
2958 3627 3042 3677 88.

545 3713 866 3779 Hottingeri,
903 3713 1234 3763 Thesaurum
1260 3713 1513 3778 philolog.
1553 3712 1636 3762 ed.
1662 3717 1782 3763 tert.
1808 3713 1993 3778 Tiguri
2033 3715 2183 3762 1696.
2209 3730 2261 3778 p.
2291 3714 2405 3762 114.
2456 3712 2517 3760 L.
2545 3712 2815 3774 Herzfeld‚
2846 3712 3037 3763 Gesch.

547 3799 596 3848 d.
631 3799 788 3848 Volk.
826 3799 997 3849 Israel
1033 3816 1138 3848 von
1177 3799 1269 3848 der
1301 3799 1639 3864 Vollendung
1677 3799 1770 3848 des
1808 3801 2032 3850 zweiten
2069 3799 2335 3864 Tempels.
2372 3799 2556 3864 Leipz.
2594 3801 2744 3848 1863.
2782 3799 2825 3861 1,
2854 3801 2971 3848 360.
2999 3817 3039 3850 s.

545 3885 589 3950 ⁴)
647 3886 802 3947 Quod
857 3887 911 3935 in
967 3887 1282 3950 quaestione
1339 3887 1498 3935 etiam
1551 3902 1695 3936 nunc
1748 3888 2003 3952 positum,
2067 3890 2119 3936 et
2174 3892 2317 3950 certo
2372 3901 2643 3951 nunquam
2698 3903 2858 3951 posse
2913 3885 3039 3936 defi-

545 3973 673 4035 niri,
725 3973 1081 4022 concedimus.
1153 3973 1256 4022 Est
1314 3974 1453 4022 enim
1501 3989 1586 4023 res
1635 3974 1993 4038 antiquissimi
2038 3975 2315 4038 temporiS,
2368 3973 2435 4022 de
2486 3988 2593 4038 qua
2640 3973 2762 4022 silet
2812 3974 2863 4023 S.
2904 3973 3043 4024 Scri·

543 4065 718 4124 ptura.
781 4061 864 4108 Ex
900 4061 1070 4124 ipsius
1108 4061 1268 4125 igitur
1307 4062 1385 4110 rei
1421 4060 1616 4122 indole,
1657 4065 1711 4110 et
1748 4077 1813 4110 ex
1848 4061 2035 4110 maiori
2080 4061 2380 4124 minorique
2422 4076 2549 4109 vero
2589 4059 2949 4121 similitudine,
2988 4060 3044 4109 id

546 4147 691 4211 quod
745 4148 1062 4211 quaerimus,
1119 4146 1521 4197 diiudicandum
1576 4149 1690 4196 erit.
1774 4147 1815 4210 4)
1872 4147 1993 4196 Hoc
2049 4150 2222 4196 sumto
2261 4147 2459 4212 optime
2515 4146 2884 4212 intelliguntur
2937 4147 3044 4196 loci

545 4234 778 4299 quidam,
818 4233 1005 4299 quales
1042 4240 1195 4284 sunt:
1232 4236 1394 4284 Deut.
1437 4237 1518 4297 17,
1560 4237 1644 4284 18.
1684 4237 1767 4298 31,
1794 4237 1841 4284 9.
1890 4235 1971 4284 Ib.
2009 4251 2057 4283 V.
2086 4235 2167 4283 26.
2204 4234 2361 4284 iussit
2394 4233 2636 4298 Moyses:
2678 4233 2880 4295 „tollite
2917 4248 3044 4298 ergo

541 4321 736 4371 librum
771 4322 932 4370 istum
971 4326 1024 4370 et
1059 4323 1241 4386 ponite
1281 4337 1406 4370 eum
1437 4323 1494 4370 in
1529 4321 1699 4371 latere
1746 4336 1905 4371 arcae
1942 4321 2173 4370 foederis
2210 4321 2431 4370 Domini
2460 4321 2564 4370 Dei
2601 4321 2813 4370 vestri.“
2870 4321 3041 4370 Josue

546 4410 629 4469 24,
667 4409 748 4457 26.
786 4408 830 4456 Ι.
867 4408 998 4472 Reg.
1039 4410 1118 4470 10,
1159 4409 1242 4457 25.
1303 4407 1479 4473 Atque
1518 4424 1583 4457 ex
1618 4409 1724 4458 ista
1770 4407 1904 4458 adeo
1944 4422 2099 4457 sacra
2134 4407 2460 4457 bibliotheca
2498 4406 2887 4472 depromendus
2926 4409 3044 4456 erat

544 4494 680 4544 liber
715 4495 906 4560 Legis,
957 4496 1182 4560 septimo
1233 4496 1420 4560 quovis
1471 4509 1612 4544 anno
1666 4495 1723 4543 in
1770 4495 1909 4545 festo
1947 4493 2414 4545 tabernaculorum
2464 4494 2665 4561 populo
2720 4498 3053 4558 congregato-

545 4580 761 4646 publice
797 4581 1205 4646 praelegendus.
1248 4581 1382 4633 Coll.
1420 4583 1580 4632 Deut.
1608 4585 1693 4646 31,
1723 4583 1944 4634 10—13.
