3309 5300
1107 401 1170 441 De
1199 402 1369 443 canone
1395 402 1439 441 S.
1459 400 1626 443 Libror.
1658 402 1755 443 Vct.
1788 402 1908 442 Test.
2679 387 2757 451 17

261 575 463 658 igitur
496 574 843 639 omnibus²
890 598 1142 639 summa
1170 577 1313 639 veri
1344 576 1564 660 specie
1613 575 1912 638 sumitur:
1960 573 2249 659 nuliam
2298 574 2511 637 circa
2556 582 2760 637 aeta-

259 696 420 749 tem
491 686 792 751 Christi
853 696 927 751 et
993 686 1557 773 Apostolorum
1623 686 1873 751 fuisse
1946 686 2493 750 differentiam
2560 685 2762 769 inter

262 798 670 865 Canonem
715 798 1198 865 Judaeorum
1243 799 1816 864 Hebraicorum
1862 808 2099 884 atque
2148 798 2653 863 Graecorum.

260 1096 322 1173 ς.
373 1096 434 1161 5.
497 1094 831 1181 Josephi
885 1056 1147 1159 slavii
1199 1094 1420 1159 locus
1476 1094 1640 1159 adv.
1690 1093 1971 1180 Apion.
2017 1094 2081 1177 1,
2131 1099 2189 1161 8.
2240 1094 2757 1179 expenditur.

473 1286 678 1336 Multae
715 1301 835 1336 cum
872 1286 978 1335 sint
1013 1303 1115 1348 res,
1172 1287 1365 1352 quibus
1405 1303 1433 1335 e
1471 1288 1683 1352 scriptis
1719 1286 1943 1352 Josephi
1983 1286 2161 1336 Flavii
2196 1286 2289 1335 lux
2326 1285 2529 1335 affandi
2567 1292 2758 1351 queat3

252 1388 393 1437 prae
432 1375 627 1423 ceteris
650 1373 753 1423 hoc
778 1374 835 1421 in
865 1373 1013 1423 Ioco:
1052 1374 1525 1423 Testimonium
1548 1373 1829 1439 Josephi
1863 1373 2085 1423 Flavii
2122 1373 2197 1423 de
2236 1371 2502 1422 Canone
2537 1373 2760 1422 Libro-

254 1476 399 1509 rum
455 1460 846 1509 Divinorum
900 1461 1165 1509 Veteris
1219 1461 1652 1523 Testamenti,
1718 1460 1861 1526 quod
1913 1460 2107 1525 legitur
2158 1460 2296 1509 libro
2350 1460 2519 1524 primo
2576 1465 2761 1510 contra

253 1547 543 1612 Apionem.
573 1562 617 1596 c.
645 1548 693 1596 8.
733 1547 814 1597 ed.
841 1547 1222 1613 Havercampii
1257 1546 1332 1609 H,
1355 1549 1474 1597 441.
1511 1547 1779 1597 illustrare
1811 1562 1873 1596 eo
1908 1547 2085 1611 potius
2118 1546 2273 1595 nobis
2303 1547 2474 1595 visum
2506 1550 2613 1609 est3
2655 1562 2759 1611 quo

253 1635 418 1696 plura
456 1633 560 1683 hac
585 1640 769 1683 nostra
806 1650 1019 1699 quoque
1057 1639 1232 1684 aetate
1258 1635 1397 1683 inter
1424 1636 1709 1699 scriptores
1748 1650 1909 1699 super
1946 1648 2109 1683 sensu
2146 1637 2199 1681 et
2223 1634 2485 1698 gravitate
2525 1632 2759 1683 eiusdem

254 1723 600 1786 reperiantur
636 1722 942 1771 certamina.
999 1721 1171 1781 Quam
1207 1722 1260 1770 in
1301 1737 1411 1771 rem
1447 1722 1568 1786 ipsa
1590 1720 1767 1770 Flavii
1804 1721 1973 1770 verba
2008 1719 2343 1768 subiicimus:

253 1874 370 1938 „05
407 1871 504 1945 γὰρ
545 1874 772 1945 μυριάδες
1567 1914 1590 1937 „
1599 1876 1633 1924 I
1629 1882 1776 1939 taque
1789 1874 1931 1939 apud
1942 1892 2036 1925 ‘nos
2046 1891 2365 1939 ‘nequaquam
2379 1872 2761 1924 innumerabilis

257 1978 468 2047 βιβλίων
508 1978 604 2030 εἶσὶ
639 1978 734 2049 παῤ
770 1981 902 2050 ἡμῖν,
1564 1969 1634 2013 est
1670 1962 1917 2012 librorum
1953 1960 2237 2023 multitudo,

1563 2048 1961 2099 dissentientium
1998 2055 2147 2113 atque
2170 2048 2303 2098 inter
2326 2064 2378 2099 se
2405 2050 2757 2113 puyna‘ntium,

1563 2134 1652 2185 sed
1688 2134 1789 2185 duo
1826 2133 2078 2185 duntaxat
2114 2141 2159 2185 et
2194 2135 2377 2201 viyinti
2411 2134 2549 2197 libri,

1561 2223 1713 2273 totius
1744 2221 2017 2286 praeteriti
2053 2221 2293 2287 temporis
2332 2222 2599 2271 historiam
2634 2237 2761 2271 com·

255 2080 578 2153 ἀσυμφώνων
617 2084 700 2135 καὶ
737 2083 1048 2155 μαχομένων·

254 2187 346 2237 δύο
383 2186 440 2238 δὲ
477 2186 604 2258 μόνα
638 2184 757 2258 πρὸς
794 2190 895 2247 τοῖς
933 2187 1085 2239 ε’ίκοσι
1121 2187 1301 2255 βιβλία,

253 2294 341 2342 τοῦ
377 2288 558 2352 παντὸς
597 2291 772 2363 ἔχοντα
805 2290 989 2363 χρόνου
1036 2290 1122 2357 τὴν
1161 2288 1455 2362 ἀναγραφὴν,
1622 2309 1913 2373 plectente&

253 2391 318 2446 τὰ
351 2396 560 2456 δικαίως
598 2398 703 2448 θεῖα
736 2396 1098 2467 πεπιστευμένα.
1564 2394 1652 2459 qui
1687 2397 1861 2445 merito
1898 2394 2173 2446 creduntur
2209 2394 2388 2445 divini.

255 2499 351 2549 Καὶ
385 2500 576 2551 τούτων
614 2500 749 2552 πέντε
789 2500 873 2569 μέν
911 2500 1013 2552 ἐστι
1048 2496 1108 2551 τὰ
1141 2500 1414 2563 Μωϋσέως,
1563 2490 1649 2541 Ex
1686 2490 1765 2541 '2²⁹⁸
1801 2490 2019 2556 qumque
2055 2488 2255 2555 Qu²⁰d⁶m
2290 2495 2405 2539 mm
2441 2490 2649 2557 ΜΟΗΒῘΒ,

1565 2577 1652 2641 qui
1688 2583 1735 2628 et
1772 2579 1899 2643 leyes
1934 2580 2196 2640 continent,

317 2709 332 2724 .
535 2715 562 2727 ω
639 2707 654 2726 .
1169 2711 1180 2730 ,
1565 2671 1609 2716 et
1627 2665 1806 2716 seriem
1829 2683 1999 2716 rerum
2018 2671 2272 2730 qestarum
2293 2682 2327 2714 a
2344 2664 2547 2715 conditu
2562 2664 2761 2730 yeneris

253 2727 340 2758 και
374 2707 464 2774 τὴν
503 2729 589 2775 της
627 2710 1018 2781 ανθρωπογονίας
1053 2713 1336 2780 παραδοσιν,
1635 2751 1847 2802 humani

256 2812 412 2884 μέχρι
445 2819 532 2879 τῆς
571 2813 719 2866 αὐτοῦ
755 2815 999 2881 τελευτῆς
1564 2855 1721 2904 usque
1756 2837 1826 2887 ad
1859 2841 2019 2904 ipsius
2052 2838 2318 2889 interitum.

255 2909 402 2977 οὗτος
440 2915 466 2968 ὁ
503 2917 681 2989 χρόνος
719 2916 965 2971 ἀπολείπει

257 2602 288 2654 ἃ
321 2604 441 2666 τούς
478 2623 531 2657 τε
567 2602 747 2676 νόμους
782 2605 993 2676 περιέχει

1566 2941 1729 3008 Atque
1765 2943 1855 2993 hoc
1890 2945 2114 3006 spatium
2150 2945 2389 3006 temporis

255 3021 556 3093 τρισχιλίων
597 3019 764 3094 ὀλίγον
802 3022 938 3074 ἐτῶν.
1511 3020 1516 3086 Ι
1567 3030 1671 3080 tria
1694 3029 1816 3093 sere
1852 3047 2098 3080 annorum
2134 3029 2300 3078 millia
2334 3027 2723 3094 comprehendit.

257 3261 392 3296 sane
429 3246 610 3296 Libris
647 3247 764 3296 istis
807 3246 1144 3295 Revelationi
1192 3247 1493 3297 consultum
1539 3263 1658 3298 esse
1706 3248 2102 3311 contendimus,
2152 3264 2376 3314 quorum
2422 3264 2523 3312 ope
2570 3249 2756 3310 multa,

258 3333 709 3398 quemadmodum
768 3333 998 3382 vidimus
1056 3334 1113 3381 in
1171 3334 1325 3384 Novo
1386 3334 1756 3398 Testament0‚
1818 3334 2095 3385 intellectu
2156 3335 2393 3400 alioquin
2454 3333 2756 3385 difficiliora

259 3419 637 3485 explanantur.

477 3506 516 3571 ¹)
566 3507 756 3556 Donec
803 3507 874 3556 ab
925 3506 1242 3556 adversariis
1289 3508 1574 3572 probatum
1617 3507 1778 3558 fuerit
1826 3509 2162 3557 contrarium.
2232 3506 2365 3558 Cum
2414 3509 2491 3556 sic
2543 3507 2755 3557 demon-

258 3597 486 3642 stratum
523 3594 616 3654 sit,
663 3595 970 3644 testimonia
1008 3594 1074 3643 de
1112 3593 1332 3643 Canone
1369 3593 1763 3644 Palaestinensi
1798 3595 1867 3646 ab
1903 3595 2292 3657 Alexandrino,
2338 3611 2495 3660 quem
2534 3593 2755 3659 Septua-

260 3681 414 3744 ginta
447 3681 797 3745 interpretum
833 3681 1006 3730 versio
1048 3680 1261 3730 exhibet
1297 3681 1530 3743 diverso,
1574 3681 1632 3730 id
1669 3681 1813 3746 quod
1850 3683 1965 3730 eius
2004 3683 2244 3746 patroni3
2294 3680 2351 3730 C.
2390 3682 2652 3743 Witasse‚
2692 3681 2758 3730 de

258 3766 401 3817 locis
437 3766 769 3832 theologicis.
818 3767 1046 3817 Vindob.
1089 3769 1238 3816 1763.
1277 3785 1328 3832 p.
1369 3769 1485 3817 128.
1545 3767 1597 3816 J.
1637 3768 1693 3818 S.
1724 3766 2007 3831 Semlerus,
2046 3768 2405 3833 Abhandlung
2440 3784 2546 3818 von
2582 3768 2759 3831 freyer

263 3853 687 3919 Untersuchung
711 3854 805 3904 des
835 3855 1074 3903 Kanons.
1111 3854 1288 3903 Halle.
1318 3856 1467 3903 1771.
1505 3855 1546 3916 1,
1586 3857 1670 3904 29.
1702 3871 1745 3904 s.
1774 3881 1838 3890 —-
1864 3853 2089 3904 Semleri
2122 3854 2411 3904 imbecillia
2446 3860 2760 3919 argumenta

256 3955 387 3989 mox
411 3941 712 3990 confutavit
732 3940 942 4002 Walch,
971 3939 1115 3990 Gett.
1143 3940 1256 3990 Gel.
1283 3940 1412 3990 Anz.
1438 3946 1474 3990 t.
1500 3941 1570 3989 II.
1598 3942 1681 3990 97.
1721 3940 1797 3990 St.
1819 3944 1969 3992 1771.
1989 3958 2041 4006 p.
2062 3943 2179 3992 825.
2200 3956 2241 3990 ε.
2264 3969 2329 3977 -
2349 3941 2445 3990 Th.
2472 3941 2752 4002 Holzclau,

255 4028 497 4076 Institut.
525 4025 850 4092 Scripturist.
871 4027 1104 4076 Wirceb.
1129 4030 1278 4077 1775.
1299 4044 1348 4092 p.
1371 4029 1453 4076 87.
1475 4044 1516 4078 s.
1554 4029 1672 4077 Tib.
1695 4026 1913 4090 Sertori,
1940 4028 2357 4078 Hermeneutica
2382 4026 2435 4076 S.
2454 4028 2518 4077 U.
2539 4029 2599 4076 T.
2620 4027 2755 4091 Aug.

257 4113 476 4164 Vindel.
505 4115 656 4164 1783.
688 4131 740 4179 Ρ.
769 4116 850 4164 33.
899 4114 983 4163 FI.
1012 4115 1260 4177 Dalham,
1299 4114 1365 4164 de
1403 4112 1623 4164 Canone
1658 4115 1909 4180 Dogmat.
1937 4113 2059 4163 Chr.
2094 4115 2319 4165 Vindob.
2348 4116 2498 4164 1784.
2536 4115 2578 4176 1,
2607 4115 2689 4162 62.
2717 4127 2757 4161 ει.

256 4201 333 4250 Η.
373 4200 625 4264 Corrodi,
671 4200 912 4251 Versuch
960 4202 1108 4251 einer
1151 4201 1522 4266 Beleuchtung
1564 4201 1658 4250 der
1697 4200 1887 4250 Gesch.
1926 4201 2019 4251 des
2052 4201 2167 4265 jud.
2206 4217 2257 4251 u.
2298 4201 2474 4250 christ.
2520 4201 2757 4249 Kanons.

259 4287 425 4336 Halle
467 4289 618 4336 1792.
667 4287 739 4336 II.
778 4304 828 4352 p.
871 4289 952 4336 17.
989 4304 1030 4338 s.
1085 4287 1379 4349 Bertholdt‚
1419 4287 1468 4337 h.
1505 4288 1558 4336 k.
1597 4286 1815 4337 Einleit.
1851 4289 1909 4336 in
1945 4287 2031 4336 die
2069 4286 2279 4336 Schrift.
2318 4287 2367 4336 d.
2404 4287 2467 4336 A.
2503 4303 2556 4335 u.
2592 4287 2657 4334 N.
2698 4285 2758 4334 Τ.

256 4373 539 4439 Erlangen
576 4376 727 4424 1812.
764 4375 806 4422 Ι.
843 4391 895 4439 Ρ.
933 4376 1155 4424 89-99.
1215 4374 1375 4437 Jahn,
1413 4374 1555 4423 Einl.
1591 4375 1634 4436 1,
1677 4376 1793 4424 133.
1832 4391 1873 4424 s.
1914 4374 2113 4440 aliique
2158 4373 2368 4424 efficere
2404 4373 2606 4435 volunt,
2646 4389 2754 4421 non

257 4466 556 4526 praestare.
603 4459 684 4510 cf.
709 4461 910 4523 Malou,
937 4460 973 4510 l.
999 4476 1045 4510 c.
1071 4462 1113 4524 I,
1142 4463 1224 4510 31.
1252 4477 1292 4510 s·
1319 4463 1402 4510 51.
1430 4477 1470 4511 s.
1510 4466 1672 4527 atque
1708 4460 1924 4523 Oehler,
1961 4463 2017 4510 in
2040 4462 2311 4526 Herzogii,
2346 4459 2759 4525 Realencyclop.

255 4547 352 4610 VI,
391 4548 515 4597 254.
551 4564 591 4597 s.

365 4657 582 4706 Dankm
613 4657 729 4699 Hist.
757 4657 1057 4698 Revelationis
1084 4657 1274 4700 divinae.
1304 4659 1381 4698 111.
2416 4655 2446 4700 2
