3309 5300
585 416 711 485 258
1284 429 1520 473 Commeat.
1549 426 1603 473 de
1628 430 1674 473 S.
1698 426 1908 482 Scriptur.
1939 443 2032 482 cap.
2061 426 2166 473 tert.
2195 430 2306 473 sect.
2336 425 2369 472 Ῑ.

584 608 801 657 obviis
838 608 1120 657 sententia.
1181 606 1355 657 Huius
1395 606 1698 672 explicandi
1739 609 1950 673 generis
1988 612 2232 658 auctores
2280 607 2374 657 illa
2411 607 2464 657 S.
2501 609 2802 659 Literarum
2839 609 2984 669 loca,
3021 608 3073 657 in

582 694 776 759 quibus
833 693 898 742 de
954 694 1343 759 augustissimis
1401 694 1525 743 fidei
1574 693 1910 743 Christianae
1964 695 2226 759 mysteriis
2281 696 2566 759 perspicue
2620 697 2810 760 agitur,
2867 694 3072 744 tamdiu

580 784 856 845 torquent,
912 780 1085 831 donec
1132 782 1326 831 rationi
1375 780 1639 831 humanae
1689 782 1870 846 captui
1906 780 2270 843 accomodata,
2321 781 2452 833 nihil
2492 780 2853 848 μυστηρειῶδες
2905 782 3073 830 couti-

580 872 762 917 neant.
823 867 1084 917 Miracula
1124 884 1250 917 vero
1290 867 1361 917 ad
1394 867 1714 917 naturalium
1753 872 2040 917 eventuum
2082 879 2274 917 causas
2313 872 2586 929 revocant,
2625 873 2679 917 et
2711 868 2864 917 falsis
2913 868 3070 915 inter-

582 956 929 1020 pretamentis
968 953 1181 1003 elevare
1218 960 1495 1004 conantur.
1535 954 1672 1003 Cum
1707 970 1870 1019 saepe
1907 959 1961 1003 et
1986 954 2337 1004 eruditissime
2375 953 2592 1019 quidem
2629 968 2662 1003 a
2697 956 2838 1004 suis
2876 952 3074 1019 repulsi

583 1041 798 1103 fuerint,
848 1057 1030 1091 eorum
1068 1042 1469 1105 disquisitiones
1507 1041 1784 1091 obsoletae
1823 1046 1962 1092 sunt.
2022 1042 2218 1091 Verum
2255 1045 2416 1089 enata
2453 1046 2535 1090 est
2571 1040 2678 1090 alia
2723 1042 3072 1105 interpretum

581 1127 1001 1179 acatholicorum
1036 1127 1255 1190 familia,
1294 1143 1434 1195 quae
1460 1129 1718 1193 seipsam
1757 1128 2497 1189 „historico-criticam“
2538 1127 2800 1193 adpellat3
2841 1129 2900 1177 in
2926 1129 3072 1178 cuius

580 1216 791 1279 scriptis
828 1232 1003 1280 neque
1028 1216 1315 1281 ingenium,
1354 1231 1528 1280 neque
1556 1215 1815 1277 doctrina,
1853 1231 2030 1280 neque
2065 1217 2265 1264 bonum
2292 1214 2502 1263 dicendi
2527 1230 2698 1279 genus
2725 1214 3070 1269 desideratur.

578 1302 927 1367 Expositores
989 1302 1440 1352 historico-critici
1498 1302 1744 1367 plerique
1807 1302 2326 1363 „Classicorum“
2383 1306 2829 1351 commentatores
2887 1304 3068 1365 secuti,

581 1404 701 1438 cum
728 1390 794 1438 de
819 1390 999 1459 Libris
1037 1389 1213 1439 Sacris
1250 1390 1567 1453 praesertim
1590 1390 1655 1437 V.
1681 1389 1744 1437 F.
1773 1390 2060 1453 quaeritur,
2099 1392 2367 1437 statuunt:
2405 1388 2670 1438 Historias
2703 1388 3066 1439 Revelationis

578 1476 810 1525 Divinae
826 1476 905 1524 ·ad
930 1476 1139 1525 radices
1164 1465 1335 1541 usque
1356 1506 1419 1511 —
1442 1476 1599 1526 sicuti
1623 1475 1914 1541 loquuntur
1933 1504 2000 1511 —
2021 1475 2201 1525 critice
2229 1490 2346 1523 esse
2375 1474 2774 1525 examinandas.
2805 1475 3068 1525 Accurata

580 1563 632 1612 S.
660 1560 713 1611 S.
739 1562 1008 1627 indagine,
1048 1564 1376 1623 continuant,
1417 1564 1597 1611 omnia
1633 1578 1662 1611 e
1687 1567 1982 1627 temporum
2023 1566 2182 1633 atque
2219 1561 2407 1626 populi
2439 1561 2660 1612 hebraei
2694 1567 2891 1611 natura
2927 1561 3066 1611 illus-

578 1653 784 1698 trentur
828 1654 1060 1714 oportet,
1114 1654 1167 1699 et
1204 1665 1342 1713 quae
1386 1651 1503 1699 Deo
1542 1649 1762 1714 indigna
1807 1650 2168 1713 reperiuntur,
2223 1648 2410 1697 eadem
2447 1648 2632 1699 dicunt
2671 1649 3066 1713 interpretando

578 1735 900 1785 removenda
945 1751 1079 1787 esse.
1144 1736 1298 1796 Quod
1346 1735 1439 1784 ubi
1484 1751 1660 1785 errore
1706 1736 2020 1800 gravissimo
2059 1734 2232 1784 delusi
2275 1735 2504 1797 faciunt,
2547 1736 2750 1799 primas
2795 1735 3066 1785 doctrinae

578 1822 999 1887 supernaturalis
1026 1824 1277 1872 veritates
1306 1828 1519 1888 negant,
1548 1827 1710 1887 atque
1745 1823 2203 1887 praestantissima
2229 1822 2280 1871 S.
2309 1823 2537 1887 Spiritus
2563 1822 2799 1887 Eloquia
2823 1824 2880 1871 in
2905 1837 3065 1873 vanas

578 1908 871 1958 dissolvere
897 1911 1113 1959 umbras
1140 1914 1385 1975 pergunt.
1422 1909 1672 1959 Admissa
1701 1910 1924 1958 istorum
1949 1910 2182 1959 virorum
2207 1908 2568 1959 audacissima
2590 1910 2656 1959 de
2683 1910 2744 1959 V.
2769 1909 2833 1958 F.
2861 1914 3064 1959 senten-

581 1996 673 2057 tia,
709 1996 775 2044 N.
798 1996 863 2045 F.
903 2011 1117 2061 quoque
1144 1996 1395 2045 historiae
1428 2000 1694 2058 corruant,
1731 2011 1953 2045 necesse
1979 1999 2073 2047 est.
2123 1996 2346 2045 Accedit
2381 1996 2522 2060 quod
2546 1996 2892 2061 praeiudiciis
2929 1998 3066 2065 capti

578 2082 864 2146 primitiva,
902 2088 963 2131 ut
998 2082 1197 2144 dicunt,
1234 2096 1268 2130 a
1291 2082 1680 2131 recentioribus
1719 2098 1998 2132 secernere
2032 2081 2306 2145 volentes3
2343 2082 2690 2147 plurimorum
2725 2081 2782 2131 S.
2816 2081 2870 2131 S.
2906 2082 2970 2132 L.
3002 2084 3062 2135 L.

578 2168 924 2230 authentiam,
953 2167 1078 2217 fidei
1104 2168 1415 2233 dignitatem
1442 2172 1495 2217 et
1518 2170 1878 2234 integritatem
1902 2170 2231 2234 impugnent.
2270 2168 2554 2219 Eiusmodi
2579 2173 2804 2219 conatus
2830 2167 2900 2217 ad
2926 2184 3062 2219 ever-

575 2254 790 2305 tendam
830 2271 1041 2305 omnem
1076 2254 1536 2320 supernaturalem
1574 2255 1908 2320 Religionem
1943 2255 2164 2304 tendere
2199 2255 2419 2320 planum
2458 2260 2566 2319 est3
2615 2255 2711 2305 sed
2753 2256 3062 2320 penitiorem

578 2357 759 2391 eorum
794 2357 1089 2403 censuram,
1130 2342 1197 2391 ab
1223 2341 1325 2390 hoc
1352 2343 1732 2391 commentario
1771 2342 2018 2404 alienam,
2057 2342 2177 2391 aliis
2203 2342 2565 2407 relinquimus.
2613 2342 2815 2392 Existit
2841 2342 3061 2408 denique

574 2430 769 2479 nostris
796 2429 985 2479 diebus
1012 2427 1158 2478 aliud
1178 2444 1347 2493 genus
1374 2429 1708 2490 criticorum,
1735 2445 1869 2493 quos
1899 2429 2576 2493 „Neo-Tubigensem“
2607 2428 2844 2479 scholam
2871 2431 3060 2494 passim

574 2516 981 2580 cognominant:
1004 2516 1153 2565 cuius
1174 2514 1415 2565 asseclae
1438 2514 1496 2563 O.
1517 2514 1651 2563 Bau
1665 2516 1746 2563 rii
1769 2516 2110 2580 opinionibus
2133 2515 2460 2567 confidenter
2476 2516 2744 2567 insistunt.
2771 2516 2990 2565 Inimico
3007 2517 3060 2564 in

580 2604 848 2664 „Verbum
872 2604 1007 2652 Dei“
1037 2604 1232 2664 animo,
1272 2602 1324 2653 S.
1350 2602 1561 2652 Literas
1589 2604 1893 2668 cumprimis
1917 2604 1982 2652 N.
2009 2604 2088 2665 Τ.,
2125 2604 2298 2668 ipsam
2323 2603 2478 2668 quasi
2503 2618 2678 2653 arcem
2703 2600 3058 2654 Revelationis

572 2691 906 2753 invadentes,
936 2689 1118 2740 orbem
1144 2689 1489 2740 christianum
1516 2691 1703 2740 Divini
1731 2689 1945 2740 Codicis
1972 2689 2223 2742 thesauro
2251 2691 2441 2740 orbare
2467 2690 2696 2740 student.
2732 2691 2780 2754 Ε
2809 2705 3058 2756 praecon-

572 2781 731 2842 cepta
765 2792 1018 2842 perversa
1055 2778 1205 2837 crisi:
1244 2777 1473 2842 plurima
1508 2778 1710 2842 scripta
1744 2777 2246 2842 Hagiographorum
2281 2778 2346 2826 N.
2377 2778 2440 2828 F.
2479 2777 2549 2827 ad
2583 2779 2755 2828 serius
2781 2805 2852 2814 -—
2877 2777 3058 2827 saltem

572 2865 794 2914 secundi
818 2864 1022 2914 saeculi
1048 2865 1576 2914 exeuntis—aevum
1602 2865 1814 2914 trahere
1839 2865 2042 2915 volunt.
2081 2863 2274 2914 Sacros
2301 2865 2596 2930 Scriptores
2623 2870 2804 2915 autem
2823 2866 2901 2913 ita
2917 2864 3059 2930 loqui

570 2953 927 3016 praecipiunt,
965 2956 1236 3016 tanquam,
1272 2967 1302 3000 e
1328 2950 1503 3000 media
1527 2951 1714 3000 schola
1736 2944 2103 3002 recentissima
2132 2950 2503 3016 philosophica
2525 2953 2797 3017 progressi
2820 2952 3056 3002 fuissent.

569 3038 767 3087 Verum
789 3040 953 3104 impia
971 3040 1075 3088 ista
1094 3038 1148 3088 S.
1170 3038 1222 3088 S.
1246 3037 1546 3103 explicandi
1564 3040 1702 3088 ratio
1725 3039 1870 3106 apud
1892 3055 2076 3088 omnes
2095 3038 2398 3104 Theologos
2420 3039 2746 3092 cordatiores
2763 3041 3058 3105 proscripta

568 3124 812 3174 habetur.
872 3125 1120 3175 Attamen
1157 3124 1393 3190 singulas
1430 3125 1529 3174 has
1565 3120 1984 3193 παραδοξολογίας
2020 3125 2433 3188 incredulorum,
2472 3126 2538 3176 de
2575 3127 2771 3190 quibus
2809 3126 2933 3177 olim
2955 3128 3058 3176 iam

568 3211 777 3262 Psalte's
825 3213 1005 3276 regius
1042 3213 1281 3276 queritur
1331 3213 1447 3274 118,
1489 3213 1601 3274 85.,
1650 3213 1925 3277 persequi,
1975 3228 2083 3262 non
2133 3217 2213 3262 est
2260 3212 2417 3262 huius
2455 3213 2914 3279 bibliographiae3
2962 3213 3054 3264 sed

570 3299 825 3364 plenioris
863 3301 1173 3364 Exegeseos
1208 3299 1641 3349 Acatholicorum
1679 3302 1918 3363 notitiae,
1961 3315 2122 3365 quam
2159 3300 2278 3350 aliis
2317 3300 2653 3350 scribendam
2694 3300 3052 3366 relinquimus.

777 3386 1007 3436 Confixit
1029 3388 1183 3438 istam
1212 3387 1265 3436 S.
1288 3387 1341 3436 S.
1366 3388 1705 3452 pervertendi
1730 3388 2000 3437 licentiam
2020 3415 2085 3424 --
2103 3386 2444 3437 Allocutione
2471 3387 2556 3436 die
2584 3390 2632 3438 9.
2658 3387 2788 3438 Jun.
2818 3390 2964 3438 1862.
2987 3415 3051 3424 —-

568 3474 767 3524 PIUS
815 3475 875 3523 P.
923 3475 1047 3524 IX.:
1101 3475 1397 3536 „Summa
1444 3479 1815 3539 praeterea
1868 3475 2304 3541 impudentia
2357 3490 2598 3524 asserere
2651 3490 2764 3525 non
2819 3474 3054 3524 dubitant

572 3560 805 3610 divinam
829 3561 1231 3610 Revelationem
1256 3577 1366 3611 non
1389 3561 1561 3611 solum
1586 3561 1719 3611 nihil
1745 3562 2014 3628 prodesse,
2055 3579 2235 3612 verum
2263 3563 2422 3612 etiam
2453 3577 2650 3611 nocere
2687 3561 2915 3612 hominis
2937 3579 3051 3627 per·

570 3646 809 3708 fectioni,
846 3648 1127 3713 ipsamque
1164 3648 1397 3698 divinam
1432 3648 1840 3700 Revelationem
1875 3665 1994 3700 esse
2029 3650 2412 3714 imperfectam,
2449 3654 2503 3698 et
2538 3649 2738 3698 idcirco
2766 3649 3051 3699 subiectam

570 3736 823 3784 continuo
862 3740 915 3784 et
948 3734 1223 3784 indefinito
1262 3739 1593 3800 progressui,
1632 3739 1723 3802 qui
1759 3736 2024 3786 humanae
2062 3738 2282 3786 rationis
2319 3737 2681 3801 progressioni
2703 3736 3048 3802 respondeat.

568 3819 693 3870 Ne&
707 3826 960 3870 verentur
983 3822 1208 3886 proinde
1232 3823 1435 3872 iactare
1460 3823 1770 3888 prophetias
1809 3829 1862 3872 et
1895 3823 2157 3872 miracula
2189 3825 2248 3872 in
2279 3821 2456 3872 Sacris
2489 3823 2688 3872 Literis
2726 3825 2969 3888 exposita
2999 3829 3050 3872 et

569 3913 801 3970 narrata,
842 3924 959 3958 esse
996 3914 1277 3973 poetarum
1314 3914 1626 3972 commenta,
1675 3915 1730 3959 et
1763 3916 2108 3960 sacrosancta
2143 3911 2356 3960 divinae
2392 3909 2516 3959 fidei
2552 3916 2768 3960 nostrae
2805 3911 3049 3974 mysteria

568 3993 1059 4060 philosophicarum
1082 3997 1555 4062 investigationum
1580 4013 1856 4059 summam,
1893 4013 1958 4047 ac
1985 3998 2491 4063 divinisUtriusque
2516 3998 2850 4048 Testamenti
2878 3998 3046 4048 Libris

563 4082 798 4145 mythica
834 4084 1094 4133 contineri
1126 4073 1365 4146 inventa,
1404 4088 1458 4133 et
1480 4085 1655 4149 ipsum
1691 4086 1979 4135 Dominum
2004 4085 2256 4134 Nostrum
2278 4085 2467 4136 Jesum
2498 4085 2766 4136 Christum
2803 4083 3045 4134 horribile

565 4168 735 4218 dictu!
773 4170 1060 4234 mythicam
1096 4187 1215 4221 esse
1250 4170 1569 4220 fictionem.“

774 4257 1030 4322 „Insuper
1076 4257 1292 4306 infitiari
1342 4258 1543 4307 audent
1590 4275 1800 4307 omnem
1848 4259 1952 4308 Dei
1988 4260 2044 4307 in
2079 4258 2320 4308 homines
2357 4259 2718 4325 mundumque
2773 4260 3041 4319 actionem,

564 4357 629 4392 ac
677 4347 877 4392 temere
926 4344 1222 4394 affirmant:
1269 4345 1557 4394 humanam
1607 4346 1894 4406 rationem,
1941 4345 2090 4394 nullo
2141 4361 2358 4410 prorsus
2406 4346 2512 4396 Dei
2559 4351 2807 4410 respectu
2851 4345 3041 4406 habito,

561 4430 778 4478 unicum
814 4445 933 4479 esse
969 4433 1083 4480 veri
1120 4447 1184 4481 ac
1221 4431 1359 4495 falsi,
1385 4433 1593 4482 boniet
1624 4432 1750 4481 mali
1788 4432 2062 4493 arbitrum,
2099 4432 2432 4496 eandemque.
2467 4432 2758 4484 humanam
2794 4433 3042 4482 rationem

562 4516 661 4565 sibi
711 4517 817 4581 ipsi
867 4532 985 4567 esse
1034 4517 1233 4583 legem,
1284 4534 1347 4568 ac
1398 4518 1732 4569 naturalibus
1779 4521 1890 4568 suis
1942 4519 2142 4569 viribus
2192 4519 2261 4568 ad
2312 4519 2586 4571 hominum
2635 4524 2690 4568 et
2736 4518 3040 4584 populorum

561 4602 757 4652 bonum
798 4605 1091 4654 curandum
1128 4604 1422 4655 sufficere.“
