3309 5300
1208 425 1435 467 Ver-aiones
1461 427 1672 467 Arabicae
1697 428 1749 467 A.
1781 428 1830 467 Τ.
2638 414 2759 479 191

268 603 304 659 l.
334 603 567 658 Bar-neh
612 604 858 661 exhibent
893 605 1113 676 publici
1154 606 1297 661 iuris
1330 606 1471 675 fecit
1514 606 1581 664 A.
1636 606 1936 677 Ceriani,
1998 609 2246 664 Monam.
2300 606 2460 665 Sacr.
2505 616 2556 663 et
2607 608 2761 677 Prof.

266 708 497 764 Mediae.
544 709 733 766 1861.
763 728 813 766 υ.
844 710 893 766 Ι.
931 710 983 779 f.
1018 713 1074 768 1.
1122 711 1408 781 Epistolae
1450 718 1685 782 quatuor
1729 710 1886 766 Petri
1917 712 1994 767 ΙΙ.
2040 711 2279 766 Joannis
2332 713 2412 767 II.
2462 718 2510 766 et
2558 712 2667 769 ΙΙΙ.
2716 720 2764 767 et

265 811 455 865 Judae
499 830 545 868 c.
593 830 715 868 mss.
769 814 930 867 Bodl.
976 814 1127 868 dedic
1172 815 1239 871 E.
1271 816 1365 869 Po
1377 818 1576 869 coeke.
1608 816 1873 890 Luthmi
1904 817 2088 871 1630.
2119 815 2486 887 Apocalypsis
2516 834 2542 869 e
2582 817 2762 870 codiee

268 913 546 987 Scaliyeri
588 917 887 987 depr-muta,
930 917 1195 972 versionis
1238 925 1296 972 ut
1317 924 1552 989 putatur
1580 919 1973 984 Heracleensis,
2023 920 2355 992 vulyabalur
2393 937 2559 990 opera
2591 921 2759 975 Lud.

266 1019 347 1073 de
388 1020 587 1075 Πίου.
634 1019 709 1074 ib.
752 1021 934 1077 1627.

804 1311 864 1389 ἓ.
912 1312 1016 1376 83.
1085 1309 1515 1374 Versiones
1560 1308 1954 1375 Arabicae
2001 1309 2084 1374 A.
2134 1310 2209 1373 Τ.

478 1502 627 1560 Cum
660 1503 779 1560 iam
810 1504 914 1561 diu
946 1509 1082 1571 ante
1112 1506 1577 1562 Mohammedem
1614 1505 1790 1562 multi
1820 1506 1885 1563 in
1916 1507 2262 1564 vastissimis
2294 1506 2412 1563 illis
2443 1509 2761 1583 provinciis

266 1607 545 1663 Arabum
576 1613 636 1664 et
663 1608 872 1665 Judaei
905 1609 1182 1683 degerent
1215 1614 1273 1667 et
1303 1610 1624 1667 Christiani
1652 1608 1698 1679 ¹;
1745 1610 1891 1687 quin
1923 1611 2025 1667 ubi
2055 1611 2410 1668 «Iudaeorum
2442 1611 2505 1668 in
2537 1615 2763 1670 Arabia

262 1709 478 1788 quinto
526 1731 582 1787 p.
618 1711 681 1770 C.
715 1732 773 1769 n.
823 1713 1050 1770 saeculo
1095 1713 1580 1771 florentissimum
1611 1719 1759 1771 esset
1788 1733 2063 1788 regnum:
2110 1714 2229 1771 iam
2277 1716 2418 1772 hinc
2461 1715 2782 1801 probabile!

263 1818 351 1870 est
382 1815 585 1871 varias
616 1815 793 1872 fuisse
824 1817 1004 1874 etiam
1036 1818 1296 1874 arabicas
1326 1818 1641 1894 versiones,
1695 1837 1828 1875 cum
1858 1838 1889 1874 e
1921 1817 2114 1875 Textu
2152 1819 2437 1889 Hebran,
2472 1823 2601 1876 tum
2644 1824 2703 1876 et
2732 1839 2762 1874 e

262 1920 536 1975 versione
582 1918 799 1992 LXX„
848 1923 1037 1998 quoad
1078 1921 1261 1979 Vetus
1308 1922 1772 1992 Testamentum;
1820 1942 1896 1979 ex
1943 1922 2278 1996 Originario
2325 1925 2513 2001 quoad
2552 1924 2628 1981 N.
2663 1924 2755 1992 Τ.;

264 2028 395 2079 tum
440 2025 624 2080 etiam
672 2044 704 2081 e
742 2026 987 2101 syriacis
1032 2026 1615 2102 interpretationibus
1661 2028 1850 2105 quoad
1891 2026 2222 2105 Utrumque
2251 2028 2474 2084 Foedus
2519 2032 2756 2103 spectat,

264 2127 578 2185 confectas.
626 2128 789 2185 Fieri
818 2131 1030 2205 potuit,
1066 2136 1126 2187 et
1155 2132 1574 2207 quodammodo
1603 2132 1841 2188 debuit:
1880 2136 1948 2188 ut
1979 2132 2202 2188 Arabes
2233 2132 2304 2189 ad
2337 2130 2510 2188 fidem
2540 2130 2760 2188 Christi

265 2234 558 2303 conversi,
608 2234 968 2312 reliquarum
1000 2237 1267 2309 gentium
1298 2235 1587 2312 exemplo,
1629 2238 1961 2311 acciperent
1998 2236 2056 2292 S.
2090 2235 2422 2311 Scripturas
2452 2237 2517 2292 in
2548 2255 2757 2293 verna-

265 2335 461 2392 culam
495 2336 761 2411 Iinguam
792 2358 957 2395 suam
987 2358 1293 2397 conversas
1312 2335 1355 2396 2.
1414 2342 1496 2397 At
1525 2340 1573 2396 si
1610 2340 1756 2417 quid
1787 2345 2011 2397 certum
2041 2341 2106 2397 in
2135 2360 2197 2397 re
2226 2345 2495 2399 veterum
2526 2340 2759 2398 Versic-

487 2527 523 2591 ¹)
561 2526 648 2576 Ita
672 2532 931 2576 testantur
956 2528 1237 2591 scriptores
1274 2543 1383 2577 non
1410 2526 1698 2576 Christiani
1722 2532 1928 2577 tantum
1955 2526 2050 2577 sed
2079 2528 2524 2592 Mohammedani,
2562 2530 2669 2579 imo
2708 2535 2762 2579 et

260 2612 641 2665 Alcoranus
688 2615 831 2680 ipse,
872 2614 961 2679 qui
997 2614 1091 2665 ubi
1127 2613 1294 2664 multa
1330 2614 1688 2680 nugacissima
1730 2614 1795 2663 de
1835 2612 2149 2664 Christianis
2188 2620 2382 2677 narret,
2421 2615 2656 2680 profecto
2695 2617 2760 2667 de

260 2702 556 2763 Arabibus,
612 2717 721 2751 non
773 2702 838 2752 de
892 2701 1011 2752 aliis
1059 2702 1284 2768 intelligi
1324 2702 1498 2751 debet.
1560 2700 1641 2750 Cf.
1679 2702 1928 2763 Eusebii,
1978 2702 2115 2751 Hist.
2167 2702 2314 2751 Eccl.
2355 2704 2416 2764 V,
2459 2706 2538 2752 19.
2588 2720 2637 2767 p.
2677 2706 2759 2752 22.

262 2787 702 2854 Philostorgium,
739 2789 809 2850 H,
848 2790 898 2838 6.
945 2806 997 2854 p.
1035 2791 1153 2838 471.
1194 2789 1273 2838 ed.
1312 2788 1431 2838 Val.
1466 2788 1565 2850 111,
1603 2790 1652 2837 4.
1691 2806 1741 2854 p.
1780 2790 1898 2838 477.
1961 2789 2260 2851 Sozomeni,
2303 2790 2441 2840 Hist.
2479 2790 2629 2839 Eccl.
2667 2791 2757 2852 VI,

263 2877 354 2924 38.
391 2893 445 2941 p.
480 2878 594 2926 699.
631 2876 945 2941 Martyrium
982 2891 1023 2926 s.
1050 2876 1297 2938 Arethae,
1336 2878 1392 2926 in
1428 2877 1701 2926 anecdotis
1737 2893 1814 2941 gr.
1854 2893 1882 2926 e
1920 2876 2036 2925 cod.
2072 2892 2180 2940 reg.
2218 2877 2270 2925 J.
2295 2876 2383 2925 Fr.
2410 2877 2757 2927 Boissonade.

262 2960 585 3030 Par.}1833.
624 2981 676 3028 p.
716 2966 797 3013 10.
835 2981 878 3014 s.
916 2965 999 3012 43.
1036 2981 1078 3014 s.
1136 2963 1321 3027 Cyrilli
1360 2980 1498 3013 mon.
1536 2965 1627 3012 vit.
1667 2979 1708 3012 s.
1763 2963 2040 3028 Euthymii
2073 2963 2146 3012 M.
2183 2963 2321 3012 Abb.
2360 2980 2405 3012 c.
2444 2965 2511 3026 4.,
2550 2965 2604 3013 in
2640 2965 2757 3013 Act.

264 3049 325 3098 S.
364 3049 503 3099 Boll.
542 3051 612 3100 ad
648 3053 731 3100 20.
768 3051 893 3101 Jan.
930 3051 1001 3112 ΙΙ,
1040 3053 1158 3101 305.
1196 3052 1261 3100 Ε.
1298 3051 1570 3113 Pocockii,
1609 3055 1718 3100 not.
1758 3050 1826 3099 ad
1865 3049 2107 3115 Gregorii
2143 3048 2304 3099 Abu'l
2338 3051 2555 3115 Faragii
2590 3050 2758 3100 Mala-

263 3138 476 3200 tiensis,
526 3140 799 3203 specimen
845 3139 1118 3188 Historiae
1153 3139 1387 3188 Arabum
1439 3138 1519 3187 ed.
1558 3139 1607 3187 J.
1646 3137 1844 3187 White.
1895 3137 2068 3187 Oxon.
2110 3139 2258 3187 1806.
2309 3155 2359 3202 p.
2401 3139 2481 3186 73.
2520 3139 2602 3186 87.
2642 3140 2758 3186 141.

263 3225 389 3272 218.
428 3225 709 3290 Anonymi,
760 3226 826 3275 de
872 3227 1039 3276 initiis
1088 3231 1141 3275 et
1188 3227 1317 3290 orig.
1356 3225 1692 3289 Religionum
1740 3226 1795 3273 in
1833 3225 2051 3274 Oriente
2102 3225 2322 3288 disperS.
2361 3241 2409 3289 q.
2449 3223 2556 3272 diff.
2597 3240 2628 3273 a
2664 3226 2757 3274 rel.

263 3311 377 3360 chr.
417 3311 453 3359 l.
492 3312 573 3361 ed.
626 3311 689 3362 G.
716 3313 785 3362 H.
811 3313 1109 3362 Bernstein.
1147 3312 1323 3361 Berol.
1365 3313 1515 3360 1817.
1556 3328 1606 3376 p.
1638 3314 1717 3361 18.
1772 3311 1830 3360 C.
1860 3311 1922 3360 G.
1949 3312 2035 3360 Fr.
2062 3311 2270 3372 Walch,
2309 3311 2547 3360 Historia
2583 3327 2758 3360 rerum

262 3399 323 3445 in
362 3397 695 3448 Homeritide
735 3399 788 3448 S.
816 3398 868 3447 S.
896 3415 1016 3448 cum
1053 3414 1086 3447 a
1110 3415 1235 3464 rege
1261 3398 1472 3447 Judaeo
1513 3403 1698 3447 contra
1731 3398 2077 3458 Christianos,
2117 3404 2226 3446 tum
2253 3399 2320 3447 ab
2348 3398 2664 3448 Habessinis
2691 3399 2758 3447 ad

262 3484 368 3535 hos
394 3485 731 3535 ulciscendos
758 3492 1041 3551 gestarum,
1066 3487 1123 3534 in
1146 3486 1280 3534 Nov.
1310 3485 1507 3534 Comm.
1539 3483 1656 3534 Soc.
1685 3501 1793 3550 reg.
1816 3485 1956 3534 Gott.
1988 3486 2137 3534 1774.
2163 3485 2254 3544 IV,
2277 3486 2358 3533 15.
2380 3501 2420 3534 s.
2459 3485 2757 3546 Renaldoti‚

264 3571 401 3621 diss.
430 3572 493 3621 de
519 3573 749 3622 arabicis
775 3571 827 3621 S.
856 3573 908 3622 S.
934 3572 1286 3633 versionibus,
1316 3573 1373 3621 in
1398 3572 1580 3636 Migne
1608 3571 1760 3622 Curs.
1789 3572 1978 3636 compl.
2005 3571 2058 3621 S.
2086 3571 2138 3620 S.
2165 3572 2285 3620 Par.
2316 3574 2464 3621 1839.
2502 3573 2544 3634 1,
2571 3575 2688 3621 507.
2716 3589 2755 3622 s.

264 3659 568 3724 Deuinger‚
603 3659 795 3709 Gesch.
822 3660 871 3708 d.
899 3660 1008 3708 chr.
1035 3658 1228 3709 Krche.
1255 3659 1491 3708 Landsb.
1520 3660 1672 3708 1835.
1699 3660 1740 3707 I.
1769 3663 1816 3720 2,
1845 3662 1959 3709 129.
1987 3675 2026 3707 s.
2089 3657 2131 3722 ²)
2156 3659 2346 3708 Fuisse
2374 3664 2497 3708 ante
2521 3658 2756 3708 Moham-

266 3746 495 3806 medem,
536 3753 591 3796 et
626 3747 838 3812 quidem
876 3747 943 3796 ab
980 3746 1319 3796 incunabulis
1358 3747 1433 3796 rei
1474 3746 1795 3796 christianae
1821 3746 2023 3795 Arabes
2061 3745 2263 3807 fideles,
2299 3761 2418 3794 cum
2444 3746 2756 3810 Apostolum

269 3849 335 3882 eo
384 3834 681 3897 profectum
733 3849 849 3883 esse
894 3839 1125 3894 constet,
1178 3833 1294 3883 Gal.
1338 3837 1382 3895 1,
1424 3835 1531 3896 17.;
1578 3834 1683 3882 imo
1720 3833 1862 3881 haud
1903 3847 2104 3896 paucas
2148 3833 2202 3880 in
2245 3833 2447 3882 Arabia
2495 3834 2757 3882 exstitisse

264 3919 546 3970 Ecclesias
587 3921 819 3971 dubitari
854 3921 1161 3970 nullatenus
1198 3925 1389 3986 potest.
1445 3921 1766 3984 Ubicunque
1805 3924 1981 3969 autem
2019 3925 2203 3969 coetus
2239 3919 2510 3968 christiani
2545 3919 2758 3969 collecti

267 4006 499 4070 fuerant,
536 4008 737 4057 Divina
760 4008 1045 4058 Volumina
1068 4009 1123 4057 in
1150 4010 1339 4072 synaxi
1364 4023 1404 4057 s.
1431 4006 1644 4072 publice
1680 4007 2010 4070 legebantur.
2061 4007 2248 4070 Neque
2286 4008 2424 4055 enim
2461 4013 2554 4056 aut
2580 4006 2758 4056 officia

267 4093 489 4142 laudum
517 4095 963 4159 quotidianarum,
1004 4100 1097 4144 aut
1132 4094 1396 4144 sacrificia
1434 4093 1785 4143 eucharistica
1822 4099 1912 4142 aut
1943 4099 2276 4142 sacramenta
2312 4091 2571 4143 celebrari
2609 4099 2754 4158 pote-

264 4186 407 4241 rant,
433 4182 638 4246 absque
666 4181 719 4231 S.
741 4181 795 4230 S.
815 4182 1062 4231 lectione.
1091 4180 1558 4241 Consuetudinem,
1590 4195 1730 4246 quae
1756 4181 1850 4228 toti
1877 4194 2193 4244 quacunque
2219 4181 2438 4244 patebat
2460 4179 2754 4240 Ecclesiae,

262 4270 565 4319 communis
604 4269 719 4330 fuit,
759 4268 903 4333 apud
928 4268 1129 4318 Arabes
1166 4267 1395 4332 aliquam
1434 4269 1804 4332 exceptionem
1837 4267 2105 4327 habuisse,
2145 4283 2211 4316 ne
2237 4268 2418 4316 venire
2455 4266 2664 4331 quidem
2701 4268 2756 4314 in

262 4360 501 4404 mentem
538 4360 730 4420 potest.
780 4356 966 4420 Neque
1006 4355 1143 4404 enim
1171 4353 1456 4404 Christiani
1484 4354 1872 4419 quodammodo
1899 4353 2067 4402 habiti
2091 4353 2331 4414 fuissent,
2370 4354 2457 4418 qui
2486 4353 2538 4402 S.
2567 4353 2619 4402 S.
2649 4371 2754 4403 non

266 4441 656 4491 adhibuissent.
697 4441 953 4507 Superest
976 4442 1160 4506 igitur:
1187 4445 1246 4489 ut
1268 4455 1359 4490 eas
1386 4441 1670 4490 habuerint
1687 4439 1872 4490 fideles
1895 4440 2124 4503 Arabes3
2151 4441 2244 4490 sed
2265 4440 2371 4488 alia
2391 4439 2574 4504 lingua
2597 4456 2755 4504 quam

268 4527 507 4578 Arabica
544 4543 635 4578 eas
673 4527 881 4593 legisse,
920 4543 1135 4592 prorsus
1174 4513 1501 4593 impossibile
1539 4526 1879 4576 iudicandum
1907 4532 2014 4589 est,
2053 4543 2174 4576 cum
2198 4532 2258 4576 ut
2283 4542 2346 4576 ex
2373 4528 2616 4576 omnibus
2639 4527 2755 4577 illo-

266 4631 385 4664 rum
432 4617 698 4666 memoriis
736 4615 1075 4665 historiarum
1112 4620 1393 4680 appareat,
1441 4601 1656 4680 linguae
1693 4631 1824 4665 suae
1863 4631 2070 4682 semper
2107 4615 2478 4665 studiosissimi
2514 4615 2754 4666 fuissent.
