3309 5300
514 390 643 455 200
1218 402 1450 443 comment.
1480 399 1533 441 de
1562 402 1607 443 S.
1636 400 1798 451 script.
1827 411 1920 451 cap.
1950 410 2035 441 sec.
2065 399 2194 440 tract.
2223 399 2279 441 11.

512 580 963 643 interpretationis
1002 576 1285 627 Sabidicae
1309 578 1372 631 N.
1400 578 1461 626 Τ.
1490 592 1571 642 ep.
1598 576 1756 625 Pauli
1793 575 1862 626 ad
1887 576 2114 626 Timoth.
2154 575 2236 626 ed.
2273 575 2363 625 Fr.
2389 575 2680 638 Mflnter,
2721 578 3012 626 comment.

517 664 582 713 de
617 664 797 714 indole
834 681 971 715 vers.
1009 665 1073 714 N.
1111 665 1172 713 Τ.
1213 664 1391 715 Sahid.
1430 664 1606 713 Havn.
1649 665 1800 713 1789.
1840 680 1889 729 p.
1928 665 2011 712 92.
2051 679 2091 712 s.
2131 667 2186 712 et
2221 663 2289 711 Η.
2327 662 2527 725 Ford,
2575 664 2631 711 in
2666 663 2804 728 App.
2841 663 2904 712 N.
2945 662 3016 712 T.

518 768 546 799 e
586 751 699 799 cod.
737 749 887 801 Alex.
920 766 954 801 a
980 751 1043 800 G.
1068 750 1298 800 Woide
1338 750 1504 800 descr.
1545 749 1716 798 Oxon.
1751 751 1900 799 1799.
1938 749 2213 799 Laudatur
2251 750 2412 799 etiam
2449 749 2501 798 J.
2526 748 2589 798 A.
2614 749 2676 798 A.
2703 749 3016 814 Georgii,

516 838 693 885 Erem.
730 837 1106 902 Augustiniani
1140 837 1522 902 Fragmentum
1558 836 1660 885 Ev.
1689 834 1742 885 S.
1767 834 2004 885 Joannis.
2033 834 2807 900 Graeco-coptico-thebaicum
2847 850 2888 884 s.
2913 834 3017 883 IV.

516 923 668 972 Rom.
721 924 871 973 1789.
920 926 1059 973 cont.
1106 925 1302 973 Joann.
1353 925 1401 980 6,
1448 924 1670 973 21-59,
1721 923 1770 984 6,
1819 923 2004 984 68-8,
2045 924 2126 971 23.
2187 921 2489 972 Duodecim'
2529 922 2824 987 Prophetas
2873 922 3014 969 Min.

518 1011 581 1059 L.
606 1012 671 1059 L.
709 1012 765 1059 in
800 1012 930 1077 ling.
954 1016 1166 1077 aegypt.
1193 1010 1351 1076 vulgo
1388 1010 1614 1075 Coptica
1640 1007 1693 1058 S.
1719 1009 1937 1075 Menph.
1975 1025 2040 1059 ex
2075 1025 2197 1059 mss.
2224 1010 2346 1059 Par.
2371 1010 2539 1059 descr.
2578 1023 2611 1058 a
2633 1009 2701 1059 Η.
2728 1010 2928 1059 Tatta
2941 1024 3018 1057 m.

522 1096 691 1145 Oxou.
723 1097 872 1146 1836.
910 1097 994 1146 Ei.
1030 1096 1225 1161 Proph.
1262 1097 1389 1145 Mai.
1430 1112 1550 1146 cum
1588 1111 1723 1145 vers.
1761 1095 1854 1145 lat.
1888 1080 1961 1146 i'b.
1993 1097 2142 1145 1862.
2180 1095 2514 1157 Bai-delli,
2551 1095 2793 1145 Danielis
2830 1095 3018 1144 versio

521 1183 674 1247 Copt.
710 1182 926 1247 Menph.
963 1183 1101 1232 Pisis
1141 1183 1292 1232 1849.
1340 1182 1479 1232 Acta
1512 1180 1890 1247 Apostolorum
1931 1188 1985 1231 et
2020 1183 2122 1248 Ep.
2161 1183 2368 1247 coptice
2407 1182 2488 1231 ed.
2527 1182 2586 1230 P.
2624 1181 2956 1231 Bottiche
2972 1196 3018 1229 r.

519 1269 643 1318 Hal.
685 1271 833 1319 1852.
884 1268 989 1319 Sed
1025 1268 1380 1334 negligentiae
1416 1284 1654 1319 summae
1692 1274 1975 1319 accusatur
2011 1284 2044 1318 a
2079 1268 2498 1330 Tischendorfio‚
2544 1268 2676 1335 prol.
2716 1268 2800 1317 ed.
2841 1269 2906 1318 N.
2946 1268 3018 1316 Τ.

521 1357 639 1409 VII.
676 1358 821 1422 Lips.
862 1359 1011 1407 1859.
1048 1373 1101 1421 p.
1144 1359 1260 1407 134.

1127 1661 1186 1739 ἓ.
1235 1660 1338 1725 86.
1395 1656 1515 1722 De
1560 1656 1986 1723 Versione
2032 1658 2408 1723 Persica.

731 1877 924 1927 Persas
963 1892 1175 1942 quoque
1212 1880 1380 1927 totam
1413 1875 1632 1926 Sacram
1661 1874 1987 1941 Scripturam
2023 1878 2080 1926 in
2114 1876 2352 1941 linguam
2387 1892 2539 1926 suam
2563 1905 2632 1915 —
2658 1892 2798 1943 quae
2834 1883 3022 1927 tamen

523 1980 632 2014 non
670 1970 750 2013 est
786 1966 1005 2029 antiqua
1040 1964 1268 2029 persica,
1306 1963 1400 2013 sed
1433 1964 1598 2012 mixta
1622 1964 1786 2012 variis
1812 1948 2079 2013 variorum
2109 1964 2429 2030 populorum
2451 1965 2755 2015 vernaculis
2781 1966 3018 2015 maxime

525 2053 743 2102 arabica
791 2055 845 2100 et
890 2052 1098 2101 turcica
1131 2078 1199 2087 -—-
1232 2064 1444 2100 versam
1492 2050 1746 2099 habuisse
1785 2066 1813 2099 e
1854 2052 2061 2115 scriptis
2098 2052 2348 2100 Veterum
2397 2052 2612 2102 abunde
2659 2052 2844 2117 liquet.
2907 2049 3022 2101 Sed

525 2141 629 2189 ista
665 2139 840 2188 versio
890 2139 1127 2203 antiqua,
1180 2138 1247 2187 ad
1283 2143 1465 2187 nostra
1508 2137 1652 2186 haud
1690 2138 1900 2187 transiit
1944 2143 2200 2203 tempora.
2262 2139 2414 2200 Quae
2461 2138 2678 2189 iamiam
2727 2144 3023 2205 supersunt

523 2227 781 2275 librorum
812 2224 1095 2275 Sacrorum
1134 2226 1420 2286 versiones,
1457 2226 1767 2275 recentioris
1805 2230 1930 2274 sunt
1966 2226 2102 2286 aevi,
2143 2230 2196 2275 et
2221 2241 2330 2274 non
2365 2227 2523 2275 unius
2561 2227 2799 2291 generis3
2837 2226 2934 2277 sed
2963 2232 3020 2276 et

526 2328 623 2377 pro
677 2315 885 2362 ratione
939 2313 1103 2362 fontis
1159 2312 1567 2377 distinguuntur.
1629 2312 1806 2361 Datur
1850 2314 2023 2361 versio
2073 2312 2422 2361 Pentateuchi
2472 2328 2634 2378 quam
2677 2314 2714 2363 J
2728 2314 2898 2363 acob
2915 2330 3022 2376 us,

526 2400 751 2465 Josephi
798 2398 965 2462 filius,
1017 2399 1449 2461 Tavusensis,
1500 2406 1662 2460 mmm
1718 2399 1785 2448 ab
1841 2399 1972 2448 urbe
2023 2400 2238 2449 Persiae
2287 2400 2422 2461 Tus,
2479 2399 2603 2449 olim
2653 2400 3022 2463 Chora-sanae,

528 2487 836 2536 academiae
871 2486 1201 2536 Judaeorum
1239 2485 1366 2535 sede
1405 2484 1566 2548 clara,
1619 2485 1792 2535 dictus
1838 2486 2032 2535 fecisse
2078 2485 2403 2551 perhibetur.
2467 2485 2572 2535 Sed
2610 2488 2729 2551 quis
2767 2488 2932 2537 fuerit
2969 2494 3025 2538 et

528 2574 741 2639 quando
779 2574 1008 2623 vixerit?
1054 2571 1217 2637 plane
1261 2574 1554 2637 ignoratur.
1607 2571 1854 2622 Aetatem
1889 2577 2067 2621 tamen
2107 2574 2279 2638 egisse
2327 2572 2499 2623 haud
2545 2579 2703 2623 ante
2752 2575 3026 2623 initium

530 2662 788 2712 saeculi
836 2663 992 2711 noni
1043 2678 1096 2726 p.
1135 2660 1212 2722 C.‚
1249 2659 1374 2709 inde
1412 2661 1678 2724 sequitur3
1731 2660 1875 2726 quod
1914 2659 2047 2710 Gen.
2089 2662 2169 2723 10,
2211 2663 2292 2710 10.
2339 2677 2434 2725 pro
2470 2660 2643 2711 Babel
2687 2663 3028 2712 substituerit

529 2747 781 2812 Bagdad3
834 2762 972 2813 quae
1017 2748 1142 2796 urbs
1190 2745 1399 2795 demum
1450 2761 1589 2795 anno
1631 2748 1747 2796 772.
1787 2761 1896 2796 aer.
1936 2746 2058 2796 Chr.
2097 2749 2165 2796 ab
2203 2747 2516 2796 Almansore
2554 2746 2766 2797 Chalifa
2801 2748 3027 2798 condita

531 2835 646 2884 fuit.
686 2834 768 2883 Cf.
792 2833 1108 2895 Abulfedae‚
1144 2831 1335 2882 Annal.
1362 2831 1604 2882 Muslem.
1644 2833 1726 2882 ed.
1752 2833 1804 2882 J.
1830 2833 1882 2882 J.
1908 2833 2108 2884 Reiske
2147 2838 2201 2883 et
2229 2833 2280 2883 J.
2311 2832 2374 2882 G.
2403 2833 2526 2883 Chr.
2554 2833 2731 2884 Adler.
2769 2835 3026 2884 Havniae

533 2924 684 2971 1790.
704 2921 773 2981 11,
797 2922 876 2970 14.
899 2923 982 2970 27.
1018 2920 1283 2969 Jacobum
1309 2919 1672 2969 Tavusensem
1697 2919 2018 2969 Judaeum
2042 2920 2252 2970 fuisse
2277 2925 2462 2985 patet
2484 2920 2636 2984 inde3
2665 2921 2794 2987 quia
2816 2937 2847 2971 e
2873 2926 3026 2971 textu

533 3008 831 3073 Originario
869 3006 1290 3056 Pentateuchum
1329 3006 1621 3070 transtulit3
1661 3011 1824 3072 atque
1863 3007 2006 3071 quod
2041 3023 2162 3056 eum
2189 3007 2226 3057 J
2229 3007 2388 3056 udaei
2422 3008 2478 3056 in
2502 3023 2660 3057 usum
2686 3008 3024 3058 Judaeorum

529 3097 587 3144 in
623 3095 807 3143 Persia
854 3093 1156 3158 degentium
1195 3092 1661 3158 Constantinopoli
1703 3094 1854 3142 1546.
1905 3093 1994 3142 sol.
2040 3095 2182 3158 typis
2229 3094 2494 3144 hebraicis
2543 3109 2654 3144 una
2699 3111 2822 3144 cum
2869 3100 3025 3144 textu

532 3180 781 3242 hebraeo,
821 3178 1094 3229 Onkeloso
1134 3186 1187 3229 et
1212 3177 1412 3228 Saadia
1446 3180 1714 3244 Haggaon
1753 3181 2146 3244 exscripserunt
2183 3180 2362 3230 addito
2399 3180 2462 3230 R.
2490 3180 2790 3232 Salomonis
2814 3182 2851 3232 J
2855 3183 3026 3232 archii

532 3268 913 3318 commentario
950 3267 1217 3318 hebraico.
1253 3268 1403 3316 Libri
1439 3267 1696 3315 rarissimi
1732 3269 1934 3316 textum
1971 3269 2110 3332 typis
2147 3269 2370 3333 persicis
2408 3267 2698 3333 additaque
2736 3269 2835 3318 Th.
2863 3270 3026 3334 Hyde

531 3357 750 3420 interpr.
788 3355 879 3404 lat.
917 3355 1063 3404 verb.
1101 3369 1240 3420 pers.
1278 3357 1526 3404 aocurate
1563 3353 1937 3418 respondente,
1976 3355 2190 3418 repetiit
2224 3354 2312 3403 Br.
2342 3353 2576 3416 Walton,
2615 3356 2671 3403 in
2707 3371 2831 3420 app.
2863 3362 2903 3406 t.
2928 3358 3024 3406 IV.

534 3442 741 3508 Polygl.
790 3439 961 3490 Lond.
1022 3441 1449 3491 Translationem
1498 3440 1637 3490 hanc
1685 3456 1795 3490 non
1832 3456 1897 3490 ex
1932 3445 2084 3490 textu
2133 3441 2371 3506 Syriaco,
2419 3442 2497 3490 uti
2532 3440 2769 3505 Walton,
2818 3443 3026 3509 proleg.

534 3529 679 3590 XVI,
717 3530 765 3577 2.
815 3545 867 3594 p.
905 3529 1024 3578 617.
1076 3535 1129 3579 et
1179 3527 1422 3590 Gravius,
1469 3529 1540 3577 ib.
1588 3542 1793 3577 excurs.
1843 3529 1962 3576 619.
2001 3543 2042 3576 s.
2091 3527 2402 3591 voluerunt3
2457 3527 2554 3577 sed
2602 3529 2909 3581 immediate
2961 3547 3028 3580 ex

535 3617 865 3665 Hebraico
914 3615 1229 3677 traductam,
1282 3629 1400 3664 esse
1450 3613 1730 3664 conficitur
1773 3613 1956 3664 indole
2005 3614 2258 3665 eiusdem.
2319 3615 2404 3664 Ita
2451 3616 2591 3664 enim
2640 3632 2826 3680 presse
2863 3634 3026 3667 voces

539 3702 776 3768 singulas
800 3703 1091 3768 Archetypi
1126 3701 1468 3752 Masorethici
1506 3705 1740 3752 sectatur
1776 3703 2053 3767 interpres,
2090 3707 2150 3750 ut
2175 3702 2241 3752 de
2265 3704 2522 3752 sermonis
2559 3704 2754 3768 persici
2789 3706 3024 3768 puritate

536 3789 669 3839 nihil
724 3795 947 3839 curaret.
1023 3789 1105 3839 Cf.
1154 3791 1219 3838 E.
1267 3789 1356 3838 Fr.
1406 3789 1466 3839 C.
1516 3788 1914 3852 Rosenmiiller,
1976 3790 2042 3838 de
2090 3790 2349 3840 Versione
2403 3790 2754 3839 Pentateuchi
2813 3792 3025 3856 persica

537 3878 925 3926 commentatiO.
963 3877 1111 3941 Lips.
1141 3877 1291 3926 1813.
1328 3893 1379 3941 p.
1408 3877 1455 3925 6.
1487 3892 1529 3926 s.
1575 3875 1822 3925 Veterem
1859 3875 2007 3926 illam
2044 3875 2303 3927 Onkelosi
2339 3877 2724 3942 interpretandi
2760 3880 3024 3927 rationem

536 3968 777 4025 secutus,
832 3969 1033 4012 textum
1080 3963 1389 4012 Hebraeum
1437 3963 1750 4028 plerumque
1801 3962 2027 4012 feliciter
2077 3964 2346 4027 exprimit3
2374 4001 2380 4008 .
2405 3977 2692 4029 veramque
2741 3963 3024 4013 lectionem

536 4051 745 4115 locique
782 4065 996 4099 sensum
1022 4065 1289 4100 consensu
1314 4065 1411 4099 suo
1438 4050 1670 4112 roborat,
1709 4050 1766 4098 in
1801 4049 2074 4100 nonnullis
2112 4055 2272 4114 atque
2297 4051 2361 4099 iis
2387 4051 2628 4100 obscuris
2667 4053 2847 4099 tamen
2871 4066 3024 4115 pere-

538 4139 692 4204 grina
717 4137 981 4186 adsciscit.
1021 4136 1102 4186 cf.
1127 4135 1514 4198 Rosenmflller,
1552 4135 1587 4185 l.
1614 4151 1661 4185 c.
1687 4152 1736 4201 p.
1765 4137 1848 4186 24.
1875 4151 1916 4186 s.
1945 4138 2027 4185 31.
2055 4153 2097 4186 s.
2145 4137 2469 4186 Varietatem
2507 4141 2739 4185 ceterum
2777 4136 3022 4186 lectionis

537 4225 640 4274 sibi
689 4225 894 4289 privam
938 4225 1113 4272 versio
1160 4222 1512 4272 Pentateuchi
1548 4223 1769 4272 Persica
1819 4222 2034 4273 exhibet
2078 4224 2189 4272 fere
2238 4222 2457 4273 nullam.
2517 4223 2602 4270 Ex
2639 4237 2705 4272 ea
2739 4222 3023 4274 discimus:

535 4315 784 4361 textum
835 4309 1133 4359 codicum
1178 4310 1666 4372 hebraicorum,
1716 4309 1952 4374 quibus
1987 4309 2230 4359 Judaei
2279 4315 2430 4359 ante
2473 4325 2704 4359 novem
2748 4315 2811 4359 et
2845 4310 3023 4359 ultro

537 4397 809 4447 saecula
845 4397 949 4445 usi
986 4401 1161 4460 sunt3
1201 4397 1373 4446 haud
1409 4397 1608 4446 alium
1645 4397 1882 4459 fuisse,
1935 4411 2121 4462 quam
2157 4411 2376 4447 eorum
2423 4396 2770 4459 librorum,
2810 4399 2924 4461 qui
2960 4399 3026 4445 in

538 4485 785 4532 nostris
816 4487 1172 4532 versantur
1204 4483 1516 4532 manibus.
1555 4471 1889 4533 Psalmorum
1915 4482 2240 4548 exemplaria
2263 4497 2422 4533 mssa.
2443 4484 2662 4532 Persica
2685 4484 3026 4548 reperiuntur

535 4570 593 4618 in
627 4569 964 4620 Bibliotheca
1000 4569 1307 4633 oxoniensi,
1346 4569 1440 4619 sed
1477 4569 1597 4620 coll.
1637 4569 1808 4620 Catal.
1847 4571 1993 4621 Libr.
2037 4571 2275 4620 Manuss.
2313 4569 2538 4636 Angliae
2575 4569 2618 4632 Ι,
2647 4572 2730 4620 49.
2763 4572 2880 4620 155.
2911 4572 3023 4620 178.
