3309 5300
1250 430 1314 473 Do
1341 430 1510 473 canone
1538 432 1582 473 S.
1602 431 1843 475 Librorum.
2754 422 2791 487 7

289 606 393 673 Ap.
431 624 484 657 n.
523 610 606 658 37.
643 625 697 673 p.
735 610 854 658 206.
881 638 946 645 -
975 609 1312 674 factumquex
1351 613 1411 657 ιιι
1447 624 1700 659 recensus
1744 609 1933 659 horum
1966 610 2253 661 Librorum
2289 607 2790 679 ,,κεκανονισμένων“,

291 695 424 760 quia
472 695 700 760 posthac
735 695 870 745 nulli
915 698 972 744 in
1008 696 1258 745 Ecclesia
1304 696 1518 760 publice
1567 695 2016 761 praelegerentur,
2070 693 2271 763 ,,βιβλία
2320 693 2380 746 τά
2434 691 2657 747 κανονικὰ
2706 700 2791 762 τῆς

288 784 460 845 καινῆς
496 778 580 830 καὶ
612 779 823 841 παλαιᾶς
860 781 1124 847 διαθήκης“
1173 783 1450 832 diceretur.
1507 781 1596 831 Sic
1633 798 1750 832 can.
1790 784 1871 832 59.
1923 783 2151 833 Concilii
2184 784 2493 834 Laodiceni.
2536 812 2599 821 —-
2640 784 2698 834 C.
2738 800 2789 835 a.

289 870 556 919 343—81.
595 868 715 919 coll.
753 868 962 931 Hefele,
1003 868 1469 933 Conciliengesch.·
1498 869 1676 919 Freib.
1718 870 1868 919 1855.
1906 870 1950 933 I,
1991 872 2105 920 724.
2146 885 2231 935 ap.
2269 872 2445 921 Mansi
2479 872 2549 932 II,
2576 872 2695 923 574.
2728 900 2790 911 «-

289 951 692 1023 ,,Κανονιζόμενα
734 952 902 1022 βιβλία
949 952 996 1005 ἐν
1042 956 1100 1025 τῇ
1148 951 1414 1021 ἐκκλησίιῑιιι
1465 972 1589 1005 vero
1637 956 1769 1005 dixit
1817 957 2095 1019 Leontius,
2148 957 2213 1006 de
2258 959 2419 1007 sectis
2465 962 2567 1007 act.
2616 958 2687 1020 II,
2739 961 2789 1009 4.

291 1041 436 1092 Gall.
475 1042 608 1104 XII,
647 1044 766 1093 629.
829 1043 913 1091 De
953 1042 1187 1092 Canonis
1232 1058 1366 1093 voce
1412 1043 1540 1093 eccl.
1588 1043 1795 1093 erudite
1843 1044 2088 1108 exposuit
2137 1043 2195 1093 C.
2232 1044 2285 1093 J.
2321 1044 2384 1094 B.
2421 1046 2593 1107 Pitra‚
2640 1046 2790 1095 Juris

289 1129 446 1179 Eccl.
487 1129 678 1179 Graec.
717 1130 856 1179 Hist.
896 1135 948 1179 et
983 1131 1128 1180 Mon.
1165 1130 1316 1180 Rom.
1357 1132 1507 1180 1864.
1545 1130 1587 1193 Ι,
1625 1130 1876 1180 XXVIII.
1914 1145 1956 1179 s.
2008 1161 2014 1165 -
2312 1122 2316 1126 ’

501 1217 572 1266 ΙΙ.
601 1216 888 1267 canonicis
913 1218 969 1265 in
995 1217 1187 1282 quibus
1211 1219 1548 1283 „incorrupta
1571 1216 1704 1268 fides
1731 1203 1981 1283 nudaque
2006 1218 2235 1281 veritas“
2260 1222 2357 1280 est,
2380 1219 2791 1284 opponebantur

289 1298 638 1371 ,,σἰπο’κρυφα“,
677 1303 796 1354 coll.
833 1302 885 1353 S.
911 1304 1134 1353 Irenaeo
1164 1304 1208 1367 Ι,
1235 1306 1319 1366 27,
1346 1307 1394 1354 2.
1429 1320 1482 1369 p.
1512 1305 1630 1353 256.
1680 1305 2037 1367 Tertulliano,
2078 1305 2143 1353 de
2181 1306 2373 1354 anima.
2412 1321 2455 1358 c.
2496 1307 2543 1355 2.
2582 1322 2631 1370 p.
2673 1308 2789 1357 171.

290 1390 532 1455 Origine,
559 1392 617 1439 in
642 1390 846 1457 prolog.
873 1391 944 1440 ad
976 1391 1128 1440 Cant.
1163 1391 1244 1440 ed.
1269 1391 1473 1441 Lomm.
1499 1391 1642 1453 XIV,
1670 1392 1789 1441 325.
1825 1391 1877 1441 8.
1896 1392 2207 1454 AthanasiO,
2236 1408 2318 1457 ep.
2343 1392 2460 1443 fest.
2490 1409 2575 1457 op.
2600 1393 2643 1454 I,
2670 1394 2788 1442 961.

291 1478 350 1528 S.
375 1477 576 1541 Cyrillo
603 1478 756 1526 Hier.
785 1477 990 1528 catech.
1016 1478 1109 1529 IV.
1136 1479 1218 1527 35.
1244 1496 1296 1543 p.
1319 1480 1402 1527 68.
1441 1477 1492 1527 8.
1513 1479 1857 1543 Hieronymo,
1886 1479 1956 1529 ad
1978 1479 2203 1528 Laetam
2230 1495 2311 1543 ep.
2341 1480 2456 1541 107,
2487 1482 2568 1529 11.
2592 1496 2643 1544 p.
2670 1482 2788 1529 688.

291 1564 348 1614 8.
384 1564 692 1627 Philastrio,
731 1565 797 1613 de
833 1564 978 1614 haer.
1017 1582 1067 1614 n.
1106 1566 1173 1614 87
1211 1565 1355 1630 apud
1394 1564 1532 1615 Gall.
1569 1565 1661 1627 IV,
1701 1568 1828 1630 5033
1884 1581 2021 1631 quae
2068 1570 2191 1615 sunt
2236 1567 2467 1632 spuria
2500 1566 2565 1615 in
2602 1581 2789 1615 usum

287 1651 667 1701 haeresium'
701 1652 1000 1701 conficta
1034 1653 1310 1717 scripta,
1351 1652 1648 1702 cuiusmodi
1674 1668 1793 1701 cum
1830 1653 1945 1702 sine
1981 1652 2219 1717 periculo
2248 1653 2461 1702 errandi
2495 1652 2604 1718 legi
2640 1652 2787 1703 haud

285 1743 532 1804 possent3
591 1754 627 1789 a
671 1738 904 1788 lectione
948 1740 1168 1805 publica
1217 1740 1428 1789 omnino
1479 1740 1915 1789 excludebantur.
1978 1740 2243 1800 Quoniam
2290 1740 2452 1805 igitur
2489 1741 2780 1791 certissime

287 1830 519 1887 constat,
544 1840 840 1891 numquam
861 1827 920 1876 in
941 1826 1193 1876 Ecclesia
1220 1826 1427 1888 „Cano
1440 1827 1657 1876 nicos“
1687 1830 1909 1877 vocatos
1947 1828 2113 1877 fuisse
2139 1826 2307 1877 alios
2333 1827 2591 1889 LibroS,
2620 1842 2783 1892 quam

287 1914 383 1977 qui
417 1914 607 1962 Divini
641 1912 992 1977 haberentur;
1044 1915 1401 1979 interrogatur
1445 1914 1621 1975 etiam,
1670 1914 1727 1961 in
1764 1928 1996 1979 quonam
2042 1929 2205 1965 sensu
2247 1914 2349 1963 hoc
2399 1915 2783 1975 „Divinorum“

288 2001 506 2049 nomine
544 2000 724 2049 vocati
748 2000 888 2049 sint?
931 2000 1074 2049 Num
1099 2016 1162 2050 eo
1192 2000 1335 2066 quod
1361 2001 1418 2049 in
1443 1999 1621 2065 aliquo
1650 1999 1871 2050 Canone
1902 2002 1938 2050 i.
1965 2017 2010 2049 e.
2037 2000 2213 2050 indice
2240 2002 2541 2066 consignati
2579 2007 2785 2065 essent3

287 2086 379 2136 vel
428 2102 492 2135 eo
535 2086 682 2152 quod
718 2085 1058 2149 haberentur,
1107 2091 1167 2136 ut
1201 2088 1494 2153 praecipua
1530 2086 1653 2135 fidei
1691 2086 1891 2152 regula,
1936 2091 1997 2136 ut
2040 2088 2409 2137 infallibile
2446 2088 2787 2139 revelatae

289 2174 639 2223 doctrinae
674 2174 901 2223 docum
914 2177 1166 2224 entum‘?
1211 2175 1374 2235 „Quis
1401 2179 1579 2224 autem
1605 2176 1813 2224 nesciat
1837 2179 2077 2224 sanctam
2104 2174 2429 2240 scripturam
2456 2176 2786 2238 canonicam,
2818 2206 2821 2209 -

284 2262 466 2325 inquit
504 2260 558 2310 S.
597 2261 944 2326 Augustinus,
985 2262 1050 2310 de
1085 2262 1350 2327 baptismo
1390 2266 1578 2311 contra
1611 2263 1927 2311 Donatistas
1963 2262 2033 2323 ΙΙ,
2072 2264 2121 2311 3.
2158 2262 2250 2323 ΙΧ,
2290 2263 2391 2323 98.,
2428 2266 2539 2311 tam
2574 2262 2785 2313 Veteris

287 2362 450 2415 quam
495 2348 637 2398 Novi
682 2348 1026 2410 Testamenti,
1077 2350 1234 2398 certis
1283 2350 1392 2399 suis
1438 2349 1677 2397 terminis
1726 2350 2002 2410 contineri,
2054 2363 2277 2414 eamque
2320 2349 2566 2399 omnibus
2602 2350 2781 2413 poste}

285 2436 520 2485 rioribus
560 2436 930 2500 episcoporum
960 2435 1128 2485 literis
1163 2437 1241 2483 ita
1275 2436 1530 2500 proponi,
1557 2440 1616 2484 ut
1653 2435 1719 2485 de
1755 2435 1851 2485 illa
1888 2436 2101 2485 omnino
2141 2436 2372 2485 dubitari
2410 2440 2463 2484 et
2500 2436 2786 2501 disceptari

285 2539 400 2572 non
435 2525 624 2588 possit,
662 2529 837 2573 utrum
882 2539 1069 2573 verum
1114 2523 1200 2572 vel
1244 2527 1448 2572 rectum
1493 2524 1575 2584 sit,
1633 2523 1885 2588 quidquid
1935 2524 1991 2571 in
2038 2537 2105 2572 ea
2140 2524 2396 2588 scriptum
2434 2539 2553 2573 esse
2590 2524 2784 2573 consti-

283 2612 462 2660 terit.“
503 2610 862 2662 concedimus
899 2616 1178 2677 utramque
1205 2610 1618 2676 explicationem
1641 2626 1807 2676 supra
1831 2612 2161 2676 propositam
2190 2610 2395 2662 admitti
2418 2626 2595 2676 posse,
2623 2616 2784 2678 atque
2866 2662 2871 2665 .

283 2699 519 2764 proferri
557 2699 626 2748 ab
665 2698 852 2748 harum
890 2715 1063 2748 rerum
1100 2699 1506 2762 tractatoribus3
1545 2726 1612 2734 -—
1647 2715 1700 2747 v.
1726 2699 1795 2747 H.
1821 2698 2045 2759 Planck,
2082 2697 2342 2748 nonnulla
2379 2698 2445 2747 de
2483 2697 2785 2763 significatu

285 2785 530 2835 Canonis
567 2787 624 2834 in
659 2785 911 2836 Ecclesia
947 2787 1168 2850 antiqua
1205 2786 1427 2849 eiusque
1465 2786 1600 2834 serie
1638 2787 1835 2834 rectius
1874 2785 2263 2846 constituenda,
2301 2786 2357 2833 in
2392 2785 2779 2848 Rosenmiiller,
2808 2841 2810 2844 Α

282 2889 478 2922 comm.
519 2873 591 2922 th.
628 2873 672 2922 Ι.
700 2875 746 2934 1,
775 2875 892 2923 213.
918 2888 960 2922 s.
985 2901 1044 2910 —
1085 2879 1142 2922 at
1177 2889 1284 2922 non
1321 2872 1605 2922 diffitemur
1640 2873 1789 2921 iuxta
1808 2871 1860 2922 S.
1884 2871 1935 2921 S.
1963 2873 2183 2921 Patrum
2214 2877 2267 2921 et
2296 2871 2349 2921 8.
2370 2873 2434 2921 Ε.
2473 2873 2781 2934 sententias,

281 2961 641 3025 posteriorem
679 2960 832 3010 nobis
869 2961 1038 3024 magis
1075 2960 1326 3009 arridere.
1363 2959 1513 3008 Libri
1547 2960 1604 3008 in
1643 2959 1915 3008 Canonem
1952 2960 2065 3008 sive
2102 2959 2365 3022 syllabam
2403 2957 2455 3007 S.
2483 2958 2781 3024 Scriptura-

280 3063 406 3096 rum
432 3047 590 3096 relati
627 3045 1000 3096 authentici
1039 3062 1267 3111 quoque,
1297 3045 1382 3095 vel
1407 3051 1466 3094 ut
1495 3045 1669 3094 medio
1696 3061 1829 3094 aevo
1854 3045 2213 3111 loquebantur
2252 3045 2781 3107 „Auctorabiles“

279 3136 320 3183 i.
365 3149 410 3183 e.
447 3133 552 3182 fide
591 3133 752 3198 digni,
793 3127 1110 3183 auctoritate
1145 3133 1382 3198 legitima
1416 3133 1604 3181 muniti
1629 3162 1694 3168 —
1720 3149 1771 3180 v.
1809 3133 1898 3182 Du
1926 3131 2125 3197 Gange,
2166 3132 2400 3182 Glossar.
2426 3132 2561 3182 med.
2601 3137 2653 3181 et
2689 3133 2783 3183 inf.

281 3222 410 3270 Lat.
469 3221 551 3270 ed.
608 3220 897 3270 Henschel.
934 3221 1056 3269 Par.
1097 3222 1246 3270 1840.
1284 3220 1326 3281 Ι,
1365 3221 1483 3269 478.
1546 3217 1688 3268 Sane
1736 3215 1958 3268 αὖθεντία
2012 3235 2087 3284 gr.
2126 3220 2267 3268 idem
2305 3224 2385 3269 est
2422 3235 2487 3268 ac
2522 3218 2556 3267 l.
2596 3225 2778 3269 aucto-

283 3310 440 3358 ritas.
468 3337 533 3344 —
561 3308 690 3357 dicti
725 3312 878 3371 sunt,
919 3307 1044 3372 quia
1077 3309 1193 3356 Deo
1230 3309 1524 3372 inspirante
1559 3309 1655 3370 per
1681 3305 2094 3371 Hagiographos
2133 3307 2433 3370 conscripti,
2472 3305 2783 3372 publicae

283 3397 359 3444 in
393 3394 710 3444 Ecclesia
745 3395 1175 3444 auctoritatis
1211 3395 1295 3443 ius
1331 3399 1652 3443 meruerunt.

499 3482 597 3530 III.
653 3482 919 3546 Expensis
964 3482 1217 3531 Veterum
1251 3481 1568 3530 testimoniis
1607 3509 1673 3517 —
1712 3497 1755 3530 e.
1795 3497 1843 3546 g.
1882 3480 2135 3543 Eusebio,
2172 3480 2242 3530 H.
2280 3481 2344 3529 E.
2382 3480 2481 3542 111,
2520 3483 2569 3530 3.
2607 3499 2659 3546 p.
2700 3483 2781 3531 72.

289 3598 361 3606 -
411 3569 582 3634 liquet
631 3567 1048 3632 adpellationes:
1095 3568 1444 3617 Librorum
1482 3568 1923 3632 publicorum3
1976 3567 2313 3632 publicarum
2363 3566 2781 3632 Scripturarum3

287 3653 726 3724 δεδημοσιευμένοι
761 3651 964 3721 βίβλιοι;
1003 3652 1433 3723 δεδημοσιευμέναι
1467 3651 1673 3722 γραφαί,
1710 3654 1813 3704 hoc
1851 3659 1931 3704 est
1965 3653 2306 3716 voluminum,
2346 3669 2484 3720 quae
2520 3657 2575 3704 in
2613 3655 2779 3704 eccle·

287 3745 522 3794 siasticis
561 3744 914 3793 conventibus
950 3742 1267 3806 legebantur
1302 3758 1410 3792 non
1449 3757 1568 3792 esse
1604 3757 1823 3806 prorsus
1858 3741 2137 3803 identicas‚
2165 3757 2285 3790 cum
2322 3741 2503 3791 alteris
2542 3741 2779 3806 adpella-

283 3832 526 3880 tionibus
570 3829 829 3879 librorum
877 3828 1283 3878 Canonicorum.
1348 3829 1634 3878 Enimvero
1685 3828 1755 3877 ad
1802 3828 1951 3877 illum
1999 3828 2254 3878 honorem
2302 3834 2361 3877 ut
2402 3828 2669 3893 publice
2716 3830 2779 3878 in

285 3916 607 3967 Ecclesia
661 3917 1136 3978 recitarentur,
1193 3915 1318 3965 olim
1372 3917 1531 3966 etiam
1587 3915 2003 3964 admittebantur
2050 3915 2197 3976 libri,
2252 3917 2343 3980 qui
2388 3915 2782 3964 catechumenis

284 4003 511 4054 utilitati
543 4009 598 4054 et
627 4002 986 4053 aedificationi
1022 4003 1354 4064 inservirent,
1395 4017 1667 4066 quorum
1703 4007 1915 4051 tamen
1953 4002 2136 4066 origo
2174 4017 2300 4051 non
2338 4007 2477 4051 erat
2511 4001 2781 4067 prophe-

287 4093 432 4141 tica
476 4095 589 4140 aut
625 4091 1024 4156 apostolica.
1073 4090 1307 4139 Eosdem
1332 4088 1496 4138 libros
1523 4103 1658 4155 quos
1684 4089 1931 4138 Ecclesia
1961 4089 2317 4138 vetustissima
2341 4093 2549 4153 praeter
2576 4088 2781 4148 „Cano-

287 4180 473 4228 nicos“
500 4177 633 4243 legit
659 4173 961 4245 ,,γνησίους“
989 4176 1119 4225 dixit
1146 4175 1422 4240 Origenes,
1459 4176 1516 4225 in
1540 4174 1895 4240 Evangelium
1925 4174 1977 4224 S.
2002 4176 2229 4225 Joannis
2256 4179 2293 4224 t.
2318 4175 2467 4237 XIII,
2493 4178 2575 4224 17.
2601 4175 2670 4236 ΙΙ,
2699 4175 2780 4224 29.

289 4265 388 4314 ubi
434 4264 687 4330 legimus:
745 4260 916 4324 ,,Πολὶ>
965 4259 1022 4311 δέ
1065 4259 1168 4322 ἐστι
1214 4262 1297 4310 νῦν
1342 4258 1685 4329 παρατίθεσθαι
1731 4262 1817 4311 τοῦ
1870 4259 2209 4329 Ἡρακλέωνος
2260 4255 2321 4310 τὰ
2369 4255 2505 4328 ῥητὰ,
2559 4253 2650 4310 ἀπὸ
2694 4261 2781 4310 τοῦ

291 4347 709 4419 ἐπιγεγραμμένου
743 4347 930 4417 Πέτρου
958 4348 1264 4417 κηρύγματος
1299 4344 1793 4416 παραλαμβανόμενα,
1819 4345 1900 4396 καὶ
1933 4343 2160 4398 ἵστασθαι
2182 4340 2301 4415 πρὸς
2327 4341 2447 4396 αὐτὰ
2481 4343 2781 4406 ἐξετάζοντας

291 4435 378 4488 καὶ
411 4435 520 4505 περὶ
553 4437 639 4486 τοῦ
678 4433 886 4503 βιβλίου,
922 4431 1121 4503 πότερόν
1168 4451 1282 4486 ποτε
1316 4430 1515 4503 γνήσιόν
1565 4431 1711 4495 ἐστιν,
1758 4435 1788 4498 ἢ
1837 4430 1993 4496 νόθον,
2039 4435 2069 4498 ἢ
2111 4430 2329 4503 μικτόν.“
2391 4433 2548 4484 Talia
2582 4436 2783 4499 scripta

292 4527 475 4576 fuere:
511 4525 860 4575 Barnabae
899 4529 951 4574 et
976 4524 1028 4574 8.
1057 4523 1419 4574 Clementis
1455 4523 1624 4572 Rom.
1651 4522 1926 4587 Epistola;
1965 4523 2156 4572 Pastor
2190 4522 2497 4585 Hermae,
2535 4523 2781 4586 passio-

293 4628 413 4668 nes
458 4618 826 4681 martyrum.
898 4611 1085 4679 Neque
1132 4616 1310 4664 tamen
1359 4611 1428 4660 ad
1477 4609 1729 4678 dogmata
1778 4608 2143 4662 confirmanda
2190 4607 2609 4675 adhibebantur,
2662 4623 2781 4661 cum
