3309 5300
546 426 671 490 142
1261 417 1494 480 comment.
1526 437 1579 480 de
1606 439 1651 481 S.
1676 438 1830 489 Script.
1861 448 1955 490 cap.
1985 449 2074 480 seo.
2104 439 2232 480 tract.
2261 435 2296 480 1.

540 613 767 679 Josephi
788 601 859 664 ¹et
893 613 1151 676 Philonis,
1190 613 1243 664 S.
1277 615 1495 663 Patrum
1532 617 1694 679 atque
1733 614 2058 679 Scriptorum
2095 614 2613 665 Ecclesiasticorum.
2660 617 2709 665 d.
2747 617 3048 666 Versiones

544 700 806 766 quaedam
844 701 1189 764 antiquiores,
1242 716 1306 749 ex
1352 703 1468 766 ipso
1508 701 1655 750 fonte
1700 701 1950 750 Hebraeo
1997 701 2291 763 confectae,
2338 717 2384 751 e.
2422 719 2471 768 g.
2509 703 2673 752 LXX.
2725 707 2778 752 et
2823 708 3050 752 ceterae

546 787 800 849 Graecae,
840 787 1193 852 paraphrases
1234 786 1573 850 chaldaicae,
1598 788 1864 850 PeschitO,
1891 787 2139 852 Vulgata,
2177 788 2427 838 Arabica.
2452 817 2519 825 —
2551 789 2610 839 C.
2648 790 2709 838 F.
2747 789 3050 849 Schmid,

542 875 693 924 Vers.
712 865 996 923 Alexandr.
1018 878 1126 938 opt.
1146 874 1363 940 interpr.
1383 875 1531 924 Libr.
1554 873 1605 924 S.
1626 875 1966 940 praesidium.
1987 875 2030 924 I.
2045 875 2114 924 II.
2134 877 2283 942 Lips.
2301 878 2450 926 1663.
2468 879 2516 926 4.
2542 876 2593 926 J.
2613 876 2700 925 Fr.
2726 877 2838 926 Fis
2853 877 2930 925 ch
2943 892 2976 925 e
2989 893 3018 924 r
3031 913 3048 936 ,

539 960 885 1010 Prolusiones
919 960 985 1010 de
1009 961 1359 1011 Versionibus
1398 960 1616 1011 Graecis
1653 962 1717 1010 L.
1742 961 1807 1010 L.
1833 962 1896 1011 V.
1923 961 1985 1010 T.
2023 961 2298 1011 literarum
2335 962 2709 1012 hebraicarum
2746 963 3048 1028 magistris.

540 1048 689 1112 Lips.
741 1049 891 1098 1772.
967 1047 1025 1097 C.
1063 1047 1152 1096 Fr.
1190 1049 1595 1111 Horneman,
1648 1049 1876 1114 Specim.
1927 1050 2142 1099 exercit.
2193 1065 2265 1098 cr.
2311 1051 2368 1098 in
2412 1051 2563 1099 Vers.
2601 1049 2766 1098 LXX.
2815 1051 3054 1114 interpr.

543 1135 685 1184 Gott.
716 1136 867 1185 1773.
906 1133 987 1184 cf.
1014 1136 1046 1184 i.
1075 1136 1137 1185 G.
1159 1135 1217 1185 C.
1245 1137 1504 1200 Knapp,
1544 1136 1609 1184 de
1634 1136 1896 1185 Versione
1920 1135 2284 1186 Alexandrina
2306 1138 2364 1185 in
2390 1136 2762 1186 emendatione
2801 1135 3058 1200 exempli

542 1221 781 1270 hebraici
826 1227 981 1271 caute
1034 1221 1353 1271 adhibenda.
1399 1221 1523 1271 Hal.
1561 1223 1603 1271 I.
1644 1224 1797 1272 1775.
1833 1222 1904 1272 II.
1945 1225 2096 1272 1776.
2157 1223 2219 1271 F.
2256 1223 2321 1271 V.
2357 1222 2738 1285 Reinhard,
2787 1223 2854 1272 de
2897 1237 3057 1271 vers,

540 1308 827 1358 Alexandr.
866 1313 1024 1358 auct.·
1044 1313 1097 1358 et
1144 1324 1245 1359 usu
1292 1310 1350 1358 in
1399 1311 1609 1359 constit.
1658 1310 1806 1359 Libr.
1843 1309 2010 1360 Hebr.
2047 1310 2167 1360 lect.
2207 1311 2459 1373 genuina.
2496 1310 2537 1358 I.
2574 1309 2645 1358 H.
2682 1311 2832 1358 Witt.
2878 1310 3049 1359 1777.

541 1396 591 1444 J.
621 1395 679 1444 C.
705 1397 1069 1458 Koenicke,
1110 1396 1176 1445 de
1214 1411 1359 1446 caus.
1383 1412 1516 1448 vera.
1543 1396 1693 1446 Alex.
1727 1397 1797 1446 ab
1835 1397 2126 1462 archetypo
2167 1397 2455 1446 dissensus,
2482 1397 2563 1446 ed.
2590 1411 2631 1445 S.
2668 1397 2850 1462 Magd.
2881 1397 3054 1446 1784.

541 1482 1012 1547 Houbigantii,
1062 1482 1196 1548 prol.
1236 1489 1331 1532 art.
1370 1483 1468 1532 ΙΙΙ.
1528 1483 1580 1532 J.
1617 1484 1679 1532 A.
1716 1482 1956 1546 Dathe‚
1995 1483 2128 1549 disp.
2167 1485 2222 1532 in
2257 1483 2485 1548 Aquilae
2522 1484 2778 1548 reliquias
2815 1485 3059 1547 interpr.

541 1569 775 1632 Roseae,
811 1571 869 1618 in
894 1584 1077 1635 opusc.
1103 1570 1253 1635 Lips.
1284 1571 1431 1619 1796.
1458 1587 1509 1635 p.
1537 1572 1585 1619 3.
1612 1586 1654 1620 s.
1693 1571 1932 1634 Bauer,
1971 1570 2172 1621 Critica
2197 1569 2248 1619 S.
2274 1587 2327 1636 p.
2353 1572 2473 1619 426.
2501 1587 2540 1619 s.
2567 1598 2634 1606 —
2662 1587 2708 1620 e.
2746 1569 3060 1619 Talmud.

543 1657 578 1706 f.
606 1656 881 1706 Masora.
930 1657 1124 1706 Textui
1160 1673 1302 1718 vere,
1335 1661 1493 1722 prout
1516 1658 1828 1707 recensione
1852 1657 2209 1708 masorethica
2241 1657 2560 1706 constitutus
2587 1662 2682 1720 est,
2709 1655 3062 1706 restituendo

544 1744 775 1794 faciunt:
825 1744 1113 1793 Versiones
1152 1743 1418 1808 quaedam
1454 1744 1748 1793 secundum
1783 1744 1924 1793 hanc
1961 1744 2266 1807 confectae3
2306 1745 2694 1793 citatione-s
2730 1745 2788 1792 in
2825 1743 3062 1808 scriptis

544 1831 933 1893 Rabbinorum,
985 1831 1266 1880 codices
1314 1846 1458 1893 mss„
1510 1831 1862 1881 editiones
1914 1832 2274 1897 principes
2311 1832 2375 1880 V.
2419 1832 2481 1881 Τ.
2529 1820 2672 1896 typis'
2720 1832 3063 1896 exscriptae,

544 1920 804 1984 scripta
840 1935 880 1968 s.
908 1919 967 1968 P.
1007 1924 1059 1968 et
1097 1918 1150 1968 S.
1176 1920 1240 1968 E.
1280 1917 1600 1983 Singillatim
1645 1918 1780 1969 haec
1817 1918 2056 1968 subsidia
2091 1918 2142 1968 h.
2168 1917 2202 1966 l.
2239 1917 2522 1980 illustrare,
2560 1917 2680 1967 ideo
2718 1931 3064 1982 supervaca-

549 2021 709 2054 neum
748 2005 1011 2068 ducimus;
1050 2005 1177 2070 qu'ia
1212 2005 1355 2054 hunc
1391 2005 1626 2055 laborem
1652 2005 1722 2054 ad
1749 2005 1974 2070 quodvis
2013 2005 2307 2055 subsidium
2343 2019 2444 2054 sua
2473 2005 2529 2052 in
2553 2006 2689 2054 serie
2725 2004 3063 2055 subivimus.

753 2092 910 2152 Quod
957 2109 1084 2142 vero
1136 2093 1207 2142 ad
1254 2094 1523 2158 scripta
1570 2093 1737 2142 Novi
1787 2093 2193 2142 Testamenti
2248 2093 2467 2154 attinet,
2522 2093 2809 2156 primum
2864 2092 3061 2141 locum

547 2180 817 2229 obtinent:
868 2179 1133 2229 codices
1182 2195 1304 2230 mss.
1344 2179 1537 2230 Graeci
1584 2196 1694 2229 non
1739 2178 2073 2244 interpolat13
2124 2194 2192 2228 ss.
2243 2178 2435 2228 deinde
2485 2180 2718 2228 Patres
2767 2184 2822 2228 et
2876 2178 3063 2228 Scri-

544 2272 769 2332 ptores
801 2268 895 2330 E.;
936 2266 1216 2316 alterum
1251 2271 1435 2316 tenent
1470 2268 1826 2316 Versiones
1864 2267 2119 2331 antiquae
2158 2282 2186 2315 e
2212 2281 2404 2331 graeco
2431 2266 2635 2330 factae3
2674 2268 2732 2315 in
2767 2266 3060 2316 tertiam

548 2354 781 2418 denique
807 2354 1035 2404 classem
1059 2356 1369 2404 reiiciuntur
1395 2357 1575 2403 cetera
1603 2353 1942 2403 adminicula.
1991 2354 2372 2403 Ed'itionum
2399 2369 2525 2403 vero
2553 2355 2866 2419 gravitas
2883 2391 2896 2415 ,
2931 2368 3058 2401 non

546 2441 614 2490 ab
655 2441 917 2490 editorum
954 2442 1123 2505 fama3
1161 2441 1258 2492 sed
1294 2457 1327 2490 a
1362 2441 1508 2490 fonte
1546 2443 1910 2504 aestimantur,
1949 2457 1978 2490 e
2010 2458 2116 2507 quo
2149 2443 2310 2492 editio
2347 2443 2602 2491 manavit.
2651 2439 2847 2501 Quodsi
2869 2445 3060 2490 autem

545 2527 617 2577 ad
663 2529 913 2578 notionem
956 2531 1225 2594 yenuinam
1276 2527 1616 2590 „editionis
1670 2527 1895 2578 critica
1907 2528 1966 2579 e“
2015 2529 2232 2578 alieuius
2279 2528 2400 2579 libri
2453 2527 2773 2592 attendatur,
2832 2529 3061 2576 omnino

533 2613 809 2679 fatendum
846 2615 972 2667 erit.-
1006 2616 1201 2666 nullam
1227 2614 1603 2680 propemodum
1639 2616 1701 2666 L.
1729 2616 1788 2667 L.
1829 2615 1885 2671 S.
1924 2616 1979 2669 S.
2031 2617 2088 2668 U.
2126 2617 2188 2669 F.
2226 2615 2510 2680 editionem,
2549 2631 2676 2681 quae
2710 2616 2800 2666 hoc
2836 2613 3062 2665 nomine

539 2703 805 2768 qlorv’atur,
841 2705 917 2753 ita
943 2705 1231 2768 perfectam
1257 2721 1376 2767 esse,
1415 2711 1469 2754 ut
1492 2704 1718 2754 ‘numeris
1741 2705 1967 2755 omnibus
2003 2706 2179 2755 absol
2189 2710 2296 2754 uta
2331 2704 2524 2755 censeri
2535 2704 2716 2769 possit.
2769 2704 3070 2753 Enimvero

546 2790 746 2841 editio
782 2793 1012 2842 critica
1045 2792 1142 2841 illa
1178 2791 1528 2841 existimatur.-
1561 2792 1618 2842 in
1654 2810 1806 2857 quam
1841 2810 1904 2842 ne
1937 2793 2147 2843 verbum
2183 2791 2387 2856 quidem
2421 2792 2664 2855 recipitur
2699 2792 2880 2849 ullum,
2927 2792 3069 2854 quin

535 2880 693 2941 prius
752 2879 990 2929 consultis
1049 2879 1274 2929 omnibus
1318 2877 1511 2942 priscis
1570 2880 1967 2944 ememplaribus,
2030 2879 2302 2943 habitaque
2360 2878 2679 2944 singularum
2735 2880 3069 2927 varietatum

546 2963 737 3033 ,,κρίσει
761 2961 1116 3037 ἀκριβεστάτῃ“
1128 2966 1270 3029 ;-ubi
1291 2966 1365 3016 ita
1388 2966 1647 3031 scriptom's
1669 2968 1938 3033 ingenium,
1965 2966 2251 3033 argumenti
2271 2966 2484 3026 indoles,
2509 2964 2712 3030 linquae
2739 2964 2877 3014 ratio
2918 2966 3070 3014 inter

543 3069 595 3103 se
632 3054 981 3116 conciliantur,
1017 3060 1071 3104 ut
1107 3055 1319 3119 qualis
1354 3054 1521 3104 liber
1547 3053 1765 3117 prima
1797 3071 1981 3103 ’nanu
2016 3056 2200 3115 exiit,
2239 3053 2394 3103 talis
2429 3051 2613 3103 hodie
2649 3053 2930 3118 legatur.

755 3142 961 3203 Quodsi
1009 3143 1297 3192 sobrietate
1348 3147 1401 3190 et
1442 3141 1730 3192 sedulitate
1777 3142 1964 3191 horum
2012 3142 2372 3192 subsidiorum
2419 3155 2546 3190 usus
2593 3139 2712 3202 fiat,
2761 3140 3068 3190 sinceritas

546 3228 747 3279 Textus
801 3229 1089 3295 Originarii
1135 3229 1188 3279 S.
1234 3228 1531 3279 Bibliorum
1578 3230 1635 3277 in
1684 3230 1795 3279 dies
1843 3230 2012 3294 magis
2061 3230 2338 3293 magisque
2387 3228 2662 3277 clarescet.
2723 3226 3070 3291 Negandum

545 3332 655 3366 non
705 3322 814 3366 est:
870 3316 1099 3365 menda
1152 3317 1436 3366 sinceris
1492 3315 1545 3365 S.
1594 3316 1968 3365 Literarum
2022 3316 2295 3380 scriptis
2351 3314 2644 3363 admixta
2694 3314 2896 3377 fuisse3
2965 3313 3072 3363 sed

548 3420 657 3453 non
705 3406 839 3453 tanti
886 3405 1138 3454 momenti
1186 3409 1335 3465 sunt,
1382 3409 1443 3453 ut
1487 3405 1543 3452 in
1591 3404 1674 3469 iis,
1719 3418 1856 3467 quae
1908 3403 1976 3451 ad
2026 3417 2283 3450 summam
2321 3400 2447 3450 fidei
2484 3405 2538 3450 et
2573 3417 2778 3450 morum
2823 3401 3068 3462 faciant,

552 3490 721 3540 Sacra
756 3490 1042 3540 Volumina
1077 3491 1281 3555 aliquid
1315 3493 1599 3555 patiantur.
1652 3491 1771 3540 Etsi
1808 3490 1945 3539 forte
1990 3490 2140 3538 locus
2178 3489 2388 3554 aliquis,
2427 3490 2520 3553 qui
2556 3490 2746 3538 summi
2789 3489 3069 3538 momenti

544 3593 668 3631 ,esse
704 3577 937 3639 videtur,
987 3580 1082 3627 uni
1130 3578 1285 3628 alteri
1323 3594 1419 3627 seu
1469 3580 1629 3628 etiam
1677 3578 1919 3643 pluribus
1965 3577 2238 3626 codicibus
2284 3577 2565 3640 exciderit3
2615 3592 2888 3641 nusquam
2929 3575 3071 3624 inde

551 3665 882 3729 periclitatur
918 3665 1158 3715 revelata
1193 3667 1417 3728 veritas,
1463 3667 1589 3730 quia
1626 3664 1781 3715 adest
1821 3663 2100 3714 infallibile
2137 3663 2417 3713 Ecclesiae
2453 3664 2851 3728 Magisterium,
2906 3662 3073 3727 quod

549 3750 698 3801 illam
724 3768 788 3800 ex
814 3756 893 3801 tot
916 3753 1185 3815 periculiS,
1226 3743 1613 3802 haereticorum
1650 3752 1946 3814 fraudibus,
1984 3753 2268 3816 impiorum
2293 3752 2496 3801 artibus
2535 3756 2772 3815 ereptam
2810 3751 3074 3799 servavit

552 3845 605 3888 et
629 3839 861 3889 tradidit.
912 3840 986 3891 Ut
1008 3840 1144 3889 adeo
1182 3839 1455 3904 praeclare
1492 3839 1898 3905 luculenterque
1935 3840 1992 3887 in
2017 3838 2118 3888 hoc
2151 3838 2366 3903 negotio
2405 3836 2842 3902 conspiciendam
2881 3840 3074 3885 semet

550 3928 835 3991 praebeat:
888 3927 1174 3992 Spiritus
1214 3926 1441 3978 Sancti
1488 3928 1671 3976 circa
1706 3928 1987 3976 Verbum
2023 3926 2144 3974 Dei
2182 3926 2496 3990 scriptum
2542 3938 2696 3973 cura
2733 3923 3070 3971 mirifica.
