3309 5300
1089 378 1226 428 Super
1254 355 1421 418 ratione
1448 377 1611 416 Textus
1638 375 1692 416 N.
1722 376 1769 416 F.
1799 374 1964 416 critica.
2646 363 2770 426 105

275 552 469 617 aliqua
494 553 721 602 subinde
746 554 1069 602 mutation
1086 569 1115 601 e
1140 554 1303 601 citata
1327 553 1446 600 sint.
1487 550 1567 600 Of.
1595 551 1903 612 Griesbach,
1930 551 2170 601 Historia
2188 534 2388 600 Te'xtus
2414 551 2592 614 graeci
2617 551 2770 615 epist.

273 639 493 688 Paulin.
531 639 628 700 ΙΙΙ,
666 641 715 688 6.
753 654 794 689 e.
832 657 885 704 p.
912 641 1029 688 114.
1068 656 1111 688 s.
1174 638 1381 688 Graeco
1420 645 1710 702 numquam
1746 653 1902 687 usum
1940 653 2058 688 esse
2097 637 2390 687 affirmant:
2430 635 2646 699 semler,
2687 637 2768 687 ed.

273 726 567 774 Wetstenii
602 725 735 790 prol.
760 727 819 774 in
843 727 907 775 N.
933 726 993 774 Τ.
1021 725 1143 775 Hal.
1174 726 1323 774 1764.
1349 741 1400 790 p.
1428 725 1546 774 586.
1572 741 1614 774 s.
1653 728 1708 773 et
1730 724 1980 789 Lumper,
2006 725 2146 774 Hist.
2172 724 2245 774 th.
2273 740 2344 774 cr.
2373 722 2425 774 8.
2454 722 2506 774 8.
2532 725 2767 774 Patrum.

270 811 417 877 Aug.
455 812 613 862 vind.
657 813 808 861 1794.
846 813 937 874 VI,
977 813 1093 861 678.
1133 829 1174 862 s.
1213 811 1440 876 aliique;
1493 812 1585 876 qui
1620 815 1812 876 putant
1847 811 2234 860 Tertullianum
2281 815 2519 860 secutum
2563 827 2772 877 semper

270 899 535 948 Latinam
580 903 815 948 veterem
862 898 1287 948 translationem.
1354 899 1541 963 Neque
1591 899 1734 946 enim
1779 913 2014 962 unquam
2070 898 2253 947 dicunt
2299 898 2549 947 Latinam
2596 899 2768 961 istam,

274 1001 445 1049 quam
484 985 727 1034 adhibuit
750 985 1061 1035 Vei-sionem
1100 989 1375 1050 comparat
1412 1000 1533 1033 cum
1556 999 1748 1049 graeco
1776 984 2008 1049 quodam
2041 983 2268 1048 Codice,
2308 985 2408 1034 etsi
2430 985 2519 1034 vel
2543 987 2770 1034 maxime

273 1071 542 1120 lectiones
579 1057 849 1122 variantes
888 1071 1075 1121 adesse
1111 1073 1168 1120 in
1206 1071 1480 1121 codicibus
1516 1073 1680 1120 variis
1717 1071 1963 1121 fateatur.
2034 1071 2098 1120 In
2136 1073 2346 1136 scriptis
2389 1071 2770 1122 Clementis

270 1157 743 1218 Alexandrini,
784 1157 1066 1207 Stromatei
1092 1158 1359 1223 adpellati‚
1390 1174 1485 1222 pro
1514 1158 1758 1207 omnibus
1783 1158 1960 1208 Libris
1987 1159 2051 1207 N.
2077 1159 2138 1207 T.
2167 1159 2470 1208 testimonia
2497 1160 2768 1224 reperiun-

270 1250 383 1294 tur.
426 1245 604 1294 Multa
628 1243 680 1294 S.
708 1244 761 1294 S.
798 1245 921 1294 loca
958 1245 1178 1293 adduxit
1205 1247 1297 1307 ita,
1336 1244 1404 1294 ad
1428 1243 1585 1293 fidem
1618 1245 1950 1310 exemplaris,
1991 1245 2134 1309 quod
2169 1249 2298 1294 tunc
2334 1247 2439 1310 ipsi
2463 1245 2532 1294 ad
2555 1260 2770 1295 manum

272 1331 399 1394 fuit,
434 1336 499 1380 ut
534 1336 818 1396 appareat:
855 1329 991 1380 illud
1026 1331 1164 1380 idem
1200 1332 1382 1394 fuisse,
1422 1331 1565 1396 quod
1601 1331 1818 1381 saeculo
1857 1331 2024 1381 altero
2063 1336 2115 1381 et
2151 1332 2305 1380 tertio
2342 1337 2466 1396 post
2503 1331 2768 1382 Christum

268 1417 641 1468 Alexandriae
676 1418 991 1467 habebatur.
1054 1418 1285 1478 Questus
1324 1423 1503 1468 autem
1541 1422 1623 1468 est
1658 1419 1724 1468 de
1762 1419 2101 1484 corruptione
2137 1419 2337 1468 Textus
2374 1419 2439 1468 N.
2477 1420 2538 1468 T.
2579 1419 2768 1470 Strom.

270 1505 372 1565 IV,
394 1507 449 1553 .6.
480 1521 531 1568 Ρ.
560 1506 677 1554 582.
726 1505 1045 1554 Lectionum
1071 1507 1358 1556 varietates
1384 1507 1523 1556 inter
1558 1509 1796 1554 nostram
1823 1511 1876 1554 et
1900 1504 2188 1554 Clementis
2215 1505 2497 1555 editionem
2526 1507 2771 1570 exposuit

274 1590 603 1652 Griesbach,
653 1591 875 1654 symbol.
915 1608 987 1640 cr.
1035 1591 1103 1640 ad
1144 1591 1319 1656 suppl.
1368 1597 1421 1640 et
1466 1607 1600 1640 corr.
1637 1593 1904 1641 variarum
1950 1592 2014 1641 N.
2052 1592 2113 1640 T.
2151 1591 2440 1641 lectionum
2486 1591 2607 1641 coll.
2644 1592 2768 1642 Hal.

274 1679 436 1726 1793.
475 1679 543 1741 11,
580 1680 699 1727 227.
734 1694 776 1727 s.

270 1931 332 2007 ξ.
368 1931 479 1994 42.
529 1925 733 2005 Quid
780 1926 1195 2011 OrigeneS,
1227 1917 2002 2010 Pierius,'Lucianus
2050 1937 2282 2013 atque
2328 1928 2768 2014 Hesychius
2823 1956 2830 1962 ·

485 2040 565 2101 in
613 2039 1080 2122 castiganda
1126 2038 1191 2103 S.
1242 2039 1656 2126 Scriptura
1701 2040 1780 2104 N.
1829 2039 1904 2104 Τ.
1953 2041 2566 2126 praestiterint?>

493 2212 625 2261 Cum
662 2212 1025 2277 multiplicatis
1062 2213 1324 2264 Ecclesiis
1361 2214 1838 2279 multiplicarentur
1875 2216 2035 2264 etiam
2072 2215 2296 2265 Codices
2336 2216 2406 2278 8.,
2447 2219 2536 2280 qui
2573 2216 2769 2266 descri-

274 2300 551 2348 bebantur
586 2314 620 2348 a
654 2299 885 2350 librariis
916 2329 971 2336 —
1002 2301 1059 2348 in
1097 2301 1291 2365 quibus
1328 2302 1487 2365 pauci
1526 2306 1677 2350 erant
1711 2303 1811 2350 viri
1849 2302 1989 2351 docti
2032 2302 2100 2350 ad
2138 2301 2352 2351 scholae
2389 2303 2559 2368 legem
2598 2318 2768 2368 gram-

269 2387 478 2448 matici,
518 2387 610 2450 qui
640 2386 953 2451 apographa
987 2389 1312 2452 corrigerent
1335 2415 1420 2449 —,
1447 2403 1553 2436 non
1592 2392 1672 2436 est
1695 2389 1910 2438 mirum:
1949 2389 1995 2437 si
2020 2388 2343 2452 exemplaria
2367 2387 2512 2438 fac-ta
2537 2394 2662 2438 sunt
2697 2391 2765 2440 ab

270 2472 679 2537 orthographia,
718 2477 812 2521 aut
840 2473 958 2522 aliis
984 2474 1154 2523 modis
1178 2475 1387 2523 vitiosa.
1436 2474 1511 2523 Ut
1541 2480 1718 2524 castos
1746 2480 1904 2540 atque
1942 2470 2118 2524 bonos
2150 2475 2377 2538 codices,
2418 2475 2769 2541 Origenem

268 2561 519 2608 tenuisse
539 2587 606 2594 —
624 2559 694 2608 ad
720 2560 872 2608 cuius
898 2561 1133 2608 criticam
1157 2561 1214 2608 in
1236 2565 1418 2609 nostra
1442 2562 1760 2610 tractatione
1787 2561 1993 2626 delapsi
2024 2578 2221 2612 sumus.
2247 2591 2306 2598 -—
2332 2563 2767 2626 demonstremu8‚

270 2645 481 2696 sufficit
514 2662 761 2696 monere:
802 2663 921 2697 eum
944 2652 1053 2696 tam
1091 2649 1541 2713 opportunitatem
1566 2647 1702 2699 tales
1727 2648 2074 2699 nanciscendi
2110 2649 2378 2713 habuisse,
2419 2666 2577 2715 quam
2602 2650 2769 2700 facul-

268 2738 394 2782 tate
431 2738 483 2782 et
519 2734 747 2783 scientia
780 2736 1095 2783 instructum
1142 2734 1325 2797 fuisse,
1376 2736 1608 2785 melioris
1646 2740 1806 2786 notae
1849 2737 2062 2786 codices
2100 2752 2133 2786 a
2168 2738 2342 2785 minus
2379 2737 2533 2787 bonis
2575 2739 2768 2788 discer-

268 2820 459 2868 nendi.
522 2818 603 2868 cf.
643 2820 965 2882 Griesbach‚
1014 2820 1079 2869 de
1126 2822 1241 2870 cod.
1281 2826 1424 2886 quat.
1461 2824 1670 2887 Evang.
1710 2823 1958 2888 Origenis
1997 2824 2121 2873 diss,
2159 2840 2230 2873 cr.
2270 2840 2453 2889 opusc.
2490 2825 2532 2887 Ι,
2573 2828 2689 2874 232.
2729 2842 2769 2875 s.

272 2906 515 2956 Omnino
564 2910 718 2955 tanta
766 2907 865 2955 fuit
914 2907 1157 2957 codicum
1207 2907 1455 2973 Origenis
1506 2911 1824 2971 aestimatiO,
1872 2915 1932 2959 ut
1979 2911 2355 2975 sagacissimus
2405 2912 2665 2977 interpres
2717 2912 2768 2962 S.
2861 2964 2866 2969 ,

270 2994 583 3041 Literarum
620 2993 669 3042 d.
708 2994 1081 3057 HieronymuS,
1121 3010 1307 3044 comm.
1345 2996 1399 3044 in
1435 2996 1623 3045 Matth.
1661 2998 1744 3058 24,
1783 2999 1866 3046 36.
1904 3014 1955 3061 p.
1991 3000 2105 3046 199.
2143 2998 2199 3045 in
2237 2998 2411 3048 dubiis
2449 2998 2769 3049 lectionibus

270 3080 511 3128 maxime
559 3079 629 3127 ad
672 3079 978 3129 Adamantii
1025 3085 1077 3129 et
1120 3081 1285 3129 Pierii
1332 3082 1657 3147 exemplaria
1700 3088 2031 3148 provocaret.
2091 3084 2205 3133 Imo
2253 3099 2438 3133 comm.
2487 3086 2544 3133 in
2581 3102 2663 3150 ep.
2702 3086 2771 3135 ad

276 3164 404 3213 Gal.
444 3167 492 3226 3,
534 3167 579 3215 1.
628 3164 857 3215 affirmet
891 3183 942 3231 p.
982 3168 1130 3215 418.:
1181 3167 1313 3227 „hoc
1361 3169 1488 3232 quia
1529 3162 1585 3217 i'n
1630 3169 2022 3234 exemplaribus
2058 3169 2362 3219 Adamantii
2402 3187 2510 3220 non
2545 3171 2772 3221 habetur

272 3252 604 3300 omisimus.“
647 3252 727 3301 cf.
763 3252 815 3301 J.
852 3252 904 3301 J.
942 3253 1243 3314 Wetstenfi,
1282 3254 1570 3318 prolegom.
1608 3256 1673 3303 N.
1710 3256 1772 3305 Τ.
1811 3256 1892 3305 ed.
1933 3256 2094 3305 Amst.
2123 3257 2273 3305 1751.
2308 3258 2351 3318 Ι,
2379 3259 2462 3306 67.
2518 3257 2653 3307 Orta
2690 3263 2772 3307 est

274 3339 667 3400 controversia,
714 3342 939 3387 utrum
990 3338 1330 3403 Origenes
1369 3355 1547 3389 curam
1585 3342 1641 3389 in
1679 3358 1736 3391 se
1774 3342 2083 3407 susceperit,
2121 3348 2180 3391 ut
2215 3343 2490 3393 codicibus
2527 3344 2769 3409 pluribus

274 3429 337 3472 et
372 3424 587 3489 quidem
624 3426 1003 3475 vetustioribus
1041 3427 1178 3475 inter
1214 3442 1272 3476 se
1310 3427 1533 3490 collatis,
1574 3427 1836 3478 delectum
1873 3428 2076 3478 faceret
2109 3429 2396 3478 lectionum
2435 3432 2767 3495 optimarum,

275 3527 381 3575 per
418 3525 555 3575 quas
593 3512 818 3561 Textum
854 3513 920 3561 N.
958 3513 1019 3561 T.
1060 3514 1405 3578 primigeniae
1441 3516 1733 3578 integritati
1769 3517 2097 3579 restitueret3
2135 3517 2167 3565 i.
2203 3532 2246 3565 e.
2287 3530 2356 3564 an
2393 3533 2435 3566 s.
2463 3516 2511 3565 d.
2551 3534 2766 3567 recen-

276 3599 549 3647 sionem
596 3597 650 3647 8.
690 3598 741 3647 8.
779 3599 843 3647 N.
880 3599 941 3647 T.
982 3600 1475 3650 adornaverit?
1530 3601 1632 3651 Est
1680 3606 1858 3651 autem
1903 3602 2066 3667 digna
2119 3617 2230 3664 res,
2283 3618 2420 3668 quae
2468 3606 2768 3654 accuratius

276 3689 641 3749 cognoscatur
676 3686 745 3734 ab
783 3685 1045 3747 omnibus,
1086 3687 1177 3751 qui
1214 3687 1280 3735 de
1319 3686 1516 3736 Critica
1550 3688 1616 3736 N.
1642 3687 1703 3735 T.
1740 3687 1978 3737 iudicare
2017 3690 2252 3754 cupiunt.
2307 3689 2358 3739 J.
2384 3689 2446 3737 A.
2471 3690 2767 3753 Ernesti,

276 3771 347 3820 de
385 3770 623 3836 Origene
659 3773 1109 3836 interpretationis
1149 3773 1427 3823 Librorum
1477 3773 1529 3823 S.
1570 3773 1620 3824 8.
1661 3776 2037 3838 grammaticae
2085 3780 2301 3825 auctore
2339 3778 2386 3837 ξ.
2425 3776 2593 3825 XVII.
2634 3793 2674 3826 s.
2711 3780 2768 3826 in

276 3865 464 3922 opusc.
491 3856 621 3922 phil.
655 3862 709 3907 et
732 3859 845 3907 crit.
876 3859 1047 3923 Lugd.
1073 3859 1192 3908 Bat.
1221 3861 1371 3909 1764.
1408 3876 1459 3925 p.
1487 3862 1604 3909 306.
1630 3875 1674 3909 S.
1723 3861 1890 3925 Hug,
1917 3862 2059 3910 Einl.
2085 3862 2128 3923 I,
2159 3864 2273 3911 199.
2301 3879 2342 3912 s.
2371 3866 2424 3911 et
2448 3861 2766 3926 Guerike‚

276 3945 344 3993 de
382 3944 573 3993 schola
608 3959 747 4009 quae
783 3945 1141 3995 Alexandriae
1177 3946 1354 3995 floruit
1402 3947 1744 3997 catechetica.
1781 3947 1906 3997 Hal.
1948 3950 2098 3997 1825.
2135 3949 2204 4011 ΙΙ,
2245 3952 2326 3999 23.
2378 3950 2580 4014 opinati
2616 3955 2767 4000 sunt:

274 4032 567 4081 Textum
603 4031 667 4079 L.
703 4031 767 4081 L.
806 4030 860 4080 8.
899 4030 951 4081 8.
989 4032 1057 4081 U.
1094 4032 1156 4081 F.
1204 4033 1281 4081 ab
1336 4033 1617 4097 Origene
1667 4036 2086 4099 castigatum,
2136 4036 2355 4100 eiusque
2403 4038 2767 4101 castigationis

276 4117 497 4167 codices
551 4117 1013 4182 „exemplaria
1060 4118 1419 4183 Origenis“
1473 4120 1616 4170 dicta
1665 4120 1858 4184 fuisse3
1908 4122 2217 4186 praesertim
2255 4138 2376 4170 cum
2412 4122 2766 4173 Lucianus

276 4209 441 4268 atque
479 4204 884 4268 Hesychius,
923 4220 1055 4269 quos
1092 4206 1390 4255 versionem
1414 4206 1513 4255 τῶν
1539 4202 1564 4255 ό
1590 4208 1921 4256 recensuisse
1947 4208 2265 4273 accepimus,
2305 4208 2460 4257 simili
2492 4208 2768 4273 diligentia

284 4290 579 4339 editionem
604 4291 669 4339 N.
689 4290 751 4339 T.
778 4291 1093 4355 evulgarint.
1137 4289 1260 4341 Sed
1287 4293 1447 4342 haec
1476 4295 1815 4343 sententia
1845 4295 2125 4343 acumini
2153 4295 2556 4344 eruditorum
2582 4295 2766 4345 debe-

273 4381 419 4439 tur,
477 4376 841 4441 nullisque
897 4379 1111 4427 certis
1167 4382 1596 4444 argumentis
1650 4380 2058 4431 confirmari
2113 4383 2390 4446 poterit.
2463 4381 2587 4431 Jam
2642 4382 2768 4432 olim

275 4462 528 4525 Simon,
566 4464 706 4513 Hist.
734 4480 805 4512 cr.
844 4463 915 4512 du
951 4464 1119 4514 Texte
1157 4465 1229 4514 du
1265 4467 1329 4515 N.
1355 4467 1416 4516 T.
1456 4467 1537 4515 ed.
1563 4467 1750 4516 Rotter
1789 4469 1938 4517 1679.
1977 4484 2022 4517 c.
2049 4470 2132 4517 29.
2169 4486 2220 4533 Ρ.
2247 4469 2364 4523 338.
2393 4485 2434 4519 s.
2482 4468 2764 4532 Millius,

272 4550 415 4617 prol.
453 4566 506 4599 n.
544 4552 664 4600 673.
710 4566 761 4615 p.
800 4552 883 4599 64.
945 4552 1279 4618 Zacagni,
1328 4552 1361 4601 l.
1400 4568 1445 4602 c.
1492 4553 1660 4619 praef.
1707 4570 1758 4619 Ρ.
1797 4554 1880 4603 65.
1929 4556 2029 4605 sub
2079 4555 2486 4619 exemplaribus·
2521 4554 2765 4623 Origenis
