3309 5300
1290 426 1436 467 nimia
1464 427 1507 468 s,
1528 427 1729 469 cothioa.
2619 418 2744 483 237

261 607 517 680 linguam
552 605 705 664 nulli
738 608 1077 665 dubitamus
1100 605 1144 678 ¹3
1192 628 1526 686 quanquam
1554 609 1888 686 aliquarum
1921 610 2016 667 vel
2047 611 2204 669 Novi
2233 611 2504 669 Foederis
2523 606 2549 646 2
2579 609 2746 668 nulla

262 712 442 767 adhuc
470 716 799 787 appareant
826 714 1076 787 vestigia
1094 710 1135 771 3.
1192 716 1625 771 Ammanuense
1670 718 1865 771 autem
1907 714 2345 792 studiorumque
2384 714 2650 771 adiutore
2680 714 2746 771 in

262 814 675 873 transferendis
697 816 909 875 Bibliis
933 838 1071 875 usus
1101 821 1189 874 est
1218 817 1484 889 Selina‚
1520 837 1695 895 quem
1723 818 1913 875 etiam.
1932 820 1998 875 in
2027 818 2338 895 episcopali
2362 819 2494 875 sede
2521 836 2744 875 succes-

261 939 439 977 sorem
468 924 678 977 nactus
708 925 797 978 est
814 918 858 979 4.

458 1024 545 1081 Ut
589 1026 661 1082 de
701 1025 947 1083 indole
993 1026 1331 1100 gothicae
1376 1025 1754 1084 Versionis
1799 1026 2024 1103 aliquid
2053 1027 2394 1104 loquamur:
2437 1026 2744 1102 Ulphilam

262 1129 805 1203 interpretationem
846 1148 1012 1186 suam
1057 1150 1089 1186 e
1128 1129 1321 1187 Textu
1353 1129 1621 1187 Graeco
1652 1130 1997 1202 instituisse,
2039 1136 2352 1209 utcumque
2383 1136 2607 1189 certum
2639 1135 2744 1188 est.

262 1232 347 1287 Ex
376 1231 689 1290 collatione
718 1233 1181 1307 fragmentorum
1208 1234 1279 1291 V.
1305 1235 1373 1291 F.
1400 1253 1531 1291 cum
1563 1234 1760 1293 LXX.
1786 1235 2168 1293 translatione
2199 1237 2411 1311 patuit,
2445 1236 2741 1311 gothicam

261 1337 805 1411 interpretationem
834 1340 1101 1395 accedere
1132 1340 1205 1395 ad
1237 1338 1403 1396 illam
1432 1340 1541 1393 τῶν
1582 1336 1611 1393 ὁ
1652 1340 2072 1411 recensionem,
2122 1360 2300 1418 quam
2347 1341 2746 1398 adhibuerunt

262 1440 709 1515 Complutenses.
759 1441 926 1504 Quod
956 1462 1097 1501 vero
1128 1443 1200 1500 ad
1225 1444 1302 1501 N.
1329 1443 1395 1500 T.
1430 1442 1662 1513 attinet,
1695 1448 1862 1501 tanta
1891 1445 1957 1500 in
1986 1446 2270 1502 vertendo
2300 1446 2579 1519 religione
2609 1464 2745 1501 usus

261 1549 341 1602 est
366 1544 660 1620 Ulphilas,
710 1566 858 1623 quae
888 1567 1191 1623 nunquam
1223 1567 1356 1604 eum
1386 1548 1605 1605 sineret
1635 1550 1708 1605 ab
1740 1549 2082 1624 Archetypo
2113 1550 2405 1619 recedere3
2454 1549 2744 1605 Graecum

263 1649 558 1725 exemplar
582 1650 827 1708 totidem
852 1670 1020 1727 saepe
1042 1652 1239 1709 verbis
1263 1652 1536 1723 reddidit,
1571 1654 1882 1710 obscurum
1913 1654 2154 1709 obscure
2183 1654 2606 1727 interpretatus
2637 1657 2741 1723 est,

262 1754 441 1828 ipsam
464 1774 675 1812 vocum
699 1756 1164 1814 consecutionem
1187 1756 1503 1829 diligenter
1526 1756 1789 1815 servavit
1803 1766 1844 1813 ’.
1878 1756 2047 1813 Unde
2072 1756 2326 1813 Textum
2351 1758 2441 1814 sui
2467 1758 2744 1832 temporis

260 1857 423 1915 valde
453 1858 710 1917 fideliter
740 1860 983 1918 exhibet
1013 1861 1302 1935 interpres
1333 1861 1620 1934 gothicus..
1668 1860 1829 1918 Illud
1867 1866 2065 1918 autem
2097 1861 2271 1936 plane
2309 1861 2606 1935 singulare
2637 1864 2741 1931 est,

260 1963 403 2039 quod
424 1963 501 2019 N,
522 1963 589 2020 T.
609 1965 864 2041 adusque
884 1965 1168 2040 publicati
1187 1964 1356 2022 Libri
1381 1965 1510 2023 vix
1540 1965 1783 2041 aliqua
1815 1964 2213 2023 Arianismi
2247 1966 2745 2041 praeseferant

260 2068 328 2124 vi
346 2064 511 2124 tiassz
559 2088 694 2125 cum
725 2073 921 2126 tamen
953 2074 1176 2127 constet
1205 2068 1510 2144 Ulphilam
1540 2070 1760 2140 virum,
1795 2089 1968 2146 quem
1999 2074 2088 2127 tot
2109 2074 2264 2127 recte
2293 2070 2582 2127 factorum
2612 2070 2740 2127 laus

469 2362 506 2427 ¹)
545 2362 699 2413 Unus
737 2362 1149 2429 Philostorgius‚
1198 2365 1266 2413 H.
1304 2365 1369 2413 E.
1406 2364 1477 2427 ΙΙ,
1514 2366 1562 2413 5.
1600 2381 1652 2429 p.
1691 2366 1810 2413 471.
1851 2364 1979 2414 dicit
2021 2365 2328 2425 „universos
2367 2362 2512 2421 S.‚S.
2550 2364 2743 2414 Libros

260 2450 425 2513 patrio
472 2450 707 2514 ipsorum
755 2466 999 2500 sermone
1044 2451 1425 2516 interpretatus
1472 2455 1577 2513 est,
1628 2452 1868 2515 exceptis
1914 2451 2065 2500 libris
2111 2452 2443 2515 Regnorum3
2493 2467 2556 2500 eo
2603 2452 2745 2515 quod

262 2535 338 2583 illi
374 2552 454 2585 res
490 2536 637 2585 bello
674 2542 853 2601 gestas
904 2539 1241 2587 contineant:
1292 2554 1423 2602 gens
1472 2542 1651 2586 autem
1701 2537 1795 2586 illa
1843 2537 1998 2587 bellis
2047 2538 2275 2587 maxime
2325 2536 2642 2599 delectetur,
2693 2543 2745 2587 et

264 2624 409 2672 freno
447 2624 624 2688 potius
656 2638 789 2688 opus
814 2623 1010 2674 habeat
1036 2625 1105 2674 ad
1130 2624 1349 2674 bellicos
1376 2626 1601 2690 impetus
1628 2624 2069 2690 comprimendos,
2109 2638 2269 2689 quam
2304 2624 2517 2687 calc-ari,
2545 2640 2650 2690 quo
2677 2624 2746 2674 ad

262 2710 459 2774 proelia
488 2712 818 2760 incitentur.“
866 2711 971 2762 Sed
998 2729 1123 2762 vero
1152 2714 1259 2760 ista
1294 2712 1502 2774 relati0,
1542 2729 1651 2762 non
1688 2712 1897 2761 videtur
1923 2713 2052 2762 satis
2077 2712 2274 2761 idonea
2311 2713 2515 2761 ratione
2552 2712 2744 2761 fulciri.

264 2795 370 2845 Cur
392 2799 527 2846 enim
552 2813 709 2846 secus
735 2799 796 2848 L.
823 2799 888 2847 L.
924 2799 1109 2861 Josue‚
1146 2798 1413 2861 Judicum,
1446 2800 1892 2864 Paralipomenon
1922 2804 1974 2849 et
1997 2798 2450 2849 Machabaeorum
2485 2799 2742 2862 interpre-

260 2888 400 2932 tatus
423 2884 609 2933 fuisset
632 2884 915 2950 Ulphilas‘?
963 2885 1003 2950 2)
1032 2887 1095 2934 E.
1123 2903 1171 2951 g.
1203 2886 1452 2949 Actuum,
1481 2888 1583 2952 Ep.
1608 2886 1758 2936 Cath.
1786 2891 1839 2936 et
1862 2886 2084 2952 Apocal.
2135 2886 2176 2950 3)
2202 2886 2474 2935 Versionis
2500 2885 2745 2950 gothicae

263 2971 513 3035 epistolae
570 2971 639 3020 ad
693 2971 961 3020 Romanos
1019 2973 1335 3037 particulam
1393 2972 1779 3038 Guelpherbyti
1835 2974 2032 3038 reperit
2086 2977 2140 3021 et
2193 2972 2358 3021 edidit
2403 2971 2492 3020 Fr.
2539 2971 2743 3021 Knittel

262 3073 301 3105 s.
340 3073 383 3106 c.
420 3058 623 3108 Rursus
662 3059 717 3106 in
754 3059 1110 3108 Ambrosiana
1156 3059 1545 3109 Mediolanensi
1596 3059 1935 3109 Bibliotheca
1971 3061 2026 3108 in
2064 3059 2335 3108 codicibus
2385 3058 2743 3123 palimpsestis

262 3144 551 3209 fragmenta
574 3145 801 3194 aliarum
836 3162 917 3210 ep.
948 3146 1147 3195 detexit
1181 3145 1245 3195 A.
1271 3146 1464 3208 Maius,
1504 3146 1670 3195 edidit
1706 3145 1764 3194 O.
1793 3146 1854 3194 Ο.
1883 3145 2314 3206 Castillionaeus‚
2352 3145 2402 3193 h.
2429 3150 2464 3194 t.
2496 3144 2744 3209 Ulphilae

264 3236 389 3294 part.
426 3231 567 3280 ined.
604 3247 746 3297 spec.
784 3231 927 3281 Med.
968 3235 1115 3282 1819.
1180 3231 1431 3281 Continet
1475 3232 1538 3282 fr.
1581 3233 1800 3282 Nehem.
1839 3233 1939 3282 Ev.
1979 3249 2019 3281 s.
2058 3231 2245 3280 Matth.
2285 3247 2368 3297 ep.
2407 3231 2476 3280 ad
2511 3231 2742 3296 Philipp.

263 3319 358 3366 Tit.
396 3317 616 3368 Philem.
657 3315 1066 3368 Successerunt:
1106 3318 1357 3384 Ulphilae
1394 3319 1538 3385 goth.
1576 3335 1712 3368 vers.
1753 3335 1834 3384 ep.
1863 3319 1911 3368 d.
1937 3319 2096 3368 Pauli
2133 3319 2202 3368 ad
2239 3317 2358 3368 Cor.
2386 3319 2456 3368 II.
2492 3319 2562 3368 ib.
2595 3319 2742 3367 1829.

262 3405 357 3469 Ep.
396 3404 465 3454 ad
489 3405 640 3454 Rom.
670 3405 789 3456 Cor.
814 3407 857 3455 Ι.
882 3407 1020 3471 Eph.
1048 3424 1097 3471 q.
1124 3422 1165 3455 s.
1192 3406 1263 3456 ib.
1293 3407 1443 3456 1835.
1478 3406 1547 3456 ad
1574 3405 1691 3456 Gal.
1719 3407 1948 3471 Philipp.
1975 3406 2182 3456 Coloss.
2209 3405 2396 3455 Thess.
2421 3405 2463 3454 I.
2489 3405 2562 3454 ib.
2591 3406 2742 3453 1835.

264 3491 325 3538 ad
361 3491 547 3540 Thess.
585 3493 656 3541 II.
694 3493 924 3542 Timoth.
972 3495 1074 3542 Tit.
1111 3494 1443 3556 Philem.,ib.
1484 3495 1634 3544 1839.
1698 3493 1980 3543 Habentur
2029 3494 2187 3542 etiam
2223 3493 2286 3541 V.
2325 3493 2386 3541 Τ.
2425 3493 2737 3556 fragmenta,

263 3592 393 3641 quae
431 3580 609 3628 omnia
644 3581 699 3628 in
725 3595 889 3628 unum
922 3580 1146 3630 collecta
1178 3580 1437 3629 dederunt
1474 3581 1738 3630 duumviri
1763 3580 1830 3629 Η.
1860 3579 1919 3629 C.
1957 3579 2023 3628 de
2051 3578 2344 3629 Gabelentz
2383 3583 2435 3628 et
2459 3579 2510 3628 J.
2537 3577 2740 3637 Loebe,

262 3665 375 3714 Vet.
413 3670 466 3714 et
502 3666 566 3715 N.
604 3667 665 3716 Τ.
705 3667 855 3716 Vers.
892 3666 1037 3731 goth.
1075 3683 1125 3731 q.
1164 3683 1367 3732 supers.
1404 3666 1554 3731 Lips.
1596 3668 1746 3716 1843.
1785 3671 1947 3731 atque
1985 3666 2053 3715 H.
2092 3667 2153 3714 F.
2191 3667 2514 3727 Massmaun,
2553 3661 2742 3713 Ulfilas

263 3750 307 3799 d.
344 3751 394 3800 h.
434 3749 554 3800 Sch.
592 3751 654 3800 A.
692 3769 743 3802 u.
784 3754 847 3802 N.
885 3754 947 3802 B.
987 3752 1177 3818 Stuttg.
1220 3754 1388 3815 1858„
1428 3755 1588 3802 etiam
1624 3754 1724 3803 sub
1763 3754 1854 3802 tit:
1891 3753 1977 3802 die
2015 3753 2157 3818 goth.
2206 3749 2742 3817 Sprachdenkmiiler.

262 3837 341 3886 De
372 3838 717 3888 Massmauno
755 3840 993 3904 queritur
1019 3840 1325 3904 Uppstr6m‚
1364 3840 1545 3889 decem
1584 3845 1682 3889 etc.
1709 3840 1878 3904 praef.
1904 3856 1955 3904 p.
1982 3840 2157 3888 VIII.:
2201 3840 2306 3900 „ita
2341 3838 2470 3902 legit
2505 3842 2739 3886 nostrum

263 3941 409 3989 opus,
446 3930 507 3974 ut
544 3926 665 3990 plus
704 3927 1059 3992 quadraginta
1095 3926 1226 3977 locis
1264 3927 1525 3977 rationem
1552 3926 1764 3976 Codicis
1791 3927 2030 3991 argentei
2066 3925 2354 3975 lectionum
2390 3923 2529 3973 male
2566 3923 2739 3972 reddi-

263 4013 417 4076 derit3
466 4013 542 4062 ita
588 4027 743 4062 suum
780 4019 841 4062 ut
886 4029 1081 4078 magna
1116 4014 1364 4064 vitiorum
1400 4013 1910 4079 typographicorum
1955 4013 2114 4078 copia
2156 4012 2296 4060 idem
2344 4011 2739 4060 maculaverit.“

264 4099 300 4162 ⁴)
334 4100 395 4148 L.
435 4098 742 4162 Sozomeni,
787 4101 855 4149 H.
893 4101 959 4150 Ε.
1000 4102 1115 4150 VII.
1166 4103 1245 4151 17.
1294 4118 1345 4165 p.
1387 4102 1573 4150 730...
1624 4099 1882 4162 „idoneus
1929 4100 1998 4148 ad
2043 4099 2340 4149 docendum
2386 4098 2641 4180 populpm
2687 4097 2744 4145 in

264 4185 503 4236 Ecclesia
526 4203 636 4236 non
661 4187 829 4237 solum
858 4189 1031 4253 patria
1054 4189 1289 4252 ipsorum
1322 4188 1518 4253 lingva,
1545 4204 1730 4236 verum
1757 4189 1916 4236 etiam
1949 4189 2192 4252 graeca.“
2253 4187 2292 4252 ⁵)
2335 4185 2392 4234 C.
2417 4185 2742 4246 Massmann,

266 4272 447 4322 Ulfilas
482 4273 626 4322 Einl.
664 4291 715 4339 p.
740 4275 1006 4324 LXXXV.
1044 4275 1245 4336 Loebe,
1283 4274 1581 4340 Prolegom.
1616 4275 1662 4336 I,
1699 4276 1784 4322 25.
1821 4291 1864 4324 s.
1937 4273 1978 4338 ⁶)
2018 4274 2105 4322 Vf.
2137 4271 2496 4333 Castillonaei,
2536 4285 2742 4320 excurs.

265 4359 327 4408 ad
359 4360 590 4427 Philipp.
630 4363 679 4422 2,
721 4364 800 4411 16.
840 4379 890 4426 p.
930 4364 1012 4410 36.
1051 4379 1091 4412 s.
1132 4368 1186 4411 et
1218 4361 1421 4423 Bessel,
1462 4360 1495 4410 l.
1534 4377 1579 4410 c.
1616 4378 1668 4426 p.
1710 4363 1791 4410 71.
1851 4360 2017 4410 Plura
2053 4360 2119 4409 de
2155 4359 2455 4408 Arianismo
2491 4356 2743 4422 Ulphilae

263 4445 517 4497 habentur
552 4449 612 4497 in
648 4449 1083 4499 annotationibus
1120 4449 1327 4512 antiqui
1354 4447 1553 4498 codicis
1582 4448 1830 4508 Parisini,
1871 4448 1962 4512 qui
1999 4450 2122 4495 acta
2146 4444 2360 4494 concilii
2384 4444 2742 4508 Aquileiensis

265 4548 308 4583 a.
352 4537 469 4597 381.
528 4535 757 4585 exhibet.
828 4536 893 4585 In
945 4535 1273 4600 marginibus
1322 4535 1477 4585 huius
1526 4535 1650 4586 libri
1699 4535 1842 4584 mssi.
1897 4533 2314 4581 Maximinus
2352 4559 2418 4566 ——
2456 4532 2740 4596 episcopus

268 4623 468 4690 quidam
506 4622 764 4688 illyricus,
804 4629 864 4673 ut
899 4623 1128 4672 coniecit
1164 4621 1227 4671 G.
1258 4622 1453 4684 Waitz‚
1492 4626 1542 4671 ii.
1583 4621 1631 4671 d.
1662 4621 1850 4671 Leben
1888 4637 1939 4669 u.
1979 4619 2027 4668 d.
2052 4621 2114 4668 L.
2155 4619 2202 4668 d.
2231 4618 2396 4669 Ulfila
2421 4635 2470 4684 p.
2499 4620 2580 4667 24.
2609 4635 2650 4667 s.
2686 4646 2742 4654 —-
