3309 5300
512 388 638 455 174
1217 401 1453 443 comment.
1484 398 1537 443 de
1566 404 1608 443 S.
1632 399 1792 451 script.
1821 412 1916 453 cap.
1946 410 2034 443 sec.
2064 402 2193 443 tract.
2222 398 2279 443 11.

510 582 630 639 situ
654 579 691 653 ¹,
756 581 923 639 nulla
979 580 1101 639 iam
1148 582 1291 639 oriri
1338 585 1526 657 potest
1576 581 1991 640 controversia.
2061 582 2424 641 constabant
2477 582 2838 641 editionibus
2895 600 3006 658 per

510 685 805 742 columnas
835 684 1161 759 dispositis:
1196 684 1465 761 Aquilae,
1492 684 1849 762 Symmachi,
1875 685 2094 757 LXX„
2122 686 2534 744 Theodotionis
2555 682 2598 745 2.
2631 687 2762 745 Hoc
2791 686 3004 744 Tetra-

512 788 745 863 plorum
790 808 961 863 opere
991 808 1201 861 magno
1246 808 1380 847 cum
1425 789 1713 863 applausu
1757 794 2016 864 excepto,
2069 794 2129 847 et
2175 810 2210 847 a
2255 790 2314 847 S.
2347 790 2683 848 Literarum
2727 790 3008 849 studiosis

512 892 682 951 avide
728 892 1013 966 expetit03
1062 891 1445 967 ,Hexapla‘
1492 894 1774 951 adornare
1816 913 2116 967 aggressus
2161 898 2248 951 est
2268 891 2310 951 3.
2373 894 2665 969 Hexaplis
2698 896 2810 952 hae
2839 895 3012 969 ipsae

511 995 1021 1071 interpretationes
1052 1000 1303 1073 quatuor
1332 996 1744 1071 Tetraplorum
1785 998 1984 1055 eodem
2015 998 2218 1055 ordine
2247 998 2558 1056 collocatae
2589 1003 2776 1069 erant,
2834 1016 3011 1073 prae-

512 1100 685 1157 misso
715 1100 909 1157 Textu
938 1099 1273 1173 Originario
1304 1100 1667 1159 hebraicis
1687 1145 1700 1171 ‚
1751 1106 1810 1157 et
1839 1102 2036 1158 eodem
2073 1102 2351 1175 graecis
2391 1104 2830 1161 characteribus
2865 1122 3010 1159 exa-

512 1208 659 1261 rato.
690 1203 803 1259 Sed
834 1204 974 1280 quia
1004 1204 1068 1260 in
1098 1202 1447 1280 quibusdam
1478 1204 1537 1261 S.
1564 1204 1623 1261 S.
1656 1203 1856 1261 Libris
1879 1209 1937 1262 et
1960 1204 2218 1263 maxime
2240 1204 2354 1277 his,
2381 1208 2504 1284 ,qui
2527 1208 2683 1281 apud
2705 1206 3014 1263 Hebraeos

512 1325 687 1365 versu
710 1306 1011 1382 compositi
1034 1310 1192 1365 sunt‘
1208 1304 1251 1379 4,
1281 1312 1396 1365 tres
1421 1307 1565 1365 alias
1588 1308 1871 1365 editiones
1890 1308 2136 1384 reperit:
2165 1329 2363 1387 ,quam
2379 1308 2666 1372 Quintam
2681 1315 2742 1368 et
2759 1310 3011 1367 Sextam

514 1415 573 1467 et
602 1410 923 1485 Septimam
952 1411 1399 1468 translationem
1428 1416 1667 1481 vocant3
1728 1414 2140 1470 auctoritatem
2171 1412 2298 1470 sine
2329 1414 2670 1471 nominibus
2699 1414 3012 1489 Interpre-

514 1518 643 1571 tum
672 1518 1021 1571 consecutas‘
1044 1512 1091 1585 ⁵3
1140 1534 1233 1571 eas
1272 1515 1477 1572 ceteris
1526 1517 1823 1587 adiunxit,
1871 1521 2046 1593 atque
2093 1518 2204 1575 hac
2250 1519 2478 1575 ratione
2523 1522 2648 1575 octo
2697 1518 3010 1575 columnae

514 1618 721 1691 iisdem
750 1618 816 1675 in
846 1618 1043 1675 Libris
1074 1638 1105 1675 e
1134 1620 1369 1693 regione
1400 1620 1619 1693 positae
1664 1620 2018 1695 ,Octapla‘,
2061 1616 2316 1677 ὀκταπλᾶ
2345 1621 2797 1697 adpellabantur
2817 1620 2862 1679 ⁶.

514 1878 775 1942 reperitur
813 1876 955 1941 apud
990 1876 1355 1939 Montfaucon,
1392 1876 1674 1942 Palaeogr.
1707 1894 1782 1943 gr.
1809 1896 1860 1943 p.
1895 1880 2013 1928 226.
2052 1883 2105 1927 et
2139 1878 2403 1941 Praelim.‚
2441 1896 2492 1944 p.
2529 1880 2609 1927 14.
2652 1881 2732 1929 15.
2773 1883 3016 1928 sumtum

519 1977 548 2013 e
586 1964 771 2013 codiee
808 1976 929 2012 mss.
967 1962 1219 2026 Eusebii3
1270 1964 1419 2013 cuius
1470 1966 1788 2013 auctoritate
1835 1968 2044 2014 constat
2077 1964 2254 2015 Isaiae
2293 1970 2346 2014 et
2380 1964 2680 2015 Ezechielis
2729 1965 2898 2015 libros
2939 1966 3008 2014 ab

518 2050 750 2100 editione
794 2048 1088 2115 Hexaplari
1138 2051 1447 2115 exscriptos,
1496 2050 1567 2100 ad
1614 2050 1773 2101 fidem
1811 2050 2183 2117 Tetraplorum
2231 2050 2456 2102 collatos
2505 2056 2665 2117 atque
2719 2054 3018 2117 castigatos

518 2138 699 2187 fuisse.

568 2208 571 2212 ⁵
731 2224 767 2287 ¹)
795 2224 924 2272 Post
948 2239 989 2271 s.
1009 2222 1315 2287 Epiphanii,
1342 2223 1377 2273 l.
1400 2240 1462 2286 c.,
1491 2223 1540 2272 d.
1562 2224 1878 2289 Hieronymi
1900 2224 2100 2275 Corum.
2120 2226 2176 2274 in
2197 2242 2279 2291 ep.
2299 2225 2369 2275 ad
2387 2226 2489 2275 Tit.
2511 2228 2559 2287 3,
2581 2228 2630 2275 8.
2651 2244 2702 2291 p.
2725 2228 2862 2287 734„
2885 2227 3019 2275 item

524 2310 827 2375 speciminis
865 2309 1063 2359 codicis
1101 2309 1398 2372 Barberini‚
1439 2310 1583 2375 apud
1618 2311 1806 2359 Montf.
1843 2311 2080 2375 praelim.
2116 2328 2168 2377 p.
2199 2314 2279 2361 16.
2317 2314 2636 2361 testimonia.
2701 2312 2742 2371 ²)
2785 2312 3017 2377 Septua-

518 2399 667 2462 ginta
702 2398 936 2446 virorum
962 2396 1449 2461 interpretationem
1476 2383 1630 2446 tertio
1669 2396 1788 2446 loco
1815 2399 2021 2463 posuit3
2059 2402 2119 2447 ut
2143 2398 2211 2447 ad
2239 2414 2357 2447 eam
2384 2414 2544 2463 quam
2569 2401 2802 2447 omnium
2832 2400 3017 2447 existi-

524 2484 706 2532 mabat
743 2499 859 2533 esse
896 2483 1367 2545 accuratissimam,
1406 2483 1646 2547 reliquae
1685 2500 1780 2548 per
1817 2484 2090 2533 columnas
2123 2484 2412 2550 dispositae
2449 2486 2790 2549 respicerent.
2839 2486 2916 2533 Et
2942 2486 3022 2533 ita

521 2574 581 2619 ut
616 2574 789 2619 textus
828 2570 1059 2619 textibus
1096 2571 1329 2634 oppositi
1364 2571 1468 2619 sibi
1503 2553 1735 2619 invicem
1770 2571 2168 2636 responderent,
2207 2570 2419 2621 facilius
2457 2573 2596 2636 exigi
2634 2576 2688 2621 et
2721 2572 3021 2621 examinari

524 2662 760 2723 possent.
835 2657 875 2720 ³)
914 2657 1227 2706 Verosimile
1264 2663 1441 2707 autem
1478 2664 1561 2708 est
1596 2657 1884 2724 Origenem
1917 2659 2104 2723 positis
2139 2661 2302 2709 totius
2339 2663 2636 2709 structurae
2671 2660 3021 2722 rudimentis3

524 2760 644 2794 cum
670 2743 968 2792 Caesareae
997 2748 1179 2808 ageret
1204 2759 1251 2793 a.
1273 2746 1390 2794 231.
1410 2761 1461 2809 p.
1484 2745 1560 2807 C„
1588 2746 1652 2794 iis
1681 2745 1900 2794 edendis
1926 2747 2064 2795 serio
2091 2761 2307 2795 manum
2331 2747 2649 2796 admovisse.
2700 2746 2787 2796 Sic
2815 2751 3020 2796 statue-

520 2835 648 2879 runt
676 2830 940 2878 duumviri
977 2830 1259 2880 clarissimi
1293 2831 1361 2880 D.
1391 2831 1635 2894 Huetius,
1677 2831 2120 2897 origenianorum
2156 2833 2198 2883 I.
2227 2836 2274 2892 3,
2303 2836 2351 2884 3.
2391 2835 2471 2882 ed.
2496 2835 2700 2884 Lomm.
2727 2834 2900 2896 XXII,
2931 2835 3017 2886 69.

522 2921 575 2966 et
598 2917 960 2981 Montfaucon‚
999 2916 1032 2966 1.
1061 2932 1105 2966 c.
1131 2934 1183 2982 p.
1214 2919 1293 2967 13.
1350 2919 1391 2983 4)
1422 2918 1473 2968 S.
1498 2919 1876 2984 Hieronymus,
1904 2919 1938 2969 l.
1965 2935 2007 2970 s.
2035 2935 2080 2969 c.
2106 2936 2158 2985 p.
2189 2922 2304 2970 735.
2361 2921 2402 2985 5)
2443 2919 2496 2969 S.
2522 2921 2850 2986 Hieronymo
2875 2925 3019 2970 teste

519 3002 555 3052 l.
605 3019 645 3053 s.
697 3018 743 3052 c.
816 3001 857 3069 ὅ)
896 3003 1016 3052 Hoc
1064 3004 1247 3068 itaque
1296 3019 1455 3068 opere
1504 3006 1676 3069 prima
1715 3007 2056 3071 conspicitur
2101 3021 2135 3056 a
2184 3007 2470 3056 christiano
2526 3007 2801 3072 publicata
2851 3007 3018 3057 editio

520 3090 721 3138 Textus
758 3089 1009 3138 Hebraei.
1060 3090 1105 3153 E
1132 3089 1441 3154 fragmentis
1478 3096 1655 3140 autem
1688 3108 1827 3156 quae
1865 3097 2074 3142 exstant
2109 3098 2348 3158 apparet,
2388 3095 2492 3143 iam
2531 3098 2657 3143 tunc
2693 3093 3018 3158 plerumque

522 3178 711 3226 ceteris
747 3175 1065 3226 lectionibus
1103 3177 1399 3241 praelatam
1435 3178 1599 3226 fuisse
1637 3194 1782 3242 eam3
1823 3195 1984 3245 quam
2017 3185 2070 3230 et
2094 3185 2284 3244 postea
2319 3181 2558 3230 recensio
2585 3176 3020 3230 Masoretharum

523 3278 621 3312 ceu
668 3261 938 3312 meliorem
988 3262 1163 3328 elegit.
1226 3263 1383 3324 Quod
1428 3265 1569 3313 enim
1615 3265 1842 3314 Textum
1893 3265 1945 3316 S.
1983 3266 2279 3316 Bibliorum
2325 3267 2637 3318 hebraicum
2685 3284 2750 3317 ex
2800 3269 3020 3332 optimis

522 3366 745 3416 quorum
780 3349 1007 3399 facultas
1046 3356 1161 3399 erat
1196 3350 1586 3415 exemplaribus
1623 3354 1870 3403 sumserit
1893 3382 1959 3390 -
1987 3369 2170 3404 eorum
2214 3359 2391 3404 autem
2431 3357 2588 3420 copia
2621 3356 2736 3405 viro
2775 3355 3019 3404 celeber-

524 3438 654 3486 rimo
691 3438 746 3484 in
783 3437 1092 3486 Palaestina
1127 3439 1471 3487 commoranti
1507 3454 1615 3488 non
1653 3439 1852 3488 deerat.
1879 3469 1945 3476 —
1974 3446 2199 3492 testatur
2235 3443 2291 3491 in
2328 3440 2556 3506 epistola
2591 3442 2666 3491 ad
2703 3442 3021 3492 Africanum

522 3524 822 3589 professus:
876 3524 1007 3584 „resq
1046 3521 1323 3591 Ἑβραϊκοῖς
1362 3519 1702 3593 ἀντιγράφοις“
1761 3543 1812 3576 11.
1850 3531 1898 3577 2.
1936 3545 1987 3594 p.
2027 3532 2110 3578 22.
2162 3545 2219 3579 se
2268 3545 2363 3594 pro
2415 3529 2629 3579 modulo
2670 3546 2766 3580 suo
2819 3544 3022 3596 graeca

525 3611 849 3674 exemplaria
898 3611 1209 3661 contulisse.
1282 3612 1437 3672 Quod
1501 3613 1678 3677 ipsum
1731 3631 1912 3664 rursus
1971 3614 2130 3665 fidem
2187 3616 2334 3676 facit,
2398 3616 2684 3682 Origenem
2737 3616 3020 3666 literarum

523 3697 913 3746 Hebraicarum
949 3713 1056 3747 non
1091 3698 1257 3747 fuisse
1300 3700 1616 3764 imperitum.
1681 3701 1831 3761 Quae
1867 3701 2002 3764 laus,
2041 3717 2076 3751 a
2111 3703 2430 3767 quibusdam
2466 3709 2680 3753 nostrae
2727 3705 3022 3754 memoriae

524 3783 579 3830 in
624 3781 844 3832 dubium
890 3789 1105 3846 vocata,
1161 3788 1343 3834 manet
1390 3784 1674 3850 Origenem
1713 3788 1871 3836 etiam
1927 3789 2079 3851 inde,
2138 3790 2263 3853 quia
2307 3789 2522 3844 vocales
2577 3790 2742 3840 literis
2793 3789 3020 3840 Graecis

526 3871 802 3934 expressit,
852 3887 918 3920 ne
968 3872 1255 3921 fluctuaret
1302 3871 1484 3935 lectio,
1542 3873 1638 3921 sed
1685 3873 1852 3922 veluti
1901 3875 2220 3939 quibusdam
2257 3877 2486 3927 vinculis
2535 3877 2740 3927 stabilis
2781 3881 2834 3926 et
2872 3883 3023 3926 certa

526 3957 867 4018 consisteret,
917 3958 1060 4022 quod
1108 3960 1225 4008 sine
1276 3959 1580 4008 Hebraicae
1634 3959 1852 4025 ling-uae
1908 3964 2211 4027 cognitione
2264 3979 2373 4014 non
2426 3967 2690 4030 potuisset
2741 3964 3021 4031 perficere.

525 4042 683 4092 Talia
718 4059 845 4092 vero
882 4048 1136 4110 tantaque
1174 4061 1339 4110 opera
1374 4051 1640 4096 tantorum
1687 4052 1954 4098 sumtuum
1992 4048 2270 4115 Origenes,
2317 4051 2597 4102 mediocris
2633 4052 2880 4101 fortunae
2918 4053 3020 4114 vir,

526 4134 809 4180 exsecutus
848 4135 928 4180 est
962 4130 1228 4181 hortatore
1266 4134 1441 4197 operis
1479 4132 1846 4198 Ambrosio,
1893 4137 2007 4185 viro
2057 4137 2127 4186 ad
2174 4153 2380 4188 summa
2416 4143 2557 4201 nate,
2593 4137 3020 4203 locupletissimo

524 4215 767 4280 homine3
818 4217 911 4281 qui
948 4216 1214 4268 cumulate
1249 4219 1533 4270 facultates
1568 4222 2004 4285 subministravit,
2042 4229 2101 4274 ut
2142 4226 2332 4274 notarii
2371 4231 2424 4275 et
2458 4225 2662 4276 librarii
2697 4241 2908 4290 semper
2947 4226 3018 4274 ad

525 4317 714 4352 manus
764 4305 813 4351 ei
862 4307 1055 4353 essent.
1120 4305 1313 4354 Verum
1362 4322 1483 4356 cum
1528 4309 1771 4374 ingentia
1817 4308 1912 4358 illa
1957 4309 2230 4360 volumina
2282 4313 2442 4376 pauci
2495 4327 2625 4377 prae
2679 4314 2866 4377 inopia
2913 4313 3022 4363 sibi

527 4404 837 4456 comparare
886 4394 1121 4455 possent,
1170 4384 1401 4456 quidam'
1430 4395 1732 4444 existimant
1757 4423 1824 4432 -—
1851 4411 1896 4445 e.
1935 4413 1984 4462 g.
2022 4397 2280 4460 Morinus,
2319 4399 2386 4448 de
2421 4399 2678 4449 Hebraici
2715 4399 3020 4464 Graecique

526 4480 703 4526 textus
730 4478 861 4526 sinc.
888 4493 1059 4527 exerc.
1084 4478 1128 4541 1,
1154 4480 1201 4527 4.
1232 4480 1276 4541 1,
1303 4481 1351 4528 5.
1391 4497 1442 4544 p.
1473 4481 1587 4530 159.
1615 4509 1683 4518 -—
1710 4481 1994 4547 Origenem
2031 4484 2356 4549 exemplaria
2386 4487 2631 4536 omnibus
2655 4486 2941 4536 utilissima
2967 4492 3022 4535 et

529 4563 793 4628 parabilia
829 4564 1075 4630 vulgasse
1112 4573 1425 4630 separata
1462 4567 1776 4618 emendatae
1802 4583 1836 4618 a
1859 4587 1918 4620 se
1953 4571 2200 4622 editionis
2237 4573 2420 4635 Lxx„
2459 4589 2620 4637 quam
2655 4589 2720 4623 ex
2757 4573 3018 4638 Hexaplis
