3309 5300
559 393 685 457 170
1264 407 1500 448 comment.
1528 407 1582 450 de
1608 409 1652 450 S.
1675 409 1832 461 script.
1861 421 1956 461 cap.
1984 421 2073 452 sec.
2101 412 2231 452 tract.
2259 412 2316 452 II.

558 577 847 642 condidit
867 582 905 662 ¹,
952 603 1147 666 quam
1194 582 1390 646 etiam
1433 583 1714 668 repetita
1751 583 2036 648 editione
2068 584 2416 671 perpolivit
2432 586 2476 650 ².
2521 585 2832 650 Laudant
2868 586 3042 652 hanc

555 690 1064 775 translationem,
1110 694 1175 757 in
1223 715 1354 779 qua
1397 705 1469 760 ut
1504 703 1691 759 notat
1736 694 1797 759 d.
1829 696 2356 782 Hieronymus³³t¹
2392 719 2548 780 ,non
2593 699 2760 764 solet
2802 699 3041 765 verbo·

554 827 698 868 rum
729 808 1111 887 ,κακωζηλίσινί
1155 817 1229 871 ut
1272 807 1532 892 Aquila,
1581 807 1699 871 sed
1737 810 1954 894 potius
1998 803 2462 894 intelligentiae
2511 811 2828 876 ordinem'
2853 814 3042 897 sequi

556 917 831 981 Veteres
846 921 890 981 ⁴.
966 918 1345 984 Merebatur
1405 943 1561 984 sane
1620 919 1884 984 laudem
1937 923 2254 1007 interpres
2299 925 2420 987 iste
2467 947 2508 987 a
2551 924 3043 1010 perspicuitate,

558 1026 926 1114 elegantia5
970 1041 1166 1116 atque
1207 1043 1445 1097 exacta
1477 1035 1751 1098 ratione.
1815 1034 2232 1118 Fragmenta,
2281 1058 2449 1120 quae
2494 1035 2684 1099 huius
2719 1037 3043 1101 versionis

557 1152 921 1226 supersunt,
956 1144 1251 1209 codicem
1276 1145 1657 1210 Hebraeum
1688 1149 2026 1232 interpreti
2045 1147 2476 1236 ‘observatum
2501 1147 2702 1212 fuisse
2733 1148 3043 1233 produnt.

556 1252 777 1340 Atque
825 1256 891 1319 in
938 1257 1333 1323 difficillimis
1377 1259 1537 1322 locis
1584 1281 1848 1322 sensum
1893 1261 1983 1322 ita
2025 1259 2271 1343 legenti
2319 1259 2669 1342 exhibent„
2705 1271 2776 1324 ut
2821 1262 3044 1324 statim

555 1365 966 1453 intelligatur.
1032 1369 1226 1448 Quod
1256 1393 1411 1435 vcro
1445 1393 1578 1434 non
1608 1373 1818 1456 magis
1851 1395 1972 1434 usu
2001 1371 2364 1453 invaluerit,
2411 1373 2563 1436 inde
2611 1372 3045 1436 derivandum

558 1489 674 1561 est,
723 1482 875 1565 quia
920 1482 1096 1545 facta
1128 1482 1249 1547 fuit
1279 1482 1361 1547 ab
1407 1482 1690 1562 homine,
1729 1505 1850 1568 per
1887 1493 2134 1547 sectam
2182 1507 2362 1548 suam
2398 1483 2669 1548 Judaeis
2701 1507 2913 1570 aeque
2965 1507 3046 1549 ac

559 1591 937 1656 Christianis
982 1595 1213 1686 inviso.

764 1706 1139 1792 Symmachi
1204 1711 1420 1774 versio
1488 1711 1553 1772 in
1624 1709 1851 1774 ordine
1921 1709 2372 1794 Hexaplorum
2440 1711 2800 1795 praecessit
2865 1710 3047 1773 illam

556 1817 1207 1886 Theodotionisss.
1284 1823 1590 1884 Θεοδοτίων
1649 1832 1801 1907 post
1859 1821 2186 1907 Aquilam,
2253 1831 2320 1885 et
2371 1833 2520 1886 ante
2569 1821 3046 1906 Symmachum

553 1931 1155 2016 interpretationem
1199 1957 1381 1998 suam
1416 1935 1693 2018 edidit73
1739 1934 1892 1998 inde
1927 1945 2077 2016 ante
2113 1957 2352 1998 annum
2386 1958 2448 2021 p.
2485 1935 2558 1999 O.
2591 1959 2653 1999 n.
2693 1939 2858 2018 182„
2909 1957 3045 2021 quo

556 2045 815 2108 circiter
870 2055 1093 2109 natam
1152 2046 1348 2112 fuisse
1412 2047 1693 2134 Aquilae
1755 2047 2242 2112 translationem
2291 2049 2656 2112 sumsimus
2733 2047 3045 2112 Theodo-

555 2159 692 2221 tion
736 2159 803 2220 in
849 2159 925 2222 iis
972 2182 1169 2242 unuS,
1234 2162 1344 2245 qui
1388 2161 1586 2224 fidem
1648 2162 1714 2223 in
1761 2159 2089 2225 Christum
2151 2182 2300 2223 cum
2343 2159 2546 2243 Legis
2609 2159 3048 2222 cerimonialis

554 2270 885 2334 Mosaicae
920 2271 1339 2337 observantia
1370 2272 1857 2357 coniungebant
1871 2275 1913 2354 8,
1948 2281 2263 2357 quantum
2290 2273 2426 2335 eius
2455 2273 2812 2336 institutum
2835 2273 3048 2357 patie-

555 2381 749 2446 batur
790 2385 857 2446 in
903 2387 1206 2448 versione
1251 2393 1358 2447 τῶν
1402 2385 1616 2449 LXX.
1675 2385 1766 2448 ibi
1810 2387 2177 2448 immutavit
2220 2393 2493 2466 tantum,
2549 2383 2660 2447 ubi
2709 2385 3047 2466 declinare

558 2517 703 2560 eam
763 2496 884 2560 sibi
942 2500 1229 2583 reperire
1284 2500 1459 2562 visus
1508 2509 1604 2562 est
1650 2498 1734 2562 ab
1781 2498 2105 2562 Hebraeis
2149 2496 2328 2560 libris
2374 2520 2526 2561 mss.
2602 2497 2751 2560 Non
2811 2519 3050 2582 parem

554 2617 776 2672 tamen
821 2609 1064 2695 ubique
1109 2610 1323 2695 legem
1380 2609 1851 2697 interpretandi
1915 2620 2176 2675 secutus
2241 2619 2370 2692 est3
2433 2608 2711 2694 Aquilae
2775 2631 3048 2697 quoque

555 2724 831 2807 vestigia
859 2725 1115 2807 premit.
1177 2723 1318 2786 Imo
1350 2725 1414 2786 in
1446 2722 1786 2788 reddendo
1827 2722 2252 2788 celeberrimo
2287 2724 2594 2787 vaticinio
2628 2722 2926 2789 Danielis
2961 2722 3047 2785 de

558 2832 812 2900 Christo
845 2838 1115 2921 propius
1147 2836 1232 2900 ad
1257 2836 1793 2918 Christianorum,
1825 2838 1865 2900 i.
1897 2860 1952 2900 e.
1987 2858 2250 2900 sensum
2281 2836 2472 2900 huius
2501 2858 2727 2901 verum
2762 2834 3047 2898 accedit.

557 2944 757 3029 Cuius
805 2947 1066 3033 quidem
1111 2950 1427 3013 versionis
1471 2970 1636 3035 opus
1670 2971 1755 3012 ex
1783 2958 1938 3013 voto
1985 2958 2344 3034 peractum,
2396 2947 2574 3033 quod
2617 2947 2784 3011 adeo
2835 2946 3047 3010 simile

557 3057 823 3122 editioni
867 3068 975 3121 τῶν
1021 3065 1049 3122 6
1096 3070 1296 3144 esset,
1360 3060 1741 3126 Christianis
1803 3062 1994 3125 etiam
2040 3060 2305 3145 placuit.
2383 3057 2576 3123 Unde
2625 3060 2873 3123 factum
2925 3066 3047 3141 est,

764 3367 802 3431 1)
840 3366 892 3416 S.
929 3366 1279 3433 Epiphanius,
1328 3368 1395 3417 de
1444 3369 1603 3433 pond.
1643 3374 1698 3417 et
1733 3384 1896 3417 mene.
1947 3385 1995 3416 n.
2039 3369 2118 3417 16.
2166 3385 2216 3432 p.
2258 3369 2372 3417 172.
2447 3366 2486 3431 2)
2525 3366 2774 3415 Testatur
2823 3366 2930 3413 hoc
2985 3364 3040 3414 S.

554 3454 928 3517 HieronymuS,
966 3470 1152 3503 comm.
1190 3456 1245 3503 in
1280 3456 1471 3505 Naum.
1506 3456 1607 3515 111,
1648 3460 1692 3507 1.
1731 3472 1783 3520 p.
1822 3457 1939 3505 563.
1977 3454 2244 3504 scribenst
2297 3454 2385 3513 „in
2427 3452 2599 3501 altera
2647 3452 2762 3501 eius
2799 3452 3045 3502 editione

555 3540 776 3604 reperi.“
841 3539 880 3606 3)
918 3539 1213 3591 Commeat.
1248 3543 1305 3591 in
1336 3542 1515 3591 Amos.
1542 3544 1593 3603 3,
1621 3544 1701 3592 11.
1736 3559 1786 3607 p.
1814 3544 1931 3591 258.
1993 3540 2035 3605 ⁴)
2077 3539 2158 3589 cf.
2192 3540 2351 3589 etiam
2387 3539 2439 3588 S.
2466 3538 2796 3602 Hieronymi,
2839 3537 3050 3587 Comm.

555 3630 611 3677 in
647 3627 771 3676 Isai.
812 3631 858 3689 1,
901 3629 944 3675 1.
983 3645 1036 3692 p.
1076 3630 1121 3677 7.
1164 3624 1545 3691 „Symmachus
1582 3644 1727 3678 more
1763 3642 1861 3677 suo
1899 3626 2278 3676 1nanifestiu8.“
2317 3625 2468 3675 Adde
2505 3625 2760 3673 iudicium
2795 3625 3048 3686 Eusebii,

555 3714 755 3764 Comm.
794 3714 849 3762 in
889 3714 1083 3764 Psalm.
1111 3716 1193 3776 21,
1222 3716 1306 3763 29.
1344 3732 1395 3779 p.
1423 3716 1505 3765 85.
1531 3716 1615 3764 31.
1654 3730 1705 3778 p.
1731 3715 1815 3762 86.
1852 3714 1940 3763 Ps.
1967 3714 2050 3774 46,
2078 3715 2159 3762 10.
2196 3729 2245 3777 p.
2275 3713 2389 3761 199.
2453 3712 2494 3775 ⁵)
2533 3712 2597 3761 V.
2625 3710 2684 3760 C.
2712 3711 2771 3761 A.
2797 3711 3049 3772 Thieme,

554 3801 678 3851 diss.
728 3818 821 3866 pro
877 3804 1107 3868 puritate
1156 3800 1471 3865 Symmachi.
1525 3801 1677 3865 Lips.
1725 3800 1874 3850 1755.
1950 3798 1990 3864 ⁶)
2029 3799 2198 3859 Quem
2249 3797 2302 3847 S.
2339 3798 2594 3847 Irenaeus
2639 3798 2942 3862 Ephesium
3000 3801 3056 3846 et

551 3887 821 3938 Judaeum
874 3888 1201 3953 proselytum
1253 3892 1437 3950 vocat3
1492 3902 1600 3937 non
1654 3885 1820 3936 semel
1874 3900 1907 3935 a
1954 3899 1996 3934 s.
2046 3886 2105 3935 P.
2143 3885 2202 3934 P.
2241 3889 2295 3934 et
2331 3883 2385 3933 S.
2420 3885 2488 3933 E.
2527 3883 2746 3933 Graecis
2783 3880 3052 3946 Θεόδοτος,

554 3974 863 4025 Theodotus
914 3975 1123 4025 dicitur.
1198 3973 1237 4040 ⁷)
1285 3974 1443 4035 Quod
1496 3972 1774 4023 conficitur
1829 3988 1858 4021 6
1913 3987 2074 4037 saepe
2122 3971 2339 4021 laudato
2395 3969 2518 4020 loco
2567 3970 2616 4019 d.
2665 3970 2901 4033 Irenaei,
2955 3972 3057 4020 ubi

554 4062 725 4126 carpit
776 4061 867 4110 ille
920 4061 1169 4127 Aquilam
1218 4066 1271 4110 et
1318 4060 1740 4137 Theodotionem
1789 4064 2020 4122 tantum,
2071 4058 2216 4124 quod
2262 4058 2385 4107 Isai.
2439 4059 2486 4120 7,
2528 4059 2607 4107 14.
2647 4072 2832 4107 vocem
2878 4048 3054 4126 ³29¹?231

550 4157 807 4205 verterint
840 4152 1010 4218 νεανίς,
1048 4172 1155 4206 non
1178 4152 1429 4222 παρθένος,
1467 4156 1604 4205 sicut
1628 4152 1676 4203 οἱ
1701 4150 1743 4203 ό.
1796 4153 1852 4203 Si
1879 4159 2055 4203 autem
2082 4152 2430 4217 Symmachus
2455 4158 2584 4203 tunc
2609 4154 2712 4201 iam
2739 4154 3054 4201 versionem

551 4257 702 4293 suam
742 4242 1085 4307 publicasset,
1135 4257 1243 4291 non
1292 4246 1407 4291 erat
1441 4244 1657 4306 impune
1697 4241 2054 4302 dimittendu3‚
2105 4256 2223 4289 cum
2263 4245 2316 4289 et
2350 4240 2466 4305 ipse
2503 4235 2655 4296 νεανίς
2691 4238 3050 4307 transtulerit.

550 4328 790 4394 Idipsum
840 4328 1063 4377 credidit
1109 4328 1161 4378 S.
1198 4329 1573 4393 Hieronymus,
1625 4330 1717 4393 qui
1767 4344 1953 4379 comm.
1997 4330 2055 4377 in
2090 4327 2216 4377 Isai.
2254 4328 2338 4389 58,
2380 4328 2462 4377 10.
2511 4344 2562 4392 p.
2600 4328 2720 4375 694.
2757 4327 3051 4375 observat:

555 4414 934 4479 „Symmachus
970 4414 1025 4463 in
1063 4414 1445 4466 Theodotionis
1480 4416 1616 4465 scita
1653 4415 2006 4465 concedens.“
2064 4414 2398 4463 Contrariam
2445 4414 2763 4463 sententiam
2801 4412 3049 4463 defendit

549 4502 617 4550 D.
653 4502 925 4563 Petavius,
963 4502 1228 4551 animadv.
1267 4501 1335 4550 ad
1371 4502 1405 4550 1.
1443 4518 1484 4551 s.
1514 4500 1830 4567 -Epiphanii
1867 4501 1932 4550 de
1969 4516 2133 4549 mens.
2171 4501 2240 4561 H,
2283 4501 2399 4549 198.
2440 4516 2481 4549 s.
2553 4498 2596 4562 8)
2637 4497 2720 4548 Cf.
2759 4498 2810 4548 d.
2849 4499 3048 4549 Hiero-

552 4588 711 4655 nymi,
751 4588 817 4638 de
856 4590 951 4640 vir.
988 4589 1060 4639 in.
1100 4604 1145 4639 c.
1182 4590 1265 4638 54.
1303 4605 1355 4653 p.
1397 4590 1513 4638 114.
