3309 5300
1158 477 1223 518 De
1249 479 1482 530 interpret.
1513 481 1554 520 s,
1588 482 1630 520 s
1660 479 1888 521 catholica
2194 461 2205 470 '
2648 465 2776 534 315

411 777 474 854 ξ.
528 777 672 842 141.
718 773 1008 838 Eorum
1057 775 1183 858 qui
1228 773 1490 838 Biblia
1536 774 1776 839 Sacra
1832 797 2277 862 exposuere
2327 776 2642 841 divisio.

491 987 724 1044 Infiniti
757 988 947 1063 operis
978 992 1130 1045 esset
1154 988 1414 1046 omnium
1437 988 1701 1047 virorum
1730 989 2023 1049 Catholi
2040 1009 2201 1048 coru
2217 1010 2272 1046 m
2296 1023 2382 1030 —
2406 991 2478 1048 de
2503 990 2593 1046 his
2618 991 2777 1048 enim

265 1091 421 1149 solis
452 1091 618 1168 loqui
648 1093 960 1150 statuimus
993 1125 1077 1136 —-
1107 1093 1208 1171 qui
1239 1095 1303 1150 in
1334 1093 1696 1168 explicandis
1730 1093 1786 1152 S.
1817 1094 2133 1170 Scripturis
2160 1113 2397 1169 operam
2426 1100 2772 1170 posuerunt,

265 1196 528 1254 nomina
557 1201 618 1254 et
648 1196 1087 1256 lucubrationes
1119 1216 1460 1268 recensere3
1506 1197 1765 1256 sufficiet
1807 1199 2152 1275 praecipuos
2196 1198 2496 1268 indicasse,
2546 1199 2647 1275 qui
2678 1199 2779 1258 vel

265 1300 336 1358 in
386 1300 742 1358 universum
781 1302 970 1359 Vetus
1021 1303 1079 1360 N
1080 1322 1375 1380 ovumque
1423 1301 1886 1374 Testamentum,
1942 1307 2045 1360 aut
2088 1303 2150 1360 in
2199 1321 2469 1376 magnam
2516 1302 2777 1377 ipsorum

266 1409 515 1480 partem
546 1404 854 1478 scripsere;
883 1406 983 1464 vel
1014 1407 1346 1479 Versiones,
1379 1411 1483 1464 aut
1514 1406 1687 1463 utilia
1722 1407 1794 1464 ad
1824 1406 2051 1464 Literas
2081 1406 2333 1465 Divinas
2362 1405 2779 1480 intelligendas

269 1507 649 1566 adminicula
679 1509 1076 1566 contulerunt.
1121 1511 1328 1587 Neque
1360 1503 1528 1568 modo
1557 1511 1917 1586 propositum
1948 1503 2079 1582 fuit]
2111 1511 2181 1568 de
2213 1509 2777 1570 Commentatoribus

270 1631 613 1670 sermonem
661 1612 988 1684 instituere,
1033 1615 1133 1691 qui
1173 1615 1402 1689 exegesi
1450 1613 1755 1686 diffusiori,
1804 1613 2172 1684 scholiorum,
2222 1615 2564 1688 glossarum,
2610 1634 2779 1689 para·

268 1715 608 1791 phrasium,
641 1718 1094 1774 translationum
1124 1717 1519 1776 illustratione
1550 1718 1801 1775 Textum
1826 1719 2003 1776 Verbi
2034 1719 2145 1776 Dei
2177 1719 2378 1793 scripti
2413 1719 2779 1793 explicuere;

269 1821 379 1878 sed
413 1820 600 1878 etiam
631 1821 702 1877 de
732 1819 852 1877 illis
879 1821 1319 1895 expositoribus,
1351 1823 1450 1900 qui
1483 1823 1544 1878 in
1578 1822 1777 1894 variis,
1808 1827 1871 1878 et
1899 1823 2089 1898 quoad
2113 1841 2325 1881 nomen
2350 1827 2411 1880 et
2435 1825 2621 1901 quoad
2654 1843 2778 1882 rem

273 1925 581 1999 operibuS,
612 1943 788 1999 saepe
819 1944 1062 1982 numero
1094 1945 1168 1983 ex
1203 1926 1402 2003 aliqua
1435 1926 1749 1996 occasione,
1782 1927 2024 1984 Sacrum
2055 1927 2321 1985 Godicem
2357 1927 2775 1985 dilucidarunt.

272 2029 694 2102 Exponendae
740 2033 917 2086 erunt
964 2029 1138 2086 simul
1186 2030 1362 2086 etiam
1410 2050 1644 2088 causae:
1713 2050 1864 2109 quae
1917 2031 2421 2104 interpretationis
2470 2050 2780 2106 germanae

275 2133 766 2208 orthodoxaeque
827 2132 883 2189 S.
933 2133 1264 2190 Literarum
1309 2153 1649 2209 progressus
1696 2136 1811 2192 iam
1864 2134 2295 2206 accelerarunt,
2350 2136 2465 2192 iam
2516 2137 2779 2194 retarda-

273 2241 525 2294 verunt.
561 2237 675 2294 Ubi
699 2237 905 2310 fugere
935 2238 1228 2311 oportebit
1259 2240 1625 2316 quorundam
1661 2240 2011 2314 scriptorum
2057 2240 2240 2296 nostri
2281 2240 2413 2298 aevi
2455 2239 2776 2310 licentiam,

277 2341 385 2418 qui
407 2361 519 2416 pro
557 2341 800 2398 arbitrio
831 2361 935 2398 suo
969 2343 1270 2400 veteribus
1303 2347 1363 2400 et
1391 2343 1814 2402 recentioribus
1853 2343 2275 2418 interpretibus
2320 2342 2436 2401 alto
2466 2343 2779 2418 supercilio

277 2443 545 2515 laudem,
590 2444 687 2502 vel
728 2445 970 2502 bilosam
1026 2464 1328 2502 censuram
1383 2446 1765 2505 distribuunt.
1830 2448 2029 2524 Atque
2082 2448 2230 2505 haec
2274 2447 2398 2505 fere
2439 2448 2510 2505 de
2555 2447 2781 2505 obiecto

279 2549 652 2606 narrationis
693 2553 979 2607 annotare
1009 2549 1323 2608 voluimus.
1387 2552 1482 2608 Ad
1530 2555 1761 2626 tempus
1802 2553 1956 2629 quod
2004 2552 2235 2622 attinet,
2281 2551 2467 2609 omnis
2516 2549 2780 2608 confusio

278 2653 599 2724 vitabitur,
631 2654 676 2709 si
710 2654 986 2713 universa
1016 2654 1312 2712 Ecclesiae
1353 2657 1586 2714 saecula
1631 2658 1694 2714 in
1736 2657 1967 2733 aliquot
2011 2676 2091 2731 ep
2112 2657 2327 2714 ochas
2372 2656 2778 2726 diviserimus3

275 2758 452 2815 iuxta
509 2777 664 2835 quae
714 2758 972 2816 narratio
1027 2759 1098 2817 de
1151 2758 1544 2834 explicatione
1594 2760 1803 2819 Divini
1852 2760 2075 2819 Codicis
2118 2762 2427 2819 referatur.
2488 2762 2583 2821 Sic
2628 2760 2783 2819 enim

279 2866 446 2921 certe
489 2861 738 2920 iuvatur
782 2863 1076 2934 memoria,
1131 2867 1193 2921 et
1237 2864 1687 2935 anachronismi,
1734 2865 2048 2939 pessimum
2097 2862 2160 2922 in
2206 2865 2546 2923 narratione
2592 2866 2784 2922 cuius-

279 2986 548 3045 cumque
600 2967 831 3023 demum
885 2968 1118 3040 generis
1169 2968 1408 3039 vitium,
1465 2969 1701 3027 facilius
1746 2969 2032 3027 declinari
2078 2974 2339 3043 possunt.
2418 2970 2532 3028 Sed
2583 2987 2785 3025 rursus

281 3076 433 3149 quot
480 3071 546 3128 in
593 3072 842 3146 epochas
887 3072 1151 3129 Historia
1196 3072 1703 3147 interpretationis
1751 3073 1958 3130 Sacrae
2004 3071 2343 3146 Scripturae
2375 3072 2780 3129 distribuenda

279 3175 379 3247 sit,
410 3173 757 3253 quaeritur?
787 3175 938 3232 Viris
962 3174 1306 3234 Catholicis:
1338 3178 1605 3250 epocha
1637 3175 1693 3233 S.
1719 3174 1774 3232 S.
1802 3176 2097 3232 Patrum
2132 3180 2203 3233 et
2232 3176 2686 3249 Scriptorum
2712 3176 2779 3232 E.

281 3280 445 3337 nihil
494 3279 798 3357 antiquius
824 3300 966 3337 'esse
1019 3281 1246 3351 debere,
1301 3281 1677 3337 manifestum
1725 3286 1829 3337 est.
1889 3276 2208 3357 Quousque
2254 3298 2393 3337 vero
2440 3277 2495 3336 S.
2539 3281 2780 3336 Patrum

281 3390 452 3442 aetas
482 3403 547 3441 se
577 3382 894 3441 extendat?
927 3385 1186 3442 nondum
1217 3384 1358 3440 satis
1388 3386 1546 3443 inter
1567 3384 1825 3441 eruditos
1858 3388 2112 3455 constat3
2144 3383 2413 3457 plurimis
2445 3388 2645 3440 tamen
2674 3382 2783 3440 illa

281 3489 492 3564 placet
526 3486 740 3563 opinio,
789 3506 940 3565 quae
985 3487 1047 3544 in
1093 3507 1136 3543 s.
1171 3488 1208 3544 J
1220 3506 1451 3546 oanne
1495 3489 1751 3546 Damas
1766 3507 1939 3546 ceno
1971 3487 2289 3545 terminum
2322 3487 2471 3562 figit.
2517 3486 2678 3545 Hinc
2709 3486 2781 3543 ad

282 3592 520 3653 Medii
551 3591 706 3649 aevi
739 3594 1046 3667 scriptores
1079 3592 1534 3665 progrediemur.
1569 3590 1871 3653 Quantum
1894 3592 1967 3647 ad
1991 3610 2101 3662 eOS,
2134 3591 2232 3668 qui
2262 3592 2335 3648 ab
2366 3590 2534 3648 initio
2564 3589 2783 3647 saeculi

285 3696 556 3755 decimi
604 3695 793 3753 sexti
838 3696 917 3754 ad
967 3696 1096 3753 hoc
1143 3716 1368 3773 usque
1415 3700 1693 3772 tempus
1741 3696 1803 3753 in
1834 3694 2196 3770 explicandis
2226 3695 2283 3752 S.
2314 3696 2507 3753 Libris
2538 3694 2782 3752 desuda-

285 3805 464 3873 runt,
537 3799 670 3857 duo
737 3800 1020 3875 imprimis
1088 3800 1493 3859 intervalla
1559 3799 1990 3874 distinguimus
2066 3800 2327 3857 Primum
2392 3819 2427 3856 a
2486 3798 2785 3856 celebrata

285 3904 580 3981 Synodo
623 3902 1060 3961 Tridentina
1112 3904 1338 3978 incipit,
1387 3909 1447 3962 et
1493 3924 1679 3982 usque
1726 3906 1798 3961 ad
1851 3921 2305 3977 suppressam
2354 3901 2783 3959 Societatem

287 4012 324 4068 J
337 4030 468 4067 esu
502 4008 884 4082 expanditur3
917 4008 1170 4066 alterum
1201 4012 1382 4086 atque
1413 4007 1743 4065 ultimum
1774 4008 1855 4065 ad
1887 4026 2011 4064 nos
2053 4026 2279 4084 usque
2320 4006 2521 4063 currit.
2574 4006 2783 4065 Totum

287 4114 484 4189 igitur
509 4114 906 4187 interpretum
937 4113 992 4169 S.
1028 4113 1084 4170 S.
1117 4132 1345 4187 agmen,
1375 4112 1440 4169 in
1472 4117 1724 4190 quatuor
1754 4111 1963 4168 classes
1996 4113 2323 4184 opportune
2353 4109 2533 4168 dividi
2567 4112 2783 4183 potest:

289 4218 672 4295 antiquae,
721 4217 1021 4287 mediae,
1064 4217 1504 4274 recentioris
1551 4220 1611 4273 et
1654 4214 2194 4272 recentissimae
2230 4214 2456 4272 aetatis.
2506 4209 2783 4274 Quando-

292 4322 533 4401 quidem
579 4320 880 4379 Ecclesiae
925 4320 1237 4378 militantis
1282 4321 1422 4390 fata,
1468 4320 1932 4396 scriptorumque
1977 4316 2410 4375 catholicorum
2459 4317 2523 4373 in
2569 4316 2784 4393 quibus

291 4431 679 4485 versarentur
728 4425 1024 4495 adiuncta,
1070 4424 1315 4482 diversis
1360 4424 1719 4498 temporibus
1764 4422 2074 4479 admodum
2114 4421 2347 4479 diversa
2391 4424 2603 4491 essent,
2649 4438 2782 4477 con-

293 4531 459 4605 tigit;
503 4533 575 4586 ut
618 4547 726 4604 pro
768 4528 932 4586 varia
988 4528 1334 4586 eruditionis
1380 4547 1579 4587 sacrae
1631 4524 1993 4597 conditione,
2046 4524 2305 4585 variaret
2354 4525 2531 4585 etiam
2584 4526 2784 4586 Sacras

293 4632 630 4713 Scripturas
657 4631 998 4711 explicandi
1027 4632 1194 4692 ratio,
