3309 5300
512 365 643 433 342
1209 376 1445 419 comment.
1474 376 1531 421 de
1554 376 1599 419 Β.
1620 376 1832 427 Scriptur-
1862 386 1956 427 cap.
1985 376 2090 418 tert.
2119 376 2229 418 sect.
2258 376 2336 417 ΠΣ

522 557 837 633 multiplici
885 555 1285 633 cognitionum
1331 559 1637 631 apparatu,
1686 557 1844 615 haud
1890 532 2180 632 prioribus
2224 556 2570 615 inferiores:
2633 556 2788 615 Petr.
2825 555 3016 614 Four.

517 663 991 734 Ackermann,
1037 663 1205 720 Joan.
1241 661 1488 733 Alber,
1534 662 1587 719 J.
1624 660 1968 733 Ansaldi,
2014 663 2217 719 Anton
2261 662 2378 719 Jos.
2415 660 2794 733 Binterim‚
2841 660 3018 720 cuius

513 767 920 838 eruditionem,
982 765 1351 837 industriam,
1411 765 1692 840 pietatem
1752 765 2003 824 laudant
2061 786 2290 837 omnes3
2352 766 2406 824 J.
2455 765 2522 825 Β.
2582 764 2884 838 Branca,
2945 765 3025 824 G.

515 871 874 946 Ozuppon,
920 870 987 929 G.
1022 871 1088 929 L.
1123 869 1411 947 Eyrich,
1458 871 1513 928 J.
1546 871 1626 935 M.
1676 869 1917 941 Feder,
1962 871 2034 926 K.
2067 870 2121 928 J.
2167 870 2476 941 Fischer,
2522 870 2588 930 F.
2622 868 2677 927 J.
2724 868 3026 929 Freind-

515 975 717 1052 aller,
751 975 847 1033 Al.
880 975 1164 1051 Giigler,
1199 974 1259 1033 G.
1293 974 1347 1032 J.
1384 975 1685 1046 Herbst‚
1715 976 1769 1035 J.
1803 975 1882 1033 H.
1916 976 2276 1047 Janssens,
2307 976 2360 1032 J.
2389 973 2468 1032 H.
2499 975 3024 1047 Kistemacker,

514 1083 611 1141 Fr.
658 1080 1185 1151 Loewenheim,
1234 1078 1329 1138 Fr.
1376 1080 1763 1150 Oberthiir‚
1809 1079 1880 1136 D.
1925 1079 2116 1150 Ries,
2162 1080 2216 1136 J.
2257 1079 2321 1137 B.
2366 1079 2438 1137 de
2481 1079 2711 1150 Rossi,
2757 1079 3026 1155 ingentis

516 1184 799 1244 scientiae
822 1188 883 1241 et
903 1183 1121 1243 laboris
1153 1184 1262 1256 vir,
1293 1185 1381 1243 J0.
1408 1185 1485 1243 M.
1511 1183 1760 1255 Sailer,
1791 1185 1880 1241 J0.
1916 1182 2064 1259 Nep.
2098 1183 2494 1255 Schaeffer‚
2524 1186 2692 1243 Joan.
2727 1183 3029 1243 Slesina

516 1292 572 1349 S.
612 1290 688 1361 J.,
737 1288 818 1345 M.
870 1287 1271 1359 Schlosser,
1329 1290 1423 1345 Fr.
1470 1287 1823 1366 Schrank,
1870 1288 2013 1347 Ben.
2039 1286 2350 1367 ,Venusi,
2394 1288 2484 1346 J0.
2532 1287 2689 1345 Fort.
2739 1287 2895 1347 Com.
2945 1289 3024 1348 de

516 1394 561 1453 Z
573 1396 723 1453 amb
739 1393 881 1464 oni,
916 1393 1073 1451 Petr.
1106 1391 1171 1453 B.
1206 1392 1524 1453 Zimmer.
1592 1392 1702 1450 Isti
1736 1394 1972 1470 quidem
2003 1392 2214 1463 omnia,
2258 1410 2662 1471 quaecumque
2692 1412 2833 1451 vere
2863 1396 3028 1452 bona

519 1503 579 1558 et
602 1498 906 1557 doctrinae
926 1496 1261 1555 Catholicae
1290 1497 1551 1572 proficua
1576 1497 1754 1555 huius
1779 1496 2055 1573 temporis
2086 1497 2302 1567 eruditi
2327 1496 2609 1571 Theologi
2642 1498 2706 1554 in
2736 1497 3025 1557 lucubra-

516 1602 777 1661 tionibus
816 1602 935 1659 suis
982 1602 1324 1672 docuerunt,
1372 1606 1541 1675 grato
1588 1602 1783 1659 animo
1829 1606 2208 1676 exceperunt,
2256 1619 2406 1679 quae
2452 1620 2590 1659 vero
2637 1602 2777 1659 huic
2823 1602 3026 1660 minus

518 1709 912 1766 consentanea
946 1705 1043 1765 vel
1074 1706 1315 1765 adversa
1360 1706 1723 1765 invenerunt
1767 1706 1872 1763 illa
1919 1707 2403 1781 reprobaverunt.
2448 1705 2636 1763 Iidem
2678 1724 2853 1781 porro
2898 1725 3025 1764 non

519 1812 645 1871 sine
691 1810 857 1887 gravi
889 1809 1274 1868 fundamento
1305 1811 1683 1870 novatoribus
1714 1814 2118 1885 regesserunt:
2166 1811 2408 1869 Veteres
2439 1810 2737 1869 Ecclesiae
2768 1810 2823 1867 S.
2859 1812 2926 1869 P.
2965 1814 3029 1867 et

522 1916 577 1974 S.
613 1914 679 1974 E.
725 1918 847 1972 tam
877 1913 1129 1973 Graecos
1162 1934 1340 1993 quam
1385 1912 1623 1973 Latinos
1670 1915 1742 1971 ad
1789 1916 2208 1991 expositionem
2253 1914 2309 1973 S.
2353 1914 2408 1971 S.
2459 1914 2814 1974 adhibendos
2862 1934 3026 1985 esse;

520 2040 553 2079 e
585 2019 751 2079 novis
782 2037 922 2076 vero
956 2038 1073 2077 non
1104 2039 1301 2078 omnes
1332 2019 1676 2095 promiscue,
1708 2021 1806 2077 sed
1839 2020 1971 2077 illos
2001 2021 2169 2077 modo
2201 2020 2301 2097 qui
2335 2019 2667 2079 eruditione
2697 2022 3024 2095 praestant,

521 2126 805 2185 Veterum
851 2128 1112 2182 attamen
1156 2124 1547 2200 expositiones
1593 2143 1712 2181 non
1757 2124 2084 2199 negligunt,
2131 2123 2229 2182 vel
2275 2124 2429 2201 quod
2475 2123 2661 2181 multo
2705 2124 2876 2201 peius
2915 2128 3022 2195 est,

521 2233 925 2290 contemnunt.

520 2461 582 2540 ἓ.
650 2461 791 2527 156.
865 2457 1449 2523 Enumerantur
1510 2456 1925 2542 praecipui
1995 2457 2434 2542 scriptores
2497 2458 2572 2520 in
2635 2455 2700 2522 S.
2757 2456 3026 2522 Biblia

1364 2578 1811 2634 nostrorum
1860 2569 2174 2634 dierum.

734 2769 824 2828 De
870 2767 1205 2827 conditione
1250 2767 1600 2842 cognitionis
1646 2772 1707 2826 et
1752 2767 2258 2844 interpretationis
2311 2769 2370 2826 S.
2417 2769 2780 2842 Literarum,
2829 2770 3024 2847 qualis

526 2873 940 2950 progrediente
984 2873 1219 2932 saeculo
1265 2876 1325 2931 et
1384 2891 1546 2930 nunc
1605 2877 1724 2945 est,
1785 2873 1939 2952 quod
1983 2874 2230 2932 attinet:
2291 2893 2410 2933 non
2455 2876 2520 2934 in
2577 2874 2797 2950 linguis
2851 2876 3024 2933 modo

529 2977 929 3037 Orientalibus
994 2978 1159 3036 stetit
1226 2979 1592 3038 eruditorum
1652 2977 1990 3054 diligentia,
2053 2979 2154 3037 sed
2213 2979 2535 3054 praeclaris
2595 2980 3025 3040 accessionibus

532 3083 750 3141 ditatae
794 3087 937 3141 sunt
980 3101 1180 3142 omnes
1224 3083 1587 3159 disciplinae,
1636 3103 1788 3161 quae
1833 3083 2382 3159 interpretationem
2427 3083 2482 3142 S.
2525 3083 2748 3143 Codicis
2793 3084 3023 3145 iuvant.

525 3189 660 3247 Non
704 3207 921 3263 paucos
966 3190 1164 3261 hocce,
1212 3208 1328 3266 quo
1383 3188 1651 3260 vivimus,
1711 3193 1944 3266 tempus
1987 3190 2142 3250 viros
2189 3189 2506 3248 catholicos
2568 3193 2856 3262 numerat,
2921 3190 3027 3269 qui

527 3292 856 3352 eruditione
902 3293 1279 3369 philologica,
1326 3312 1537 3369 magno
1583 3294 1796 3352 mentis
1841 3295 2140 3366 acumine,
2195 3294 2410 3354 notitia
2454 3294 2764 3368 Veterum,
2811 3294 3028 3370 peritia

528 3397 829 3458 doctrinae
865 3396 1221 3471 Catholicae,
1267 3399 1321 3458 S.
1368 3397 1698 3474 Scripturas
1744 3400 2121 3474 exponendas
2167 3399 2278 3460 sibi
2322 3403 2678 3460 sumserunt.
2754 3399 2873 3457 Nos
2919 3419 3028 3475 pro

529 3502 789 3562 instituti
849 3503 1036 3561 nostri
1085 3503 1311 3563 ratione
1356 3523 1477 3563 non
1522 3522 1740 3575 omnes,
1789 3503 1888 3582 qui
1943 3503 2215 3575 floruere,
2278 3505 2568 3583 hodieque
2629 3504 2864 3576 florent,
2923 3505 3027 3564 sed

536 3607 884 3683 praecipuos
914 3607 1243 3682 seligemus,
1290 3626 1539 3686 quorum
1570 3608 1864 3668 industria
1893 3606 2372 3683 interpretationi
2406 3609 2730 3668 catholicae
2760 3609 3026 3684 praecla-

534 3730 627 3770 ros
672 3711 853 3770 libros
898 3713 1193 3784 accesisse,
1242 3713 1371 3790 quis
1416 3713 1591 3771 hodie
1633 3716 1755 3770 tam
1801 3711 2106 3788 ingratus?
2153 3716 2213 3771 et
2242 3713 2364 3772 suis
2393 3714 2518 3790 ipse
2548 3703 2714 3772 bonis
2748 3714 3026 3774 invidens

534 3817 629 3890 sit,
676 3817 822 3895 quin
865 3837 944 3876 ex
987 3819 1182 3876 animo
1230 3819 1497 3894 gaudeat.
1564 3818 1916 3893 Praecipuos
1975 3836 2402 3888 enumeramus,
2464 3817 2668 3876 ordine
2713 3817 3026 3876 literarum

530 3921 874 3995 Alphabeti,
921 3922 1005 3979 ita
1036 3925 1102 3980 ut
1132 3922 1583 3984 nomenclatoris
1628 3924 1818 3982 vicem
1861 3922 2268 3982 sustineamus.
2315 3921 2394 3980 M.
2427 3921 2723 3993 Aberle,
2769 3922 2889 3981 Jos.
2925 3922 3024 3980 Fr.

533 4025 841 4096 Allicli,
887 4027 953 4084 P.
986 4025 1388 4096 Ballerini,
1435 4027 1525 4086 Id.
1570 4026 1792 4088 Thadd.
1842 4027 2148 4096 Beelen,
2193 4027 2344 4102 Aug.
2391 4024 2820 4101 Berlepsch,
2868 4027 3026 4101 Aug.

528 4128 869 4205 Bisping,
936 4130 1052 4188 Jos.
1099 4131 1442 4203 Brunati,
1502 4132 1559 4190 J.
1606 4131 1923 4203 Bucher,
1983 4132 2040 4192 J.
2087 4131 2197 4190 Th.
2240 4131 2542 4200 Buslav,
2597 4132 2652 4189 J.
2698 4130 3025 4202 Brunati,

532 4231 929 4305 Cavedoni,
992 4232 1315 4305 Oeriani,
1381 4236 1467 4294 J0.
1524 4236 1621 4293 Fr.
1683 4235 1812 4310 Ign.
1876 4235 2191 4308 Demme,
2253 4237 2305 4295 J.
2354 4235 2407 4294 J.
2464 4234 2889 4309 Do'llinger,
2956 4235 3025 4293 P.

531 4338 787 4409 Drach,
824 4337 877 4395 J.
904 4339 982 4397 H.
1014 4338 1422 4411 Friedlieb,
1455 4341 1507 4398 J.
1533 4341 1596 4398 B.
1621 4340 1900 4411 Gla1re,
1931 4341 1998 4399 L.
2026 4340 2086 4398 Ο.
2109 4340 2360 4410 Gratz,
2392 4338 2460 4397 G.
2487 4338 2542 4396 J.
2569 4339 2636 4397 B.
2669 4337 3026 4410 Giintner,

530 4441 603 4500 D.
630 4442 696 4499 B.
730 4442 1153 4518 Haneberg‚
1199 4445 1291 4503 J0.
1326 4445 1394 4504 G.
1428 4445 1730 4514 Herbst‚
1777 4444 1842 4502 F.
1879 4443 2200 4519 Himpel,
2232 4445 2284 4504 J.
2321 4444 2386 4502 B.
2420 4443 2788 4514 Hirscher,
2829 4444 2924 4502 J0.
2955 4444 3021 4502 L·.

531 4548 712 4625 Hug,
744 4549 845 4629 qui
877 4553 1184 4629 postquam
1215 4568 1449 4628 operam
1482 4549 1797 4624 plurimam
1828 4549 1892 4619 in
1921 4547 2302 4624 scriptoribus
2334 4546 2596 4608 Classioie
2627 4547 2829 4606 latinis
2859 4567 3026 4624 grae-
