3309 5300
1266 415 1415 456 νειοῖο
1447 409 1545 458 τῶν
1571 417 1698 459 Lxx.
2236 425 2247 435 ’
2613 399 2741 464 165

252 585 309 642 0.
360 587 683 657 Vercellone,
741 587 872 644 Var.
918 589 1067 645 Lect.
1128 588 1279 662 Vulq.
1315 589 1470 645 Rom.
1504 590 1690 645 1860.
1739 589 1787 646 I.
1811 590 1959 660 prol.
1996 608 2060 660 p.
2111 592 2212 648 23.
2257 609 2302 650 s.
2351 591 2542 646 Editio
2587 611 2613 647 e
2658 572 2740 647 rei

237 693 552 760 peritorum
611 692 820 746 iudicio
874 693 1127 762 omnium,
1188 711 1325 764 quae
1387 699 1618 762 exstant,
1677 693 1914 748 maxime
1971 695 2201 764 sincera,
2261 702 2310 749 et
2359 696 2614 766 proxime
2667 698 2742 752 ad

243 797 597 868 archetypum
632 797 811 853 LXX.
857 797 1113 851 accedens
1156 771 1399 855 liabetur.
1448 796 1531 866 Cf.
1568 798 1746 854 acath.
1775 793 1849 853 Ἀ.
1883 798 1950 855 F.
1984 798 2417 867 Ruckersfelder,
2466 817 2557 870 ap.
2599 800 2740 881 Velt-

242 901 436 969 husen,
502 899 698 957 Comm.
749 901 819 958 th.
881 901 1003 970 III,
1058 902 1159 957 27.
1202 919 1245 956 s.
1336 901 1511 964 Quam
1569 901 1643 955 sit
1703 901 1959 955 immunis
2013 903 2153 958 liber
2195 903 2289 957 ille
2345 903 2642 958 Vaticanus
2704 924 2742 960 a

243 1005 771 1076 transpositionibus
817 1005 1096 1078 Oriyenis,
1132 1011 1289 1075 patet
1332 1024 1359 1060 e
1404 1005 1694 1060 collatione
1737 1007 1998 1076 locorum,
2055 1025 2192 1078 quae
2253 1009 2406 1078 apud
2458 1009 2740 1062 Philonem
2763 1011 2778 1020 “

243 1115 411 1180 atque
452 1129 496 1165 s.
530 1110 596 1166 Ρ.
644 1115 694 1164 et
738 1107 797 1164 S.
828 1110 895 1162 E.
928 1109 1099 1163 citata
1145 1109 1508 1180 reperiuntur.
1562 1107 1645 1178 Cf.
1678 1109 1735 1164 J.
1767 1109 1997 1179 Morini,
2045 1129 2216 1168 exerc.
2246 1112 2295 1164 Ι.
2329 1113 2386 1181 9,
2417 1114 2474 1167 3.
2505 1131 2559 1182 p.
2595 1115 2738 1169 409.

242 1213 557 1268 Secundum
602 1214 717 1268 eius
758 1214 843 1268 rei
888 1213 1243 1267 testimonium
1265 1214 1475 1284 petitur
1504 1231 1569 1267 ex
1598 1214 1831 1268 editione
1871 1214 2004 1268 libri
2033 1214 2236 1270 Josuae
2261 1233 2362 1285 per
2393 1216 2456 1273 A.
2495 1217 2740 1271 Masium

242 1319 301 1373 d.
341 1337 394 1390 q.
426 1318 487 1388 i.,
533 1318 629 1390 qui
673 1317 924 1372 instituta
970 1317 1258 1371 collatione
1310 1316 1525 1371 Codicis
1571 1317 1703 1389 Syri
1747 1318 1812 1372 de
1855 1316 1993 1388 ipsis
2027 1319 2278 1391 Oriyenis
2310 1320 2582 1390 Hexaplis
2623 1339 2742 1374 cum

241 1422 508 1494 diliyenti
551 1421 931 1476 asteriscorum
964 1428 1013 1475 et
1042 1422 1395 1475 obeliscorum
1426 1422 1798 1491 adscriptione
1828 1422 2084 1490 conversi,
2133 1423 2375 1496 colleyit:
2415 1424 2741 1478 Vaticanum

239 1525 407 1579 illum
462 1525 708 1580 Codicem
754 1527 1021 1580 continere
1080 1527 1136 1580 V.
1193 1526 1255 1582 T.
1302 1521 1445 1580 κατὰ
1487 1521 1609 1592 τοὺς
1656 1520 2037 1597 ἑβδομήκοντα
2081 1529 2152 1580 ab
2199 1528 2530 1582 adulterinis
2575 1530 2738 1582 addi-

241 1631 503 1686 tamentis
566 1631 860 1685 admodum
915 1629 1234 1698 defecatum.
1312 1631 1649 1684 Postremum
1709 1637 2110 1703 aryumentum,
2178 1633 2322 1702 quod
2380 1633 2742 1704 unusquisque

238 1737 477 1806 proprio
520 1741 693 1790 marte
736 1735 976 1805 experiri
1018 1735 1169 1788 nullo
1214 1734 1425 1807 neqotio
1460 1741 1655 1804 potest,
1701 1735 1916 1790 elicitur
1961 1735 2338 1790 electionibus
2368 1737 2558 1806 variis,
2604 1755 2742 1808 quae

240 1840 305 1893 in
358 1838 491 1895 God.
539 1840 609 1897 Β.
652 1845 899 1894 servatae
942 1845 1085 1896 sunt.
1137 1837 1267 1894 Cum
1312 1839 1466 1892 lectio
1511 1840 1628 1895 cod.
1679 1839 2050 1892 Alexandrini
2109 1840 2408 1894 innumeris
2439 1840 2563 1909 fere
2609 1841 2742 1894 locis

242 1945 323 1996 ad
366 1944 727 1998 recensionem
770 1941 1177 2014 masorethicam
1222 1944 1451 1997 accedat
1460 1962 1483 2010 ,·
1539 1943 1812 1997 Vaticana
1857 1944 1927 1997 ab
1968 1944 2154 1997 eadem
2200 1945 2434 2012 recedat,
2490 1945 2742 2000 dubitare

240 2067 351 2102 non
388 2039 715 2118 possumus.-
784 2047 916 2117 quin
958 2026 1203 2119 yenuina
1246 2053 1295 2100 et
1341 2045 1573 2118 Oriyene
1616 2046 1895 2117 antiquior
1939 2047 2095 2100 lectio
2137 2054 2356 2102 servata
2403 2049 2476 2101 sit
2518 2050 2581 2102 in
2626 2050 2740 2103 edi-

244 2152 391 2207 tione
438 2153 709 2208 Romana.
758 2152 964 2216 Quodsi
1006 2151 1366 2207 eruditissimi
1409 2151 1639 2205 editores
1681 2151 1852 2221 paulo
1896 2153 2142 2205 curatius
2187 2153 2535 2224 archetypum
2587 2172 2742 2207 suum

240 2257 551 2328 exprimere
608 2257 917 2326 voluissent,
985 2256 1161 2328 ma9is
1221 2256 1403 2310 adhuc
1465 2260 1514 2308 et
1568 2255 1870 2324 plurimum
1929 2255 2088 2310 labor
2145 2274 2324 2309 eorum
2375 2259 2743 2327 probaram-5

240 2367 549 2416 manarunt
595 2367 773 2414 tamen
818 2361 999 2414 iudice
1057 2358 1505 2427 Montefalconio,
1571 2358 2002 2428 praeliminaria
2068 2361 2128 2412 in
2188 2361 2326 2415 Hex.
2375 2359 2530 2432 Oriq.
2577 2365 2633 2431 4,
2682 2364 2740 2419 5.

234 2485 298 2537 p.
334 2469 438 2521 43.
470 2473 519 2520 et
548 2467 606 2520 in
640 2465 781 2520 hanc
809 2465 1095 2520 editionem
1125 2483 1233 2518 non
1256 2481 1445 2534 pauca
1475 2481 1541 2516 ex
1570 2463 1859 2533 Hexaplis.
1912 2464 2108 2516 Textus
2143 2463 2386 2519 Graecus
2416 2466 2532 2519 sine
2563 2466 2743 2520 latina

242 2571 492 2624 versione
534 2569 766 2640 prodiit,
813 2587 973 2640 quam
1018 2569 1215 2623 deinde
1262 2567 1573 2621 Flaminius
1604 2568 1860 2622 Nobilius
1907 2569 2113 2622 Romae
2145 2571 2332 2626 1588.
2364 2587 2390 2622 e
2409 2569 2744 2641 fraqmemis

240 2682 482 2729 veterum
513 2675 843 2729 Latinorum
886 2675 1240 2744 Interpretum
1274 2672 1642 2743 compilatam,
1667 2672 1946 2743 peculiari
1976 2674 2240 2727 volumine
2271 2674 2534 2746 vulyavit.
2581 2675 2745 2727 Hanc

242 2779 538 2834 editionem
586 2779 893 2833 Bibliorum
948 2778 1280 2832 Graecorum
1316 2776 1635 2847 fidelissime
1679 2784 1729 2831 et
1771 2776 2164 2830 studiosissime
2207 2778 2428 2833 iteravit
2471 2778 2531 2834 J.
2565 2779 2742 2831 Mori-

243 2902 377 2940 nus.
423 2885 552 2940 Lut.
600 2884 736 2940 Par.
779 2885 956 2937 1628.
1004 2882 1261 2952 apposita
1308 2900 1333 2934 e
1376 2882 1593 2953 reqione
1638 2888 1814 2935 textus
1856 2880 2059 2934 Graeci
2103 2882 2316 2936 Latina
2361 2883 2742 2951 translatione,

246 3006 502 3042 versuum
546 3006 750 3060 quoque
795 2987 1048 3056 numeris,
1095 2986 1191 3057 qui
1234 2991 1401 3039 antea
1444 2986 1588 3039 nulli
1632 2992 1804 3053 erant,
1853 2986 2168 3055 adscriptis.
2217 2986 2266 3041 Ι.
2312 2986 2389 3043 ΙΙ.
2447 2986 2594 3041 Tom.
2627 2986 2742 3043 III.

244 3092 486 3147 continet
516 3095 589 3148 N.
628 3093 687 3151 T.
728 3092 1014 3146 Waltonus
1058 3108 1260 3163 quoque
1304 3090 1537 3145 editione
1581 3090 1835 3143 Romana
1882 3108 2012 3143 usus
2057 3097 2148 3147 est.
2193 3091 2542 3160 Repetierunt
2573 3108 2744 3144 exem-

238 3198 385 3267 plar
442 3197 760 3252 Vaticanum
808 3214 925 3250 cum
969 3196 1251 3251 animadv.
1298 3202 1345 3248 et
1391 3195 1582 3263 compl.
1631 3195 1689 3249 J.
1721 3195 1792 3250 N.
1834 3193 1884 3248 J
1888 3214 1921 3248 a
1933 3212 2068 3266 qer,
2113 3195 2196 3251 II.
2242 3196 2347 3250 vol.
2380 3195 2516 3248 Par.
2549 3196 2739 3251 1839.

245 3304 387 3368 45.,·
430 3319 552 3357 var.
600 3302 715 3355 lect.
764 3300 904 3356 subi.
960 3297 1017 3355 C.
1074 3299 1536 3367 Tischendorf
1572 3299 1730 3369 Lips.
1764 3299 1847 3355 ed.
1882 3298 1995 3355 III.
2034 3299 2214 3355 1860.
2245 3299 2325 3353 11.
2369 3299 2475 3355 vol.
2551 3300 2608 3355 d.
2659 3300 2744 3351 De

246 3406 488 3459 editione
520 3404 922 3471 Oxoniensi‚
968 3403 1027 3457 in
1059 3421 1167 3473 qua
1190 3420 1481 3473 expressus
1524 3408 1600 3457 est
1646 3408 1820 3456 textus
1866 3402 2066 3455 codicis
2106 3401 2476 3473 antiquissimi
2505 3403 2743 3456 Alexan·
2787 3376 2798 3393 ἱ
2817 3400 2834 3418 '

246 3509 409 3563 drini
452 3507 520 3563 A.
568 3509 663 3562 sed
706 3525 866 3577 saepe
898 3508 1117 3560 multum
1149 3506 1480 3575 immutatus,
1528 3508 1762 3560 dicenda
1793 3506 1906 3561 iam
1930 3506 2472 3577 praeoccupavimus.
2503 3525 2565 3577 p.
2598 3508 2741 3561 117.

248 3613 592 3684 Fraqmenta
626 3614 739 3668 cod.
784 3612 940 3679 VII.,·
982 3611 1205 3679 saeculi,
1252 3611 1334 3665 uti
1362 3618 1596 3681 sumunt,
1628 3610 1806 3681 quinti
1835 3642 1920 3649 ——
1951 3611 2302 3665 Pentateuchi
2350 3610 2482 3667 Gen.
2515 3614 2616 3681 31,
2649 3614 2740 3667 15.

248 3735 417 3787 usque
469 3718 549 3771 ad
593 3717 723 3773 Lev.
782 3718 880 3785 19,
938 3718 1028 3773 19.
1078 3722 1125 3770 et
1167 3716 1259 3770 lib.
1301 3715 1421 3771 Jos.
1468 3733 1585 3769 cum
1640 3714 1898 3785 pluribus
1943 3720 2122 3769 tamen
2181 3715 2398 3769 lacunis
2439 3746 2524 3753 —-
2572 3715 2745 3769 edidit

251 3820 407 3875 Ceri
422 3822 557 3890 ani,
619 3821 864 3876 Monum.
910 3837 1025 3875 sac.
1075 3825 1123 3873 et
1161 3818 1317 3889 pros.
1366 3818 1593 3875 Mediol.
1645 3820 1830 3873 1864.
1867 3820 1919 3873 6.
1953 3826 1988 3873 t.
2018 3818 2130 3873 III.
2165 3821 2219 3873 1.
2253 3820 2311 3873 2.
2335 3818 2390 3887 f.
2437 3817 2650 3871 Isaiam
2697 3825 2746 3872 et

248 3925 599 3978 Malachiam
643 3924 933 3996 inteyrum,
985 3923 1101 3978 Jer.
1156 3924 1306 3979 Dan.
1356 3924 1494 3979 Bar.
1536 3924 1730 3978 Ezech.
1782 3923 1928 3989 Osee,
1997 3923 2175 3991 Amos,
2237 3920 2474 3991 Sophon.
2537 3922 2748 3995 Ayyaei

249 4036 300 4083 et
360 4028 608 4087 Zachar.
674 4034 859 4099 partes
919 4028 1125 4082 exhibet
1194 4028 1376 4083 codex.
1428 4045 1565 4081 saec.
1611 4027 1780 4081 XIII.
1840 4045 1990 4097 quem
2038 4018 2482 4094 Grottaferratae
2548 4028 2746 4079 detexit

249 4133 308 4189 J.
363 4131 573 4187 Cozza
618 4134 909 4188 monachus
956 4132 1017 4187 Ο.
1053 4132 1111 4186 S.
1159 4131 1385 4187 Basilii.
1434 4132 1505 4187 D.
1539 4150 1587 4202 q.
1622 4150 1674 4189 υ.
1706 4132 1838 4189 diss.
1874 4129 1930 4185 G.
1976 4130 2382 4199 Vercellone,
2432 4149 2506 4183 un
2554 4130 2746 4185 Codice

248 4254 446 4309 yraeco
466 4236 827 4308 palimpsesto
857 4242 1097 4307 scoperto
1128 4237 1228 4291 dai
1258 4236 1469 4290 monaci
1502 4235 1790 4289 Basiliani
1820 4236 1881 4289 di
1913 4234 2346 4303 Grottaferrata.
2385 4235 2536 4287 Rom.
2570 4236 2745 4287 1866.

252 4341 561 4395 Novissime
614 4342 1001 4395 Testamentum
1062 4341 1215 4394 Vetus
1258 4359 1450 4412 qraece
1493 4341 1655 4395 iuxta
1701 4340 1881 4395 LXX.
1928 4341 2244 4409 interpretes
2289 4356 2355 4391 ex
2399 4338 2515 4393 cod.
2575 4338 2744 4391 Vatic.

250 4445 398 4502 edid.
459 4444 691 4498 lacunas
744 4445 975 4515 suplevit
1026 4462 1091 4497 ex
1142 4446 1314 4501 codic.
1370 4444 1670 4499 Alexandr.
1723 4449 1770 4497 et
1822 4460 1888 4496 ex
1940 4443 2092 4499 Bibl.
2139 4442 2346 4513 polyql.
2426 4441 2485 4497 V.
2539 4441 2745 4497 Loch.

254 4550 545 4605 Ratisbon.
589 4550 774 4605 1866.
2449 4562 2454 4567 '
