3309 5300
502 396 630 461 214
1212 408 1446 449 Comment.
1477 407 1529 449 (le
1560 409 1601 449 S.
1626 408 1786 459 Script.
1817 419 1909 459 cap.
1941 418 2027 449 see.
2058 410 2182 449 tract.
2213 408 2288 449 IL·

504 584 718 647 amisit
762 582 829 647 S.
863 582 1329 667 Hieronymus,
1376 594 1729 667 antequam
1775 582 2020 669 publici
2066 585 2222 647 iuris
2265 583 2443 647 facta
2489 593 2693 648 erant.
2768 583 3005 648 Edidit

506 704 573 783 et
613 694 1327 781 Paralipomena1,
1376 695 1463 759 ad
1505 696 1874 759 versionem
1917 702 2026 757 τῶν
2072 700 2100 757 ό
2145 698 2212 759 in
2256 696 2576 782 Hexaplis
2625 697 3002 761 emendata.

716 807 1064 893 Superiore
1109 809 1261 891 iam,
1307 810 1347 871 i.
1390 830 1447 872 e.
1496 807 1804 893 Origenis
1851 817 2066 873 aetate
2112 808 2372 895 plurimi
2416 811 2484 873 in
2527 809 2830 874 Ecclesia
2875 810 3006 873 viri

508 921 682 986 docti
749 942 988 985 novam
1048 920 1539 985 translationem
1599 922 1695 985 ad
1757 919 2211 985 Hebraeum
2273 924 2666 1004 ἀρχέτυπον
2732 924 3004 987 omnino

510 1033 821 1111 effictam,
881 1036 1317 1099 necessariam
1376 1056 1521 1099 esse
1568 1034 1956 1099 iudicarunt.
2033 1034 2272 1099 Judaei
2321 1036 2493 1099 enim
2536 1035 2650 1099 ubi
2695 1058 2736 1099 a
2778 1035 3007 1099 LXX.

508 1151 811 1213 versione
858 1156 1229 1212 averterant
1263 1149 1570 1228 animum,
1619 1148 1927 1212 continuo
1977 1146 2372 1212 obiiciebant
2405 1147 2804 1229 Christianis,
2851 1148 3008 1212 illos

512 1263 793 1345 genuino
852 1260 919 1325 S.
968 1260 1345 1347 Scripturae
1393 1260 1613 1325 Textu
1661 1281 1918 1342 carere3
1982 1260 2304 1345 siquidem
2381 1284 2604 1325 eorum
2659 1260 3006 1325 translatio

511 1396 929 1461 nequaquam
976 1396 1125 1439 cum
1170 1374 1501 1456 Hebraeo,
1564 1374 1683 1438 sed
1731 1395 1881 1437 cum
1925 1373 2140 1437 LXX.
2191 1376 2574 1439 conveniret
2617 1374 3008 1455 versione-23

515 1510 683 1572 quae
715 1489 859 1573 ipsa
888 1511 1111 1553 rursus
1140 1489 1208 1551 in
1237 1487 1453 1551 multis
1488 1486 1818 1570 deficeret,
1868 1497 1933 1552 et
1965 1488 2104 1551 aliis
2134 1487 2552 1570 redundaret,
2597 1488 2663 1550 in
2705 1487 3012 1573 plurimis

516 1609 764 1664 erraret
781 1602 823 1662 3.
895 1597 1115 1677 Quare
1164 1621 1312 1663 cum
1346 1598 1730 1665 Christianis
1776 1599 1819 1664 J
1822 1600 2015 1663 udaei
2061 1600 2489 1686 disputanteS,
2534 1600 2766 1664 horum
2809 1622 3012 1684 argu-

512 1721 753 1795 menta,
788 1734 957 1797 quae
990 1735 1073 1776 ex
1102 1711 1303 1777 latina
1325 1712 1406 1776 V.
1433 1711 1508 1776 T.
1538 1710 1964 1777 translatione
1997 1712 2084 1776 ad
2109 1712 2322 1778 LXX.
2357 1712 2538 1777 facta
2568 1714 2764 1777 ducta
2795 1722 3012 1793 erant,

406 1844 422 1850 ”
516 1823 783 1889 eludere
830 1824 1156 1890 solebant:
1204 1824 1499 1909 urgendo
1532 1847 1816 1909 graecae
1859 1835 1924 1889 et
1952 1825 2191 1889 latinae
2223 1826 2542 1889 versionis
2589 1848 2737 1889 cum
2783 1824 3018 1888 Textu

515 1937 596 2001 V.
630 1938 706 2001 T.
755 1936 1122 2021 Originario
1169 1936 1552 2002 dissensum.
1615 1936 1709 2000 Ut
1749 1939 1946 2023 igitur
1990 1935 2262 2001 Judaeis
2305 1936 2473 2002 haee
2519 1960 2700 2001 arma
2739 1939 3016 2024 eripiatr,

406 2094 425 2097 -
520 2057 586 2113 et
642 2071 727 2113 ne
782 2048 864 2113 de
921 2049 1201 2113 falsitate
1266 2048 1749 2135 Scripturarum
1807 2049 2122 2137 Ecclesiis
2185 2051 2324 2114 eius
2367 2089 2451 2097 —
2497 2072 2586 2113 sc.
2636 2048 2875 2115 Christi
2915 2088 3016 2099 —·

517 2161 971 2245 insultarent43
1019 2162 1302 2247 denique
1332 2171 1405 2226 ut
1436 2163 1564 2227 suis
1597 2164 1841 2247 amicis,
1911 2164 2020 2249 qui
2051 2171 2392 2248 tantopere
2441 2162 2506 2227 S.
2542 2161 2607 2226 S.
2641 2162 3016 2229 secundum

520 2275 901 2341 Hebraeum
960 2275 1211 2339 fontem
1272 2278 1439 2339 verti
1476 2276 1856 2362 expetiere,
1926 2275 2176 2339 faceret
2237 2275 2391 2338 satis
2455 2297 2523 2338 se
2570 2274 2777 2340 hocce
2840 2299 3016 2362 opus

518 2390 886 2473 suscepisse
933 2387 1174 2452 fatetur
1219 2412 1269 2453 s.
1300 2387 1557 2452 Doctor
1576 2392 1617 2451 ⁵.
1695 2387 1784 2452 Et
1827 2389 2182 2452 maximam
2241 2408 2399 2451 sane
2459 2389 3020 2474 interpretationis

522 2523 679 2565 suae
714 2500 794 2565 de
833 2499 1163 2565 Hebraico
1211 2503 1353 2588 ipso
1389 2500 1750 2587 exemplari
1793 2502 1924 2564 iam
1970 2522 2028 2564 a.
2062 2503 2209 2567 392.
2259 2499 2703 2584 absolverat63
2749 2502 3020 2565 tametsi

520 2623 671 2700 post
716 2636 923 2679 annos
968 2614 1225 2679 nonnisi
1288 2612 1656 2697 duodecim,
1702 2622 1840 2678 tota
1866 2612 1976 2677 illa
2020 2614 2204 2678 iuxta
2247 2610 2534 2678 Textum
2568 2613 3020 2700 Originarium

522 2725 603 2789 V.
638 2726 714 2789 T.
747 2728 960 2791 versio
995 2725 1079 2790 ad
1109 2727 1306 2790 finem
1336 2727 1655 2814 perducta
1685 2726 1897 2791 fuerit.
1945 2725 2178 2812 Neque
2210 2727 2394 2790 iuxta
2430 2725 2494 2791 S.
2531 2726 3020 2813 Scripturarum

525 2839 841 2922 ordinem,
886 2848 959 2903 ut
1001 2840 1069 2902 in
1117 2838 1361 2904 Codice
1399 2839 1711 2904 Hebraeo
1759 2839 1839 2903 V.
1883 2839 1958 2904 F.
2004 2839 2191 2903 Libri
2239 2840 2668 2923 continentur,
2717 2861 2756 2902 a
2797 2841 3017 2925 primo

524 2951 609 3016 ad
668 2952 1091 3016 novissimum
1136 2953 1599 3039 interpretatus
1656 2961 1782 3036 est3
1847 2951 1964 3016 sed
2022 2961 2094 3016 ut
2156 2954 2395 3038 potuit,
2459 2962 2856 3039 rogatusque
2913 2962 3023 3016 est

526 3088 565 3128 a
625 3064 932 3128 fratribus
991 3065 1311 3130 vertenda
1357 3066 1479 3132 sibi
1525 3066 1770 3130 Divina
1813 3061 2171 3130 Volumina
2217 3088 2360 3129 esse
2410 3067 2678 3129 censuit.
2746 3065 3021 3129 Initium

527 3177 713 3241 duxit
766 3201 805 3240 a
849 3178 928 3241 L.
974 3177 1053 3242 L.
1100 3179 1382 3264 Regum,
1442 3201 1605 3266 quos
1652 3178 1892 3242 deinde
1941 3177 2049 3242 alii
2093 3177 2220 3241 hoc
2268 3177 2492 3241 ordine
2539 3176 3020 3264 sequebantur:

526 3290 897 3376 Prophetae
943 3271 1226 3355 Maiores
1274 3299 1340 3355 et
1384 3291 1700 3374 MinoreS,
1747 3289 2016 3374 Psalmi,
2064 3289 2251 3354 Libri
2298 3289 2690 3373 Salomonis,
2736 3289 3023 3372 Esdrae,

740 3556 777 3620 ¹)
814 3555 959 3604 Hinc
1006 3569 1218 3620 quoque
1264 3555 1321 3602 in
1369 3554 1532 3604 hosce
1584 3554 1751 3605 libros
1799 3553 2038 3620 duplices
2093 3557 2382 3618 supersunt
2435 3553 2812 3618 praefationes,
2871 3554 3022 3605 aliae

531 3644 599 3692 ad
652 3642 943 3693 eorundem
994 3658 1061 3692 ex
1110 3641 1337 3703 Graeco,
1391 3641 1531 3691 aliae
1584 3658 1650 3690 ex
1703 3641 1954 3691 Hebraeo
2006 3639 2408 3690 translationem
2462 3641 2803 3706 pertinentes.
2863 3643 2929 3690 L.
2973 3658 3026 3691 0.

530 3729 869 3791 Vallarsium,
908 3729 959 3778 S.
991 3729 1305 3793 Hieronymi
1341 3729 1466 3778 Vita
1501 3744 1545 3778 c.
1585 3731 1667 3778 20.
1705 3729 1800 3778 XI.
1839 3730 1886 3790 1,
1927 3729 2042 3777 114.
2081 3743 2123 3777 s.
2199 3726 2238 3792 ²)
2280 3726 2359 3776 Cf.
2399 3743 2440 3777 s.
2479 3727 2806 3792 Hieronymi,
2844 3729 3024 3793 praef.

530 3819 585 3865 in
621 3816 785 3866 Psalt.
824 3820 878 3865 et
912 3816 1036 3865 lsai.
1096 3815 1139 3879 3)
1177 3814 1341 3876 Idem,
1380 3831 1463 3880 ep.
1504 3817 1619 3865 104.
1658 3820 1711 3864 et
1745 3815 1913 3879 praef.
1951 3816 2008 3865 in
2043 3813 2220 3864 Paral.
2293 3813 2335 3880 ⁴)
2373 3815 2446 3864 Ut
2480 3813 2717 3879 loquitur
2749 3815 2919 3880 praef.
2961 3817 3022 3864 in

531 3904 655 3953 Isai.
693 3902 763 3952 ad
797 3901 887 3951 fin.
960 3903 1001 3967 ⁵)
1057 3900 1147 3963 „Si
1196 3902 1548 3966 Septuaginta
1593 3902 1960 3966 interpretum,
2010 3917 2147 3966 pura
2195 3907 2249 3951 et
2294 3905 2353 3950 ut
2402 3901 2470 3951 ab
2523 3903 2598 3952 eis
2647 3903 2705 3950 in
2751 3900 3029 3952 Graecum

533 4005 689 4041 versa
714 3994 809 4052 est,
850 3989 1010 4038 editio
1035 3993 1386 4054 permaneret,
1422 3987 1688 4053 superflue
1713 4003 1813 4051 me,
1847 3989 2044 4050 scribit,
2085 3987 2358 4038 Chromati
2383 3989 2772 4053 Episcoporum
2797 3990 3029 4040 sanctis-

532 4078 665 4127 sime
720 4081 881 4141 atque
937 4074 1264 4137 doctissime,
1318 4074 1621 4140 impelleres
1676 4079 1738 4123 ut
1789 4074 2026 4125 hebraea
2077 4076 2176 4124 tibi
2229 4074 2500 4124 volumina
2555 4074 2721 4124 latino
2776 4091 3029 4125 sermone

532 4164 889 4214 transferrem.
927 4189 993 4199 -
1030 4163 1186 4212 Nunc
1230 4178 1357 4211 vero
1402 4177 1523 4211 cum
1557 4178 1655 4226 pro
1691 4163 1953 4212 varietate
1999 4163 2274 4227 regionum
2319 4161 2533 4212 diversa
2572 4161 2812 4212 ferantur
2846 4178 3030 4212 exem-

532 4251 723 4316 plaria,
772 4255 825 4300 et
860 4265 1115 4315 germana
1149 4249 1243 4299 illa
1280 4251 1608 4314 antiquaque
1646 4248 1924 4298 translatio
1969 4253 2219 4314 corrupta
2255 4249 2339 4311 sit,
2380 4253 2541 4313 atque
2577 4249 2803 4312 violata3
2855 4251 3034 4299 nostri

536 4338 738 4388 arbitrii
782 4342 964 4403 putas,
1020 4342 1114 4387 aut
1162 4353 1190 4386 e
1238 4337 1481 4402 pluribus
1525 4335 1764 4385 iudicare
1815 4336 1942 4401 quid
1995 4352 2180 4386 verum
2235 4337 2328 4398 sit,
2377 4340 2472 4385 aut
2523 4351 2722 4385 novum
2777 4351 2914 4402 opus
2973 4338 3033 4385 in

533 4427 705 4476 veteri
740 4425 951 4487 cudere,
1001 4424 1457 4489 illudentibusque
1505 4423 1747 4485 Judaeis,
1799 4424 2087 4484 cornicum,
2137 4427 2196 4472 ut
2232 4423 2439 4486 dicitur,
2480 4422 2665 4472 oculos
2701 4421 3028 4488 configere.“

536 4513 745 4578 Prolog.
773 4511 875 4577 gal.
932 4512 973 4577 ⁶)
1008 4511 1281 4577 Siquidem
1318 4527 1381 4561 eo
1418 4516 1655 4576 tempore
1692 4509 1828 4559 libro
1868 4509 1934 4559 de
1969 4511 2064 4560 vir.
2091 4509 2165 4561 ill.
2203 4509 2431 4561 affirmet
2469 4525 2554 4560 se:
2597 4510 2793 4572 „Vetus
2829 4511 3033 4563 instru-

538 4605 771 4652 mentum
805 4600 955 4652 iuxta
990 4599 1301 4653 hebraicum
1337 4597 1721 4652 transtulisse.“
