3309 5300
1204 383 1268 425 De
1294 383 1513 448 codicibus
1540 395 1643 424 mss.
1673 384 1726 424 N.
1757 385 1805 424 T.
2621 370 2744 434 119

278 564 447 612 Nonne
482 559 617 608 haec
652 561 911 625 temporis
946 563 1076 608 nota
1112 559 1228 609 cod.
1274 557 1589 608 Sinaiticum
1625 573 1660 608 a
1695 559 1912 609 saeculo
1964 563 2152 624 quarto
2201 561 2474 609 removet?
2510 587 2576 596 -—
2612 558 2742 607 Hol-

272 661 495 707 zammer,
530 645 567 694 l.
594 662 640 697 c.
668 663 723 711 p.
749 648 873 696 432.
900 646 971 695 ad
995 663 1035 695 s.
1062 646 1155 696 VI.
1178 645 1268 695 vel
1290 646 1411 695 VII.
1438 645 1684 695 collocat.
1709 675 1775 682 —
1801 647 1914 696 Nec
1946 646 2390 710 praetereundum
2415 650 2497 694 est
2531 661 2575 694 c.
2613 658 2743 710 prae

271 735 429 786 multis
476 738 840 784 correctorum
888 732 1347 784 emendationibus
1393 733 1725 797 primaevum
1771 733 1969 782 codicis
2018 737 2220 781 textum
2265 734 2354 780 vix
2403 733 2514 781 erui
2556 747 2740 796 posse,

269 837 363 888 qua
394 836 448 869 re
482 821 855 884 praestantiae
892 825 945 869 et
978 819 1103 869 fidei
1140 819 1385 884 dignitati
1426 818 1718 868 lectionum
1764 834 1876 868 var.
1916 818 2032 868 cod.
2071 828 2115 869 Ν.
2151 819 2432 884 plurimum
2482 819 2739 882 derogari,

266 913 436 976 sponte
482 921 585 957 sua
620 909 884 972 sequitur.
943 907 1161 956 Interim
1198 905 1259 955 C.
1295 904 1655 956 Tischendorf
1689 910 1876 955 contra
1915 905 2248 956 adversarios
2298 919 2424 954 suos
2459 905 2740 954 Russicum

265 993 728 1046 Aschimandritam
756 993 1105 1059 Porphyrium
1140 992 1521 1057 Uspenskium,
1562 996 1615 1040 et
1649 991 1974 1042 colonellum
2009 991 2290 1056 Anglicum
2327 991 2742 1040 Macdonaldum

267 1081 541 1147 disputavit
584 1079 805 1130 libello:
858 1081 962 1129 Die
1010 1078 1423 1144 Anfechtungen
1472 1079 1565 1128 der
1614 1077 1962 1129 Sinai-Bibel.
2016 1079 2164 1144 Lips.
2205 1079 2356 1128 1863.
2407 1083 2458 1127 et
2503 1079 2636 1144 prol.
2685 1079 2741 1126 in

262 1171 315 1220 N.
348 1169 405 1217 T.
446 1183 522 1232 gr.
564 1182 635 1215 ex
673 1165 863 1229 Sinait,
904 1165 1035 1216 Cod.
1072 1181 1212 1216 omn.
1250 1165 1527 1230 antiquis&
1563 1165 1713 1230 Lips.
1755 1166 1906 1214 1865.
1944 1181 1996 1230 p.
2035 1165 2175 1214 XIV.

264 1433 315 1510 ξ.
344 1429 443 1494 50.
489 1425 1089 1490 Enumerantur
1133 1423 1267 1488 alii
1306 1422 1625 1488 codices
1669 1424 1938 1508 graeci
1981 1422 2060 1486 N.
2095 1421 2170 1488 T.
2219 1424 2734 1508 antiquiores

446 1617 588 1668 Sunt
623 1634 751 1668 vero
787 1622 1003 1684 praeter
1035 1616 1200 1666 hosce
1238 1631 1440 1666 summe
1476 1615 1849 1665 memorabiles
1885 1615 2113 1666 Codices
2149 1616 2210 1664 B.
2245 1615 2306 1664 A.
2345 1624 2389 1665 Ν.
2429 1631 2538 1665 non
2575 1617 2735 1680 pauci

266 1708 361 1767 alii,
410 1706 501 1771 qui
538 1721 573 1754 a
612 1705 824 1754 Criticis
869 1704 1013 1753 haud
1052 1704 1243 1768 exiguo
1282 1704 1336 1751 in
1371 1703 1543 1766 pretio
1580 1701 1864 1764 habentur,
1917 1717 2142 1767 quorum
2191 1701 2398 1766 aliquos
2434 1703 2489 1751 in
2527 1717 2732 1752 summa

262 1793 663 1843 recensebimus.
724 1792 959 1841 Proximi
994 1789 1077 1839 his
1112 1791 1283 1839 tribus
1320 1794 1445 1838 sunt
1480 1787 1512 1818 ’ἓ
1548 1788 1964 1838 Parisiensis
2003 1788 2061 1838 C.
2098 1789 2155 1855 in
2190 1789 2320 1838 bibl.
2360 1804 2407 1838 o.
2446 1804 2554 1853 reg.
2592 1805 2735 1837 nunc

258 1882 366 1944 imp.
389 1879 512 1928 Par.
547 1894 600 1926 n.
628 1880 676 1926 9.
735 1877 871 1926 Mire
908 1876 998 1925 ille
1038 1876 1301 1925 consentit
1336 1874 1479 1940 quod
1515 1875 1584 1924 ad
1619 1891 1871 1924 versuum
1907 1890 2186 1924 numerum
2223 1891 2342 1924 cum
2379 1876 2638 1924 Vaticano
2681 1879 2734 1923 et

259 1964 601 2015 Alexandrino
630 1962 774 2028 quod
801 1961 871 2010 ad
896 1961 1077 2012 literas
1104 1965 1422 2011 commatum
1449 1961 1663 2024 attinet3
1703 1975 1842 2026 quae
1869 1963 2096 2026 spongia
2121 1961 2332 2026 quidem
2370 1961 2576 2010 deletae
2611 1965 2734 2010 sunt

262 2052 618 2117 superscriptis
672 2049 965 2114 Ephraemi
1020 2047 1139 2113 Syri
1194 2047 1466 2112 opusculis
1504 2076 1570 2082 —
1608 2047 1751 2096 unde
1808 2052 1860 2096 et
1915 2047 2098 2096 Codex
2150 2047 2525 2112 Ephraemi
2582 2048 2735 2111 Syri

260 2139 615 2202 rescriptus
655 2135 829 2184 dictus
855 2163 938 2198 —,
964 2134 1058 2184 sed
1096 2135 1173 2188 ita
1207 2139 1267 2182 ut
1300 2138 1508 2184 veteres
1552 2133 1661 2198 legi
1709 2135 1931 2198 possint.
1990 2134 2305 2184 Membrana
2352 2134 2551 2183 codicis
2599 2133 2732 2182 levis

260 2231 306 2273 et
336 2225 521 2285 tenuis,
558 2224 614 2270 in
652 2221 893 2286 plurimis
943 2220 1083 2270 foliis
1131 2221 1402 2284 perforata
1438 2225 1491 2270 et
1528 2221 1718 2270 detrita
1761 2225 1865 2283 est3
1914 2219 2054 2269 foliis
2093 2223 2302 2269 constat
2337 2221 2454 2270 209.
2510 2221 2731 2269 Praeter

260 2312 555 2374 scripturam
601 2309 1029 2373 antiquissimam
1080 2307 1295 2356 exhibet
1341 2306 1487 2356 illam
1534 2308 1690 2372 primi
1740 2312 1793 2356 et
1837 2307 2057 2357 secundi
2107 2308 2445 2369 correctoris,
2496 2307 2724 2372 denique

258 2397 457 2457 librarii,
488 2396 576 2460 qui
603 2395 724 2443 XII.
750 2395 959 2443 circiter
984 2393 1225 2457 saeculo3
1246 2394 1480 2442 —iuxta
1503 2393 1870 2454 Montfaucon,
1896 2393 2175 2457 Palaeogr.
2203 2409 2276 2458 gr.
2305 2394 2406 2455 ΙΙΙ,
2433 2396 2480 2442 3.
2508 2411 2558 2458 p.
2586 2396 2724 2456 213„

260 2481 608 2543 Tischendorf,
648 2482 782 2546 prol.
810 2486 937 2532 sect.
968 2481 1057 2529 VI.
1097 2497 1149 2545 p.
1191 2483 1271 2529 19.
1312 2481 1471 2529 sumit
1506 2479 1706 2530 saecul.
1744 2480 1891 2528 XIII.
1917 2508 1983 2515 —
2010 2495 2269 2530 novarum
2305 2481 2728 2530 membranarum

260 2572 465 2636 penuria
498 2584 729 2633 pressus,
769 2570 920 2616 varia
956 2567 1214 2632 opuscula
1250 2565 1302 2616 S.
1329 2566 1618 2631 Ephraemi
1657 2581 1851 2631 graece
1888 2581 2044 2616 versa
2078 2566 2299 2616 induxit.
2350 2567 2730 2632 Antiquissima

262 2664 419 2707 autem
456 2658 713 2721 scriptura
750 2655 937 2722 pulcra
963 2661 1017 2705 et
1040 2655 1276 2721 elegans,
1313 2671 1487 2720 neque
1523 2659 1774 2705 accentus
1812 2660 1988 2720 neque
2025 2657 2239 2719 spiritus
2276 2656 2466 2719 habet3
2505 2656 2726 2704 formam

262 2761 375 2794 vero
406 2744 673 2793 literarum
699 2743 817 2792 cod.
843 2742 903 2791 B.
932 2748 985 2791 et
1008 2743 1069 2792 A.
1096 2747 1463 2807 repraesentat
1497 2757 1657 2807 quam
1683 2742 2016 2791 simillimam.
2065 2742 2112 2790 A
2137 2743 2307 2806 prima
2329 2757 2491 2791 manu
2517 2742 2728 2790 nonnisi

262 2836 457 2897 puncto,
495 2846 665 2894 eoque
690 2830 803 2879 fere
830 2828 899 2879 ad
924 2830 1154 2879 mediam
1178 2829 1388 2879 literam
1412 2830 1603 2894 posit0,
1642 2831 2135 2894 interpungebatur.
2187 2829 2439 2879 Continet
2467 2831 2548 2878 64.
2586 2830 2728 2879 foliis

262 2919 536 2983 fragmenta
572 2933 600 2966 e
625 2917 660 2966 l.
688 2916 721 2965 1.
747 2917 892 2977 Jobi,
917 2916 1074 2966 Prov.
1100 2916 1318 2965 Ecclae.
1346 2916 1497 2965 Cant.
1526 2916 1583 2965 C.
1613 2916 1736 2981 Sap.
1764 2915 1929 2966 Sirac.
1955 2918 2104 2965 iuxta
2127 2917 2290 2965 LXX.
2321 2916 2724 2977 stichometrice,

264 3010 309 3053 et
341 3004 538 3069 quidem
576 3005 643 3053 ab
684 3004 793 3052 alia
827 3018 987 3052 manu
1025 3004 1241 3068 scripta,
1280 3002 1491 3052 diversa
1528 3018 1658 3052 sane
1697 3004 1764 3053 ab
1803 3018 1868 3053 ea
1906 3018 2044 3068 quae
2081 3004 2145 3053 N.
2181 3003 2242 3051 T.
2281 2998 2508 3067 scripsit.
2558 3004 2623 3051 N.
2661 3002 2723 3050 F.

264 3091 535 3155 fragmenta
573 3090 689 3138 145.
728 3089 870 3139 foliis
908 3088 1283 3152 absolvuntur3
1323 3089 1517 3139 desunt
1554 3106 1619 3139 ex
1654 3091 1739 3139 89.
1777 3090 1876 3138 Ev.
1916 3104 1958 3138 c.
1987 3104 2032 3137 c.
2069 3088 2181 3137 fere
2218 3090 2331 3151 37.;
2370 3088 2435 3137 de
2475 3090 2555 3137 28.
2595 3104 2639 3136 c.
2679 3104 2723 3136 c.

264 3178 365 3226 Act.
401 3178 506 3225 fere
545 3178 655 3239 10.;
696 3176 763 3225 de
790 3178 872 3225 21.
899 3192 945 3225 c.
972 3191 1016 3225 c.
1042 3176 1144 3239 Ep.
1184 3174 1339 3228 Cath.
1377 3176 1489 3225 fere
1530 3178 1602 3240 7.;
1642 3176 1708 3225 de
1749 3178 1864 3226 100.
1891 3192 1935 3225 c.
1967 3192 2010 3224 c.
2048 3176 2150 3240 Ep.
2181 3174 2334 3224 Paul.
2374 3176 2484 3224 fere
2511 3178 2618 3239 35.;
2659 3176 2724 3223 de

266 3266 337 3312 22.
374 3280 414 3312 c.
452 3279 494 3311 c.
531 3262 701 3328 Apoc.
738 3262 851 3312 fere
888 3263 965 3325 8.;
1001 3263 1059 3311 in
1096 3277 1300 3311 summa
1336 3262 1448 3311 fere
1486 3266 1738 3311 octava
1787 3277 1945 3327 pars
1994 3262 2214 3311 totius
2262 3262 2526 3310 codicis
2562 3262 2625 3309 N.
2662 3262 2722 3309 T.

263 3350 602 3399 intercidit.
666 3348 841 3411 Ordo,
889 3365 987 3413 pro
1025 3350 1291 3398 constanti
1328 3350 1669 3413 antiquorum
1704 3364 1826 3398 mss.
1864 3365 2038 3410 more,
2087 3348 2413 3413 singulorum
2449 3348 2512 3396 L.
2551 3349 2612 3396 L.
2650 3350 2724 3397 ita

264 3437 523 3501 dispositus
561 3436 727 3485 fuisse
764 3436 993 3498 videtur,
1031 3440 1091 3484 ut
1125 3435 1405 3500 Epistulae
1444 3435 1754 3485 Catholicae
1792 3436 1928 3485 Acta
1963 3436 2064 3501 Ap.
2103 3437 2422 3499 exceperint.
2484 3437 2725 3485 Patria

264 3523 413 3572 codici
449 3522 505 3571 C.
545 3521 735 3571 eadem
771 3538 887 3571 cum
925 3522 1189 3571 Vaticano
1228 3526 1281 3571 et
1316 3522 1675 3572 Alexandrino
1712 3524 1814 3572 fuit
1849 3523 2225 3587 Aegyptus.
2283 3522 2363 3571 Cf.
2400 3523 2468 3571 D.
2509 3522 2719 3583 Schulz,

264 3610 382 3674 disp.
418 3609 481 3658 de
518 3609 635 3658 cod.
676 3608 830 3657 Cant.
878 3626 929 3673 p.
968 3611 1016 3657 5.
1066 3608 1441 3671 Tischendorf,
1481 3610 1563 3658 ed.
1600 3610 1733 3674 prol.
1784 3626 1834 3673 p.
1876 3612 1956 3658 17.
2016 3609 2179 3658 Aetas
2228 3609 2438 3658 Codicis
2487 3609 2721 3674 undique

261 3697 493 3760 probatur
528 3696 877 3760 antiquior
913 3694 1074 3744 Alex
1090 3695 1392 3757 andrin0‚
1432 3701 1593 3761 atque
1631 3712 1751 3745 cum
1787 3696 1877 3745 ille
1903 3695 2270 3745 verosimiliter
2293 3696 2508 3745 saeculo
2537 3696 2720 3759 quinto

262 3784 319 3831 sit
340 3788 589 3844 exaratus,
636 3782 803 3831 codex
829 3782 887 3831 C.
917 3781 1103 3832 eodem
1139 3783 1358 3831 ineunte
1383 3784 1607 3848 scriptus
1634 3785 1820 3833 merito
1859 3782 2098 3833 habetur.
2137 3784 2266 3831 Post
2288 3784 2347 3831 P.
2374 3781 2718 3844 Allixium‚

261 3870 335 3917 cui
368 3870 583 3919 debetur
629 3870 800 3934 prima
849 3870 1265 3933 fragmentorum
1311 3875 1609 3919 nostrorum
1656 3872 1863 3931 notitia,
1917 3869 2252 3919 contulerunt
2287 3874 2340 3917 et
2374 3870 2723 3934 inspexerunt

261 3956 474 4005 codicem
511 3955 655 4004 hunc
688 3957 739 4005 J.
767 3956 1089 4005 Boivinus
1116 3984 1181 3991 —
1208 3958 1358 4005 cuius
1395 3958 1633 4007 meminit
1669 3958 1730 4005 B.
1769 3958 2002 4020 Lamy,
2041 3972 2162 4021 app.
2203 3955 2404 4004 Comm.
2441 3957 2497 4003 in
2533 3956 2716 4004 Harm.

259 4060 303 4107 p.
338 4045 445 4093 656.
470 4071 537 4078 -
562 4042 615 4093 J.
641 4043 693 4092 J.
718 4044 1157 4104 Wetstenius,
1196 4072 1262 4079 —
1286 4044 1495 4109 Proleg.
1532 4046 1573 4105 I,
1612 4046 1697 4093 27.
1735 4060 1776 4093 s.
1804 4073 1869 4080 —
1894 4044 2175 4092 Lessius
2203 4071 2268 4078 —
2293 4043 2588 4103 Michaelis,
2628 4042 2717 4091 Or.

260 4129 378 4178 Bibl.
404 4130 493 4191 IX,
522 4132 638 4179 142.
660 4158 727 4165 -
748 4129 1141 4192 Griesbach,
1168 4158 1235 4165 —-
1256 4130 1434 4195 Symb.
1461 4132 1571 4180 crit.
1599 4131 1670 4180 ad
1696 4130 1866 4196 suppl.
1895 4134 1948 4179 et
1973 4146 2103 4180 corr.
2131 4145 2239 4178 var.
2266 4130 2330 4179 N.
2361 4130 2420 4177 T.
2447 4129 2566 4178 lect.
2597 4128 2716 4177 coll.

259 4216 445 4265 accedit
478 4216 763 4266 multorum
800 4217 916 4265 cod.
942 4232 1017 4281 gr.
1046 4218 1291 4281 descript.
1330 4222 1383 4266 et
1416 4232 1585 4267 exam.
1611 4217 1737 4266 Hal.
1767 4218 1918 4266 1785.
1944 4218 1986 4278 Ι,
2013 4218 2060 4265 4.
2089 4234 2130 4265 s.
2157 4244 2224 4251 —-
2250 4222 2410 4281 atque
2449 4215 2614 4263 Scho
2631 4215 2716 4275 lz,

258 4302 380 4351 Prol.
415 4304 477 4352 N.
504 4304 566 4352 T.
593 4304 636 4365 I,
676 4305 759 4353 39.
809 4304 1037 4353 Inducta
1075 4303 1437 4364 Giobertiana,
1479 4318 1639 4369 quam
1676 4303 1951 4369 adpellant
1985 4305 2214 4353 tinctura
2254 4303 2312 4352 C.
2338 4304 2538 4364 Hase,
2577 4301 2714 4351 Bibl.

259 4391 365 4453 imp.
402 4389 433 4438 l.
458 4404 579 4439 mss.
606 4390 729 4439 Par.
766 4406 1004 4439 conserv.
1042 4390 1213 4439 multa
1248 4390 1378 4440 folia
1414 4392 1483 4440 ad
1520 4391 1816 4440 claritatem
1853 4392 2150 4454 revocavit3
2191 4404 2328 4454 quae
2365 4388 2447 4438 Fl.
2483 4389 2715 4451 Fleck,

260 4474 390 4525 Stud.
424 4493 475 4525 u.
526 4478 662 4526 Krit.
703 4478 863 4539 1841,
916 4479 1029 4527 126.
1078 4492 1189 4542 seq.
1240 4479 1441 4543 primus
1492 4494 1559 4527 ex
1610 4483 1763 4543 parte
1818 4478 2164 4538 examinavit,
2221 4480 2389 4525 totum
2437 4475 2612 4526 denuo
2662 4482 2717 4527 et

260 4568 487 4613 accurate
521 4564 729 4614 iteratis
766 4564 907 4613 curis
944 4565 1095 4628 emit,
1131 4565 1394 4629 tractavit,
1432 4564 1730 4630 descripsit,
1769 4563 2085 4629 demumque
2122 4563 2288 4613 edidit
2323 4562 2382 4613 C.
2408 4563 2715 4614 Tischen-
