3309 5300
570 411 699 474 136
1300 422 1533 463 Comment.
1566 422 1617 464 de
1647 423 1690 463 S.
1711 423 1869 473 Script.
1901 433 1994 473 cap.
2025 433 2112 462 sec.
2141 423 2268 463 tra-ct.
2295 420 2331 463 Ι.

609 722 667 800 ξ.
714 721 816 786 59.
875 717 1369 782 Variantium
1425 719 1505 781 in
1550 717 1814 781 Textu
1862 716 2104 782 Sacro
2151 717 2584 803 Utriusque
2630 715 3025 780 Foederis

1384 831 1823 895 lectionum
1871 831 2244 915 origines.

779 1049 882 1109 Qui
924 1051 979 1097 in
1014 1050 1209 1099 criticis
1246 1049 1435 1098 studiis
1472 1049 1682 1098 biblicis
1721 1064 1935 1114 operam
1973 1063 2124 1099 suam
2162 1053 2306 1097 recte
2343 1048 2610 1097 collocare
2645 1048 2848 1110 volunt,
2885 1050 2954 1096 iis
3005 1061 3078 1096 ea

567 1137 817 1200 imposita
854 1141 935 1186 est
976 1138 1296 1200 necessitas3
1351 1141 1410 1185 ut
1458 1141 1581 1185 ante
1642 1137 1821 1185 omnia
1873 1135 1981 1197 „de
2030 1137 2333 1184 veritate
2382 1135 2749 1185 lectionis“
2802 1135 3070 1184 iudicent.

568 1223 784 1272 Etenim
825 1238 943 1271 cum
980 1229 1039 1272 ut
1074 1225 1263 1272 iterum
1301 1224 1597 1288 iterumque
1638 1225 1748 1272 iam
1790 1224 2088 1272 monuimus
2124 1239 2176 1272 v.
2216 1239 2265 1288 p.
2305 1224 2438 1286 133.‚
2493 1223 2669 1272 Libris
2707 1223 2922 1272 Divinis
2959 1223 3070 1271 iste

574 1310 786 1378 quidem
825 1325 981 1360 casus
1032 1326 1152 1358 cum
1190 1310 1308 1360 aliis
1358 1312 1650 1365 communis
1701 1312 1795 1360 sit:
1845 1315 1904 1358 ut
1940 1310 2210 1359 hominum
2257 1310 2387 1373 vitio
2429 1313 2831 1374 temporumque
2869 1310 3078 1358 iniuria

572 1396 852 1461 paullatim
890 1397 1071 1462 aliqua
1106 1397 1299 1446 menda
1335 1399 1721 1461 contraxerint;
1772 1396 1886 1447 fieri
1923 1396 2076 1447 aliter
2122 1412 2230 1445 non
2266 1400 2468 1461 potest,
2518 1411 2676 1460 quam
2725 1401 2788 1445 ut
2822 1401 3076 1446 veterum

573 1482 935 1548 exemplorum
972 1482 1100 1546 fide,
1139 1485 1303 1532 verba
1338 1483 1840 1549 Hagiographorum
1876 1485 2145 1548 primitiva
2187 1488 2442 1548 quantum
2484 1488 2661 1548 potest
2703 1485 3075 1533 restituantur.

578 1569 808 1634 Operam
843 1571 1024 1634 itaque
1050 1569 1280 1619 Criticae
1318 1573 1462 1619 circa
1485 1571 1798 1620 varietatem
1833 1563 2080 1618 lectionis
2109 1571 2586 1632 commonstraturi,
2625 1570 2755 1635 quid
2779 1571 2938 1620 nobis
2964 1571 3074 1619 isto

572 1658 753 1706 veniat
789 1658 1019 1719 nomine,
1061 1657 1469 1707 describendum
1507 1659 1619 1706 erit.
1676 1658 1880 1705 Latiori
1917 1671 2080 1706 sensu
2116 1658 2328 1706 nomine
2370 1659 2770 1718 „Varietatis
2807 1658 3074 1706 Lectio—

574 1745 693 1806 nis,
731 1745 1074 1792 Variarum
1112 1745 1552 1805 Lectionum,
1599 1744 2066 1792 Variantium“
2108 1743 2366 1808 adpellari
2411 1749 2659 1808 possunt:
2711 1758 3075 1808 quaecunque

574 1832 733 1880 etiam
782 1830 929 1880 leves
978 1833 1032 1879 in
1076 1831 1297 1880 diversis
1354 1830 1629 1880 codicibus
1682 1834 1970 1880 occurrunt
2017 1832 2318 1895 scriptionis
2368 1832 2822 1892 mutationes,
2875 1829 3076 1878 calami

572 1918 795 1966 errantis
835 1918 983 1966 vitia.
1038 1919 1111 1966 Et
1148 1931 1277 1966 sane
1314 1916 1417 1965 hac
1453 1916 1864 1982 significatione,
1903 1919 2133 1966 maxima
2171 1933 2235 1966 ex
2283 1922 2451 1981 parte,
2502 1920 2772 1966 variantes
2807 1916 3075 1966 lectiones

577 2019 609 2052 a
646 2003 887 2068 plurimis
924 2005 1213 2052 earundem
1251 2003 1624 2053 collectoribus
1663 2008 1914 2069 acceptas
1950 2005 2144 2068 fuisse3
2195 2004 2281 2053 vel
2324 2006 2458 2070 ipsa,
2501 2020 2640 2070 quae
2684 2021 2828 2054 nunc
2873 2008 3068 2066 exstat,

574 2090 785 2139 illarum
834 2091 1047 2155 farrago
1095 2090 1393 2139 luculenter
1441 2090 1613 2140 docet.
1673 2091 1844 2141 Nemo
1896 2096 2074 2140 autem
2122 2107 2230 2140 non
2265 2092 2435 2154 videt,
2488 2091 2631 2156 quod
2681 2092 2916 2141 admissa
2965 2090 3072 2139 hac

572 2178 805 2238 notione,
854 2178 1172 2226 variantium
1213 2193 1463 2226 numerus
1500 2179 1557 2226 in
1594 2177 1856 2226 infinitum
1895 2183 2130 2243 crescat3
2180 2182 2234 2228 et
2277 2178 2361 2228 vel
2405 2179 2690 2228 manifesta
2725 2178 3071 2228 librariorum

575 2269 765 2326 errata,
792 2266 848 2312 in
874 2264 1201 2314 diversarum
1226 2264 1513 2313 lect10num
1540 2279 1758 2313 censum
1790 2267 2023 2314 veniant.
2073 2265 2217 2314 Hinc
2241 2279 2402 2315 sensu
2429 2266 2705 2315 strictiori:
2745 2280 2840 2314 eae
2873 2264 3074 2313 solum-

571 2351 728 2400 modo
756 2351 1216 2414 differentiae,
1257 2367 1421 2416 quae
1459 2367 1692 2402 sensus
1728 2352 2042 2401 adferunt
2067 2352 2550 2415 diversitatem,
2587 2368 2783 2402 nomen
2811 2352 3074 2411 „Varie-

571 2443 677 2487 tas
726 2438 1099 2487 Lectionis“
1154 2443 1409 2502 meretur3
1461 2443 1513 2488 et
1562 2454 1701 2504 quae
1752 2455 1780 2488 e
1827 2439 2088 2504 probatae
2141 2441 2262 2489 fidei
2309 2441 2536 2490 testibus
2581 2439 2790 2501 hausta,
2840 2439 3076 2488 lectores

578 2527 791 2574 omnino
832 2526 1021 2575 dubios
1060 2525 1124 2574 de
1163 2541 1324 2575 sensu
1362 2526 1413 2576 S.
1454 2525 1505 2575 S.
1543 2527 1723 2575 facere
1760 2528 1888 2591 quit.

780 2613 906 2662 Jam
942 2629 1067 2663 vero
1104 2614 1471 2664 Varietatis
1509 2613 1682 2676 huius,
1719 2618 1779 2663 ut
1815 2618 2068 2664 accurata
2105 2614 2462 2665 consideratio
2501 2614 2730 2677 docebit,
2767 2619 2907 2664 tres
2947 2619 3075 2665 sunt

575 2702 864 2767 praecipue
900 2701 1164 2750 fontes:
1216 2701 1255 2749 I.
1295 2703 1427 2750 meri
1462 2703 1886 2765 scriptionis
1935 2716 2234 2764 errores,
2284 2702 2355 2751 11.
2393 2702 2574 2752 falsa
2620 2703 3076 2753 librariorum

573 2788 855 2848 iudicia,
893 2787 991 2836 III.
1028 2787 1647 2857 malevolum-Textus
1688 2788 2169 2854 corrumpendi
2204 2787 2504 2838 studium.
2561 2788 2683 2839 Sive
2720 2789 2898 2838 adhuc
2939 2789 3074 2838 dilu-

580 2874 751 2931 cidius
799 2874 1096 2939 loquendo:
1154 2889 1337 2923 omnes
1388 2875 1752 2924 aberrationes
1789 2874 1876 2923 vel
1913 2889 2067 2923 casu
2107 2879 2256 2923 ortae
2303 2876 2433 2937 sint,
2482 2875 2569 2924 vel
2605 2876 2924 2926 consilio.
2992 2876 3075 2924 Ad

575 2963 853 3026 primum
902 2961 1221 3009 variantium
1259 2960 1547 3010 lectionum
1584 2961 1801 3023 fontem,
1851 2962 1942 3026 qui
1978 2960 2236 3010 latissime
2272 2966 2436 3027 patet,
2489 2962 2632 3027 quod
2670 2964 2860 3012 attinet
2909 2966 3073 3027 atque

575 3050 733 3097 meris
782 3049 1085 3112 scriptionis
1136 3049 1403 3097 erroribus
1454 3049 1782 3110 continetur,
1835 3052 1940 3098 est:
1999 3050 2063 3097 in
2099 3049 2438 3110 librariis,
2489 3065 2861 3113 eorumque
2898 3050 3070 3098 osci-

583 3136 799 3183 tantia
837 3140 890 3183 et
926 3137 1234 3185 attentionis
1274 3136 1600 3185 remissione.
1662 3136 1894 3185 Librarii
1934 3136 2238 3198 omittendO,
2279 3135 2542 3198 addendo,
2581 3135 2981 3201 transponendo
3019 3142 3074 3183 et

578 3221 929 3287 permutando
958 3222 1158 3283 literas,
1196 3226 1410 3287 puncta,
1447 3223 1786 3286 integrasque
1821 3238 1999 3284 voces,
2035 3224 2170 3271 vitia
2204 3223 2434 3273 intulere
2459 3224 2651 3273 Textui
2679 3224 2742 3273 S..
2758 3224 2990 3288 plurima
3014 3228 3068 3271 et

578 3308 749 3358 locum
798 3310 1044 3357 varietati
1092 3308 1338 3358 lectionis
1388 3309 1591 3372 fecere:
1646 3308 1702 3357 id
1751 3308 1895 3374 quod
1943 3315 2147 3358 mature
2201 3310 2402 3359 factum
2452 3326 2483 3359 e
2532 3311 2784 3359 Veterum
2831 3311 3072 3359 unanimi

577 3398 880 3446 testimonio
920 3400 1143 3445 constat.
1200 3396 1356 3445 Unde
1394 3410 1548 3443 casu
1586 3396 1846 3445 accidisse
1886 3396 2137 3445 dicimus:
2187 3398 2583 3446 varietatem
2622 3412 2868 3446 omnem
2904 3410 3070 3461 quae

578 3484 665 3532 fit
701 3499 843 3531 cum
880 3483 1220 3532 librarius
1248 3511 1314 3519 —
1340 3498 1436 3547 per
1473 3498 1655 3532 curam
1691 3484 1744 3531 in
1783 3498 1868 3533 res
1908 3496 1972 3531 ac
2009 3499 2118 3532 non
2153 3485 2210 3532 in
2246 3485 2414 3533 verba
2449 3498 2774 3545 conversam,
2827 3484 3070 3547 adeoque

577 3552 1180 3631 festinationem,⁸cuius
1218 3572 1448 3619 maxima
1482 3571 1567 3621 vis
1604 3575 1700 3620 est.
1732 3598 1792 3607 --
1825 3569 2118 3631 labitur,
2157 3586 2282 3619 nec
2317 3570 2568 3635 lapsum
2603 3570 2817 3620 lituram
2853 3570 3070 3635 fugiens

580 3658 871 3722 corrigit.
924 3657 1201 3706 Facillime
1239 3662 1419 3707 autem
1454 3658 1788 3719 memoria,
1830 3657 1970 3707 oculi
2009 3656 2091 3705 vel
2131 3658 2292 3705 etiam
2329 3672 2501 3719 aures,
2541 3672 2660 3706 cum
2695 3656 2834 3705 male
2871 3657 3072 3721 excipit

577 3744 844 3806 librarius,
884 3760 1021 3809 quae
1047 3760 1155 3793 non
1182 3746 1310 3793 satis
1338 3743 1621 3793 articulata
1644 3760 1779 3793 voce
1810 3745 2011 3793 dictata
2034 3744 2253 3793 fuerunt
2288 3746 2356 3793 ab
2395 3744 2579 3807 altem,
2617 3743 2754 3793 male
2788 3744 3070 3809 intelligit3

580 3831 767 3880 alienis
804 3832 963 3881 rebus
1000 3832 1257 3891 feruntur,
1299 3835 1352 3879 et
1388 3846 1421 3878 a
1445 3833 1717 3896 proposito
1759 3833 1919 3881 verbo
1948 3835 2276 3880 avertuntur.
2325 3832 2408 3880 De
2437 3831 2518 3881 his
2545 3832 2760 3895 copiose
2787 3836 2841 3881 et
2865 3832 3072 3881 erudite

582 3924 827 3983 egerunt:
876 3919 1071 3979 Bauer,
1112 3918 1311 3967 Critica
1348 3916 1399 3967 S.
1438 3935 1488 3983 p.
1531 3920 1644 3968 168.
1683 3934 1725 3967 s.
1786 3918 2007 3983 Bengel,
2045 3918 2352 3983 Apparatus
2394 3919 2608 3967 criticus
2645 3917 2715 3967 ad
2751 3919 2814 3966 N.
2854 3919 2918 3967 Τ.
2957 3934 3073 3968 cur.

580 4005 676 4053 Ph.
704 4006 770 4053 D.
798 4006 1016 4054 Burkio.
1042 4005 1179 4054 Tub.
1211 4007 1360 4054 1763.
1386 4022 1438 4069 p.
1469 4008 1565 4067 13„
1606 4007 1698 4070 qui
1735 4020 1863 4069 prae
1896 4004 2012 4055 aliis
2047 4004 2254 4055 consuli
2281 4009 2563 4054 merentur.
2614 4004 2694 4053 Of.
2723 4021 2768 4053 e.
2793 4005 2846 4054 J.
2871 4004 3074 4054 Macie-

574 4091 789 4155 jowsky
826 4092 877 4141 S.
915 4092 985 4153 J.,
1025 4091 1223 4140 Critica
1260 4092 1630 4141 Hebraeorum
1668 4090 1720 4140 S.
1756 4091 1988 4139 Wirceb.
2019 4092 2170 4140 1761.
2233 4092 2300 4141 Η.
2341 4090 2393 4140 S.
2430 4091 2680 4153 Reimari,
2719 4092 2844 4141 diss.
2869 4091 2972 4139 111.
3011 4092 3074 4141 de

584 4178 893 4229 differentiis
930 4195 1123 4227 vocum
1170 4179 1572 4240 Hebraicarum,
1620 4179 1678 4227 in
1715 4177 2099 4238 Rosenmiiller‚
2148 4178 2439 4227 Comment.
2477 4176 2638 4227 theol.
2674 4178 2745 4227 II.
2784 4182 2834 4241 2,
2872 4181 2996 4229 207.
3034 4196 3075 4229 s.

579 4266 631 4315 J.
670 4265 741 4315 M.
779 4266 957 4328 Fabri,
996 4283 1074 4330 pr.
1111 4266 1182 4315 ΙΙ.
1222 4267 1417 4331 quibus
1456 4265 1753 4315 ostenditur
1787 4264 1986 4325 literas,
2026 4264 2150 4313 olim
2186 4279 2282 4330 pro
2319 4265 2543 4313 vocibus
2580 4266 2636 4313 in
2671 4267 3006 4316 numerando
3043 4282 3078 4316 a

583 4353 931 4417 scriptoribus
968 4353 1033 4401 V.
1070 4353 1131 4401 Τ.
1172 4368 1288 4402 esse
1327 4352 1607 4401 adhibitas.
1643 4352 1723 4401 Ib.
1762 4368 1814 4416 p.
1851 4351 1968 4399 314.
2005 4366 2046 4399 s.
2101 4350 2325 4411 Reinke,
2363 4350 2397 4399 l.
2437 4364 2478 4399 s.
2517 4366 2564 4399 c.
2601 4352 2720 4413 VII,
2760 4354 2845 4402 57.
2883 4368 2927 4402 S.

792 4438 975 4488 Altera
999 4440 1272 4489 varietatis
1308 4438 1495 4488 classis
1534 4442 1641 4487 est:
1683 4453 1822 4503 quae
1859 4454 1888 4486 e
1924 4436 2120 4487 falsis
2155 4436 2430 4496 iudiciis
2468 4453 2651 4487 eorum
2690 4444 2809 4488 orta
2847 4445 2948 4502 est,
2987 4442 3076 4505 qui

585 4524 797 4574 codices
835 4525 1243 4588 descripserunt.
1292 4524 1493 4589 Utpote
1530 4539 1563 4573 a
1598 4524 1846 4587 librariis,
1884 4525 1974 4588 qui
2012 4539 2108 4573 suo
2137 4524 2336 4596 iudicio
2372 4528 2571 4573 temere
2596 4525 2666 4574 ad
2704 4528 3076 4591 corrigendum

584 4613 809 4668 Textum
846 4611 1271 4685 impellebantur,
1309 4611 1364 4660 hi
1390 4613 1529 4660 enim
1556 4611 1818 4667 interdum
1856 4627 1885 4660 e
1922 4610 2096 4660 locis
2135 4610 2536 4683 parallelis,
2577 4628 2717 4687 quae
2745 4613 3072 4682 obscuriora,
