3309 5300
592 445 716 515 164
1300 456 1534 504 Οοπιῐιιθηίι.
1565 457 1618 504 de
1646 463 1692 504 S.
1715 451 1872 514 Scrinia.
1903 469 1997 514 cap.
2027 469 2114 505 sec.
2143 459 2272 505 tract.
2301 457 2359 504 11.

587 762 797 838 §.752
857 757 1428 821 Enumerantur
1474 756 1876 821 editiones
1922 759 2133 843 typis
2181 757 2646 843 descriptae
2695 764 2819 818 τῶν
2858 755 3082 820 LXX.

794 972 1083 1026 Editionee
1124 971 1395 1026 Ver-sionis
1422 970 1529 1025 τῶν
1563 971 1744 1026 LXX.
1784 971 2188 1041 principes,
2233 973 2376 1026 unde
2403 972 2646 1042 reliquae
2675 989 2854 1026 omnes
2882 989 3085 1024 mana-

587 1083 738 1146 runt,
784 1072 910 1130 cunt
954 1093 1175 1130 numero
1220 1081 1481 1145 quatuor:
1550 1073 2078 1145 Complutencis,
2144 1047 2421 1146 Veneta,
2469 1075 2773 1130 Romana
2815 1081 2865 1128 et
2910 1074 3087 1128 Oxo·

588 1181 875 1237 niensis.
946 1200 1002 1237 a.
1046 1178 1554 1249 Complutensie
1608 1197 1662 1234 a.
1710 1181 1898 1236 1517.
1951 1181 2051 1232 sub
2108 1180 2376 1250 auspiciis
2441 1177 2502 1236 O.
2546 1179 2792 1232 Ximenii
2837 1179 3083 1248 prodiit,

588 1285 765 1338 mixta
802 1285 1017 1354 partim
1062 1301 1088 1337 e
1132 1283 1347 1351 LXX.;
1387 1283 1593 1352 partim
1636 1300 1704 1336 ex
1747 1283 1999 1355 Oriqenie
2030 1283 2422 1338 additamentis
2430 1301 2452 1351 ;
2491 1284 2700 1353 partim
2730 1299 2797 1336 ex
2825 1282 3083 1352 Aquilae,

590 1387 900 1460 Symmachi
943 1387 1279 1458 aliorumque
1309 1387 1661 1458 interpretum
1690 1387 1798 1440 imo
1838 1394 1887 1441 et
1917 1394 2388 1442 commentatorum
2431 1405 2747 1460 qraecorum
2791 1387 2989 1454 verbis,
3036 1391 3088 1438 et

588 1494 710 1547 ideo
753 1491 1051 1562 plurimum
1104 1489 1325 1544 Oriticie
1370 1489 1674 1559 displicuit.
1731 1491 1987 1546 Editoree
2029 1491 2158 1561 ipsa
2202 1492 2540 1562 exemplaria
2583 1509 2694 1545 non
2721 1489 2806 1544 ita
2835 1490 3084 1544 delinea-

588 1603 795 1666 verunt,
840 1602 899 1650 ut
933 1597 996 1650 de
1025 1595 1245 1649 illorum
1292 1594 1615 1649 auctoritate
1661 1595 1958 1665 quidquam
2003 1594 2250 1649 iudicari
2284 1597 2481 1665 possit.
2553 1593 2890 1664 Carpuntur,
2937 1594 3086 1664 quod

588 1701 890 1774 qlorientur
934 1701 1001 1754 de
1044 1696 1447 1766 vetustiseimi3;
1491 1703 1541 1752 et
1586 1699 1816 1769 antiqua
1863 1707 1912 1753 et
1957 1705 2196 1752 correcta
2239 1717 2372 1754 eane
2413 1700 2487 1753 iis
2530 1717 2639 1753 non
2684 1700 2944 1754 deerant:
2986 1699 3083 1751 sed

588 1824 735 1859 vana
768 1812 842 1860 eet
870 1804 1125 1875 suspicio,
1172 1804 1401 1859 editores
1428 1803 1557 1858 illoc
1600 1803 1939 1873 exemplaria
1978 1821 2083 1856 sua
2111 1810 2320 1858 vetusta
2351 1821 2475 1858 mse.
2539 1803 2738 1856 Textus
2769 1802 2976 1857 Graeci
3005 1803 3080 1855 ad

590 1908 919 1964 Hebraicum
965 1915 1014 1962 et
1054 1907 1345 1980 Vulgatam
1385 1908 1674 1963 immutare
1715 1925 1824 1960 non
1867 1925 2143 1961 recusae-se
2189 1907 2242 1962 V.
2263 1925 2325 1978 p.
2357 1909 2491 1961 125.
2544 1905 2692 1961 Certe
2721 1907 2875 1974 lima,
2913 1924 3076 1976 quam

594 2013 791 2068 Textue
826 2030 1033 2082 passus
1064 2011 1281 2081 fuisset,
1336 2012 1524 2064 merito
1568 2011 1968 2081 reprobaretur.
2034 2011 2218 2066 Ver-sio
2263 2012 2476 2065 Latina
2519 2011 2706 2083 qraeci
2756 2011 2952 2063 Textus
3004 2011 3077 2063 ad

588 2119 803 2172 verbum
838 2116 1018 2185 facta,
1062 2115 1204 2168 inter
1245 2116 1419 2169 lineas
1449 2115 1656 2170 inserta
1703 2121 1794 2172 est.
1855 2115 1997 2169 Eam
2045 2114 2331 2169 editionem
2374 2121 2620 2185 repetunt
2663 2115 2756 2168 Po
2773 2115 3075 2186 lyqlotta

597 2220 1126 2290 Antverpieneia
1174 2225 1222 2274 et
1254 2219 1728 2287 Parisieneia;
1772 2225 1930 2289 atque
1967 2219 2166 2274 Theilii
2195 2225 2242 2272 et
2271 2218 2481 2288 Stierii,
2513 2237 2633 2271 cum
2654 2218 2919 2288 plurimis
2947 2237 3076 2272 eane

591 2325 818 2380 mendis.
894 2324 1152 2377 Proxime
1208 2322 1624 2394 Complutensem
1689 2330 1873 2377 secuta
1917 2331 1994 2379 est
2038 2325 2086 2376 b.
2129 2322 2385 2376 Aldina
2446 2341 2540 2377 seu
2599 2323 2763 2377 editio
2833 2323 3076 2376 Veneta

589 2449 641 2484 a.
676 2431 863 2484 1518.
922 2427 1154 2483 Venetiie
1196 2427 1255 2480 in
1300 2429 1528 2482 aedibus
1572 2427 1708 2481 Aldi
1751 2428 2016 2495 Manutii,
2075 2427 2170 2497 qui
2215 2427 2414 2499 procul
2472 2427 2638 2481 dubio
2697 2427 3075 2496 manuscripta

587 2534 710 2602 illa,
769 2550 992 2603 quorum
1043 2531 1246 2602 paucis
1305 2532 1586 2602 praefatio
1638 2532 1972 2602 mondoum,
2021 2531 2176 2600 facit
2236 2531 2598 2602 conquisierat
2608 2549 2631 2599 ;
2689 2532 2759 2584 ab
2804 2531 3074 2584 Andr-ea

587 2636 808 2694 Ausul
818 2656 853 2691 a
871 2655 948 2691 no
1010 2654 1189 2691 socero
1232 2655 1329 2690 suo
1388 2654 1585 2692 excusa
1648 2643 1698 2691 et
1747 2635 2210 2707 publicata‘fuit.
2292 2634 2654 2707 Complutenei
2685 2635 2915 2706 purior,
2981 2635 3076 2689 eed

586 2744 737 2797 haud
781 2744 851 2797 ab
896 2741 1045 2795 omni
1085 2742 1425 2795 admixtione
1467 2743 1746 2795 verborum
1800 2740 2176 2796 Theodotionis
2221 2740 2396 2795 libera
2440 2759 2550 2795 esee
2595 2748 2853 2796 censetur.
2925 2740 3075 2803 Quae

590 2866 632 2902 c.
682 2846 1029 2901 Vaticana
1075 2844 1306 2913 dicitur,
1373 2863 1466 2899 eeu
1512 2844 1842 2911 Romana,
1913 2846 2174 2899 mandato
2216 2844 2314 2899 Pii
2371 2845 2430 2900 V.
2487 2850 2536 2899 et
2593 2844 2858 2917 Greqorii
2901 2844 3071 2899 XIII.

590 2949 933 3005 Summorum
976 2948 1301 3019 Pontificum
1347 2948 1647 3017 elaborata,
1702 2948 1856 3001 iussu
1899 2955 1950 3003 et
1992 2948 2318 3004 auctoritate
2362 2946 2548 3003 Sixti
2604 2949 2662 3005 V.
2708 2949 2871 3003 Pont.
2916 2948 3074 3002 Max.

587 3086 673 3095 ——-
717 3056 813 3125 qui
856 3073 973 3108 cum
1028 3054 1207 3107 adbuc
1265 3051 1584 3107 Cardinalis
1617 3052 1785 3122 foret,
1832 3070 1966 3123 opus
2008 3054 2328 3108 vehementer
2373 3059 2603 3109 urserat.
2660 3083 2748 3093 —-
2789 3052 3071 3123 publicam

588 3159 757 3212 lucem
812 3158 1089 3227 conspexit
1148 3157 1356 3211 Romae
1424 3175 1491 3211 ex
1550 3156 1944 3229 Typoqrapbia
2009 3158 2076 3217 F.
2125 3158 2350 3213 Zanetti
2409 3176 2552 3211 anno
2616 3154 2830 3212 Salutis
2884 3158 3092 3213 1587:

587 3262 836 3317 Maxime
878 3262 1167 3315 secundum
1213 3261 1489 3331 exemplar
1532 3261 1854 3315 Vaticanum
1901 3262 2016 3317 cod.
2050 3263 2118 3317 Β.
2158 3292 2241 3301 -
2275 3262 2341 3315 de
2385 3279 2488 3332 quo
2527 3261 2638 3315 vid.
2667 3280 2726 3331 p.
2760 3262 2883 3315 112.
2915 3280 2959 3318 e.
2990 3292 3075 3302 —-

586 3383 842 3436 expressa
886 3372 992 3433 ect,·
1036 3383 1155 3419 cum
1200 3365 1383 3418 nullus
1427 3366 1527 3419 illo
1565 3366 1944 3434 praestantior
1987 3372 2116 3419 esset
2159 3368 2426 3435 inventu-³,
2471 3372 2531 3419 ut
2568 3365 2856 3435 praefatio
2886 3366 3069 3435 refert,

586 3488 749 3539 quam
804 3470 1025 3540 ecripeit
1082 3468 1351 3523 Antonius
1398 3468 1697 3538 Garaffa
1760 3468 2082 3523 Cardinalis
2130 3470 2191 3526 S.
2237 3470 2396 3525 Sedis
2439 3468 2544 3541 Ap.
2593 3469 3074 3525 Bibliothecariue.

596 3573 921 3629 Vaticanum
953 3574 1229 3644 exemplar
1262 3576 1472 3652 „quod
1501 3573 1643 3628 eius
1675 3574 1871 3628 valde
1892 3576 2314 3645 probaretur
2347 3574 2734 3629 auctoritae
2764 3574 2844 3627 de
2874 3576 3076 3629 verbo

587 3680 672 3732 ad
724 3672 1053 3747 verbum“,
1119 3678 1297 3757 „niei
1354 3678 1469 3732 ubi
1528 3678 1937 3747 manifestus
1999 3681 2386 3749 apparebat
2446 3678 2732 3733 librarii
2794 3671 3070 3749 lapeue“

584 3788 1040 3853 repraesentatum
1084 3790 1179 3839 eet.
1248 3782 1397 3845 Quae
1454 3800 1575 3835 vero
1620 3784 1921 3863 deeunt‘in
1967 3782 2158 3837 Codice
2215 3783 2503 3853 Vaticano,
2550 3802 2616 3837 ex
2659 3783 2812 3851 aliis,
2860 3784 2958 3853 qui
3001 3784 3078 3837 ad

586 3886 701 3940 eius
769 3892 1079 3941 vetustatem
1140 3886 1293 3958 lonqe
1344 3886 1588 3962 proximi
1632 3887 1923 3941 intervallo
1968 3888 2226 3941 accedunt
2242 3905 2260 3940 .-
2319 3906 2346 3941 e
2390 3888 2548 3941 libris
2597 3885 2654 3945 Ο.
2704 3888 3076 3959 Beeearionie,

587 3988 863 4058 Caraffae,
911 3996 959 4043 et
1002 3990 1281 4045 Mediceae
1314 3991 1682 4045 Bibliothecae
1717 3991 2030 4047 Florentiae
2067 3992 2245 4061 petita
2289 3998 2430 4045 sunt.
2478 3994 2708 4047 Praeter
2756 3992 2815 4048 G.
2873 3992 3080 4062 Caras-

572 4094 720 4164 fam‚
786 4094 877 4147 cui
920 4094 1176 4148 editionis
1238 4102 1285 4147 et
1347 4095 1700 4165 expositionis
1769 4114 1902 4150 cura
1965 4098 2295 4150 demandata
2328 4096 2469 4165 fuit,
2530 4114 2752 4167 operam
2797 4104 3080 4151 navarunt

584 4198 799 4253 diverso
844 4204 1077 4269 tempore
1120 4198 1277 4254 multi
1321 4199 1432 4252 viri
1476 4199 1779 4254 doctissimi
1822 4199 1934 4255 uti:
1983 4200 2138 4259 Guil.
2179 4199 2344 4256 Card.
2391 4201 2437 4255 S
2447 4201 2672 4256 irletu
2685 4220 2729 4271 ε,
2777 4200 2880 4255 Fr.
2919 4201 3009 4255 Tu
3022 4221 3078 4254 r·

581 4303 841 4358 rianue.
878 4302 937 4359 S.
964 4302 1037 4373 J.,
1064 4304 1130 4358 Ε.
1154 4303 1209 4358 S.
1238 4302 1440 4371 Franc.
1479 4304 1762 4373 Toletu⁸‚
1797 4306 2118 4385 Emmanuel
2140 4305 2246 4375 Sa,
2278 4306 2403 4359 Ant.
2429 4305 2690 4377 Ayellius,
2714 4306 2776 4361 J.
2805 4306 3078 4359 Maldo-

582 4413 799 4477 natus,
849 4407 915 4461 P.
960 4406 1287 4475 Morinue,
1334 4398 1405 4461 Β.
1447 4408 1947 4478 Bellarminue,
1994 4408 2062 4465 P.
2116 4408 2454 4463 Giaconue
2497 4410 2736 4479 aliique,·
2780 4428 2914 4481 quos
2945 4428 3074 4464 enu-

582 4518 755 4565 merat
779 4512 975 4564 Petrus
1000 4511 1271 4580 Mor-inus,
1298 4529 1378 4581 ep.
1404 4512 1496 4565 ad.
1523 4509 1668 4569 Sixt.
1708 4512 1766 4568 V.
1800 4514 1866 4569 de
1897 4514 2083 4569 LXX.
2114 4513 2496 4585 interpretibus
2525 4514 2586 4567 in
2619 4513 2720 4569 Gr.
2747 4514 2900 4571 Bibl.
2925 4515 3079 4583 edit„

582 4613 639 4667 in
674 4614 871 4687 Opuec.
922 4621 971 4668 et
1018 4615 1125 4685 Ep.
1164 4616 1226 4670 P.
1260 4616 1475 4670 Morini
1522 4617 1656 4671 Par.
1706 4618 1787 4673 ed.
1834 4617 1890 4671 J.
1925 4616 2127 4686 Quetif.
2179 4618 2239 4672 O.
2291 4618 2382 4671 Pr.
2435 4618 2566 4673 Par.
2603 4620 2792 4675 1675.
2828 4635 2893 4690 p.
2927 4620 3074 4677 308.
