3309 5300
569 392 655 456 82
1192 404 1427 446 Commeat.
1456 403 1510 444 (le
1528 404 1573 445 S.
1594 404 1800 455 scriptor.
1822 415 1916 456 cap.
1937 403 2062 455 prim.
2083 404 2192 446 sect.
2213 403 2269 444 11.
2291 403 2428 444 addit.

568 583 1025 658 Evangeliorum
1047 576 1330 660 ‘supplere
1367 585 1598 643 volente
1637 589 1993 659 congestum,
2042 585 2276 642 resectis
2316 583 2586 659 partibus
2631 557 2856 655 mustis,
2897 583 3064 656 frag-

571 692 835 746 mentum
866 707 1070 762 graece
1100 692 1159 747 et
1187 688 1373 746 latine
1402 689 1477 746 ad
1522 689 1625 746 nos
1655 689 1949 764 perlatum
1987 693 2076 746 est
2099 686 2136 746 1.
2189 689 2285 746 Ad
2331 687 2627 746 saeculum
2671 689 3068 746 secundum

568 792 743 870 idque
787 792 909 851 fere
945 794 1221 866 medium,
1259 794 1562 852 referenda
1604 798 1746 851 sunt
1773 813 2000 872 quoque
2042 794 2224 850 Acta
2263 792 2519 850 Pilati.
2566 793 2810 849 Praeter
2855 791 3062 850 Evan-

568 895 911 970 gelistarum
952 899 1317 956 narrationes
1357 898 1427 956 de
1472 900 1754 974 passione,
1808 903 1994 956 morte
2040 902 2099 955 et
2137 897 2558 958 resurrectione
2604 896 2846 967 Christi,
2896 896 3061 954 haud

573 1003 788 1075 exiguo
818 1001 961 1059 olim
989 1004 1056 1060 in
1086 1023 1199 1060 usu
1227 1003 1473 1061 fuerunt
1501 1001 1681 1060 etiam
1711 1002 2050 1060 testimonia
2079 1021 2154 1059 ex
2184 1001 2350 1059 Actis
2380 1001 2582 1072 Pilati,
2616 1020 2766 1079 quae
2797 1005 2998 1058 tamen
3031 1019 3069 1056 a

568 1107 805 1181 scriptis
858 1107 1089 1164 iudici
1105 1107 1286 1164 ariis
1332 1127 1510 1185 quam
1558 1107 1881 1183 plurimum
1925 1109 2262 1166 abhorrent.
2327 1103 2730 1181 Reperiuntur
2773 1107 2842 1162 in
2887 1104 3062 1175 libro,

570 1209 673 1287 qui
726 1231 885 1269 nunc
935 1211 1250 1286 Evangelii
1295 1213 1473 1270 Nico
1488 1212 1673 1270 demi
1693 1207 1740 1283 2,
1791 1211 2050 1289 antiquis
2095 1213 2324 1285 ignoto,
2381 1211 2618 1269 nomine
2668 1210 3000 1284 insignitur
3021 1206 3068 1264 3.

569 1313 697 1376 Quo
735 1319 891 1373 enim
933 1315 1107 1374 titulo
1146 1316 1303 1391 apud
1333 1316 1570 1374 Veteres
1618 1321 1824 1374 notum
1867 1316 2068 1387 fuerit,
2113 1334 2230 1373 non
2275 1319 2526 1385 constat3
2577 1319 2707 1390 post
2751 1313 2952 1372 Caroli
2981 1314 3065 1370 M.

569 1420 804 1477 demum
834 1425 1099 1496 tempora
1130 1421 1463 1494 ,Evangelii
1494 1421 1822 1479 Nicodemi‘
1856 1420 2170 1497 adpellatio
2201 1419 2458 1478 occurrit
2473 1418 2519 1478 4.

781 1661 818 1726 1)
857 1661 1045 1712 Plures
1080 1662 1291 1711 interim
1325 1657 1491 1712 libros
1533 1662 1630 1722 „de
1668 1662 1898 1712 infantia
1935 1661 2260 1711 Salvatoris“
2303 1663 2590 1710 etiamnum
2625 1660 2682 1709 in
2719 1658 3065 1709 bibliothecis

568 1748 735 1798 latere
784 1749 1028 1815 perhibet
1073 1749 1256 1812 Thilo,
1314 1748 1495 1798 Codex
1540 1749 1878 1814 apocryphus
1927 1750 1992 1799 N.
2043 1749 2104 1798 Τ.
2153 1748 2288 1814 prol.
2336 1765 2388 1814 p.
2428 1746 2568 1810 CV.,
2623 1763 2654 1797 e
2709 1748 2906 1812 quibus
2957 1751 3066 1796 est:

569 1836 1028 1900 Evangelium
1077 1837 1428 1886 infantiae
1476 1836 1873 1898 Arabicum,
1923 1851 1990 1886 ex
2033 1835 2168 1900 Syro
2217 1851 2459 1899 versum3
2510 1850 2618 1884 non
2664 1839 2776 1884 tam
2812 1835 3066 1899 Evange-

569 1922 699 1971 lium
738 1937 895 1987 quam
933 1923 1177 1972 collectio
1218 1923 1533 1988 evangelica
1569 1939 1598 1972 e
1636 1939 1678 1972 s.
1716 1923 2008 1984 Matthan,
2047 1937 2089 1971 s.
2115 1923 2282 1984 Luca,
2324 1921 2786 1983 Pseudo-Jacobo,
2826 1920 3066 1970 Pseudo-

570 2008 777 2058 Thoma
815 2013 868 2057 et
903 2009 1164 2059 fabulosis
1215 2010 1641 2060 accessionibus:
1692 2011 1937 2060 instituta
1973 2023 2006 2058 a
2049 2024 2146 2058 suo
2197 2008 2541 2074 compilatore
2591 2008 2692 2056 fuit
2729 2006 2799 2056 ad
2835 2007 2957 2069 hoc,
3008 2012 3068 2056 ut

574 2095 894 2160 quibusdam
929 2096 1079 2146 festis
1118 2096 1305 2146 diebus
1330 2095 1534 2145 Mariae
1572 2096 1778 2158 dicatis,
1819 2095 2162 2145 adhiberetur
2197 2096 2254 2144 in
2281 2095 2333 2144 S.
2361 2094 2729 2144 conventibuS.
2779 2094 3067 2143 Haeresi

570 2183 1117 2232 Nestorianorum
1166 2199 1293 2232 non
1341 2184 1435 2232 ita
1482 2183 1682 2232 multo
1733 2183 2099 2248 posterius,
2149 2197 2399 2247 magnam
2443 2181 2658 2246 quidem
2693 2186 2902 2246 partem
2938 2181 3066 2229 insi-

570 2269 725 2333 pidas
762 2285 845 2318 res
884 2269 1085 2334 profert
1110 2273 1163 2318 et
1188 2271 1393 2334 absque
1428 2269 1626 2318 iudicio
1665 2268 2008 2334 compilatum
2035 2272 2130 2319 est.
2193 2267 2232 2334 2)
2270 2269 2334 2318 V.
2363 2267 2426 2317 G.
2450 2267 2513 2317 L.
2537 2267 2741 2329 Brunn,
2782 2267 2917 2332 disq.
2944 2267 3066 2316 hist.

573 2371 643 2404 cr.
684 2355 749 2404 de
784 2355 983 2418 indole,
1034 2361 1211 2405 aetate
1250 2361 1303 2406 et
1336 2371 1455 2406 usu.
1515 2356 1800 2422 Evangelii
1835 2356 2128 2406 Nicodemi.
2177 2354 2352 2405 Berol.
2393 2357 2545 2404 1794.
2596 2355 2677 2404 Cf.
2713 2354 3066 2404 Protheoriae

570 2443 635 2491 N.
673 2443 734 2492 Τ.
784 2459 836 2508 p.
874 2443 1016 2492 LIX.
1055 2457 1114 2506 s.,
1163 2443 1257 2492 ubi
1305 2443 1439 2493 alios
1490 2445 1648 2493 etiam
1696 2444 1980 2509 scriptores
2027 2459 2078 2491 n.
2119 2445 2167 2492 6.
2211 2442 2276 2492 de
2312 2441 2460 2492 Actis
2509 2441 2670 2491 Pilati
2720 2441 3060 2507 disputantes

571 2529 827 2580 dedimus.
885 2528 925 2594 3)
950 2531 1199 2579 Evictum
1235 2530 1463 2580 habetur
1498 2531 1720 2580 Librum
1759 2529 2202 2595 quemadmodum
2241 2543 2274 2578 a
2298 2529 2543 2591 Thilone,
2570 2545 2622 2594 p.
2649 2531 2768 2579 487.
2799 2545 2858 2590 s.,
2897 2533 3064 2593 atque

572 2615 631 2666 C.
681 2615 1111 2679 TischendorfiO,
1167 2634 1217 2682 p.
1258 2619 1376 2667 203.
1414 2631 1455 2666 s.
1505 2618 1645 2683 typis
1707 2617 2003 2683 exscriptus
2059 2621 2168 2681 est,
2224 2615 2432 2666 duabus
2489 2620 2735 2667 constare
2789 2615 3064 2682 partibus3

572 2718 796 2770 quarum
820 2705 967 2769 prior
993 2720 1037 2753 c.
1066 2721 1108 2753 c.
1134 2704 1375 2754 I—XVI.
1413 2706 1748 2755 narrationes
1787 2706 2025 2754 continet
2063 2704 2127 2753 de
2166 2703 2524 2765 damnatione,
2563 2703 2847 2769 suppliciO,
2886 2703 3064 2768 sepul-

571 2796 692 2841 tura
730 2796 782 2840 et
818 2792 1207 2841 resurrectione
1247 2790 1459 2854 Christi,
1498 2792 1696 2841 fabulis
1735 2795 1920 2841 auctas
1947 2792 2015 2841 ab
2041 2791 2254 2840 homine
2291 2806 2322 2839 e
2357 2790 2572 2840 iudaica
2608 2795 2768 2855 gente
2807 2789 3064 2839 oriundo:

570 2883 631 2927 ut
664 2878 888 2927 Judaeis
936 2892 1257 2943 proavorum
1294 2879 1385 2943 qui
1427 2878 1587 2928 rebus
1636 2878 1766 2943 ipsis
1815 2878 2197 2939 interfuissent,
2243 2879 2470 2942 ipsoque
2520 2893 2695 2926 rerum
2747 2881 2945 2925 eventu
2995 2877 3063 2925 ab

573 2965 833 3014 acerrima
880 2965 1161 3013 inimicitia
1209 2964 1278 3013 ad
1325 2964 1484 3014 fidem
1531 2966 1870 3015 transiissent
1915 2966 2238 3027 testimoniO,
2293 2963 2360 3013 de
2408 2964 2549 3014 Jesu‘
2579 2963 2791 3013 Christo
2843 2978 3066 3028 persua-

574 3051 801 3100 deretur.
873 3051 1017 3099 Exin
1068 3052 1309 3100 manavit
1356 3068 1397 3101 s.
1448 3051 1497 3100 d.
1544 3052 1796 3101 Narratio
1844 3051 2070 3118 Josephi
2119 3050 2540 3101 Arimathiensis.
2617 3051 2887 3100 Posterior
2937 3065 2972 3099 a
3020 3066 3064 3099 c.

572 3137 1019 3187 XVII—XXVII.
1068 3138 1229 3187 refert
1274 3137 1505 3188 filiorum
1554 3138 1816 3189 Simeonis
1868 3156 1896 3188 e
1941 3139 2162 3188 mortuis
2211 3139 2268 3186 in
2315 3139 2478 3187 vitam
2529 3154 2864 3188 reversorum
2914 3138 3062 3187 testi-

572 3225 779 3274 monia:
810 3224 906 3285 „de
935 3223 1131 3273 Christi
1156 3225 1315 3275 rebus
1349 3225 1494 3290 apud
1518 3225 1719 3275 inferos
1746 3226 1956 3290 gestie.“
2009 3225 2306 3274 Levissimo
2334 3240 2454 3273 cum
2479 3223 2627 3273 Actis
2653 3223 2816 3273 Pilati
2849 3224 3065 3289 quidem

574 3310 793 3361 vinculo
842 3312 1102 3376 i'ungitur,
1153 3313 1345 3361 aetatis
1392 3316 1572 3361 tamen
1626 3311 1771 3362 haud
1820 3311 2086 3362 inferioris
2123 3316 2219 3360 est.
2293 3310 2336 3375 4)
2377 3310 2458 3360 Cf.
2495 3310 2898 3373 Tischendorfii,
2941 3310 3065 3360 diss.

575 3397 640 3447 de
690 3398 898 3464 Evang.
950 3414 1127 3464 apocr.
1180 3401 1309 3463 orig.
1366 3404 1419 3448 et
1472 3414 1588 3448 usu.
1663 3399 1852 3464 Hagae
1903 3398 2168 3447 Comitum
2218 3400 2368 3447 1851.
2417 3414 2470 3462 p.
2521 3399 2604 3447 59.
2653 3412 2694 3447 s.
2765 3396 3068 3461 Evangelia

576 3486 885 3551 apocrypha
920 3486 1129 3548 Jacobi,
1168 3486 1421 3548 Thomae,
1460 3485 1596 3534 Acta
1618 3486 1780 3534 Pilati
1805 3490 1858 3533 et
1883 3486 2188 3535 testimonia
2219 3485 2444 3535 filiorum
2483 3485 2746 3535 Simeonis
2777 3498 2811 3533 a
2839 3483 3066 3533 diversis

576 3574 817 3638 profecta
864 3573 1171 3623 auctoribus
1217 3573 1360 3623 nulla
1407 3589 1463 3622 re
1502 3588 1535 3622 a
1571 3588 1629 3621 se
1665 3573 1893 3621 invicem
1943 3573 2193 3637 pendent,
2245 3572 2389 3637 quod
2427 3572 2570 3621 haud
2619 3573 2868 3637 exiguum
2912 3586 3064 3636 argu·

576 3664 813 3709 mentum
848 3661 1085 3725 praebet,
1126 3676 1244 3710 esse
1283 3660 1465 3709 eodem
1498 3660 1610 3709 fere
1632 3664 1874 3725 tempore
1912 3666 2045 3709 orta.
2096 3658 2619 3709 Circumferebantur
2657 3664 2711 3708 et
2746 3658 2855 3707 alia
2883 3658 3066 3707 Evan-

578 3747 735 3811 gelia,
775 3761 914 3811 quae
950 3747 1113 3813 longa
1150 3748 1285 3797 serie
1323 3751 1566 3797 recenset
1599 3748 1652 3797 J.
1690 3747 1752 3796 A.
1788 3746 2088 3808 Fabricius,
2125 3746 2160 3795 Ι.
2200 3762 2244 3796 c.
2281 3746 2325 3809 1,
2353 3748 2471 3796 335.
2525 3744 2732 3795 Eadem
2770 3744 3068 3793 dilucidant

580 3832 773 3896 Grabe,
813 3833 1075 3899 Specileg.
1113 3835 1153 3896 I,
1184 3837 1265 3885 15.
1292 3850 1400 3899 seq.
1451 3833 1617 3883 Math.
1656 3833 2187 3899 Schneckenburger,
2225 3838 2277 3883 ii.
2305 3833 2354 3882 d.
2379 3833 2588 3897 Evang.
2627 3832 2721 3881 der
2757 3832 3065 3897 Aegyptier,

574 3920 735 3970 Bern.
767 3922 918 3970 1834.
966 3922 1017 3971 J.
1044 3922 1203 3983 Pons,
1242 3920 1577 3971 Recherches
1616 3936 1707 3970 sur
1741 3920 1820 3971 les
1857 3920 2191 3986 apocryphas
2229 3919 2301 3969 du
2337 3921 2402 3969 N.
2428 3919 2490 3968 T.
2527 3919 2879 3969 Montauban.
2917 3920 3066 3967 1850.

574 4008 636 4061 R.
676 4008 977 4070 Hofmann,
1029 4008 1125 4059 das
1174 4008 1361 4057 Leben
1411 4008 1546 4057 Jesu
1593 4007 1735 4056 nach
1783 4006 1887 4057 den
1933 4007 2306 4076 Apocryphen.
2356 4006 2741 4071 Leipz.-1851.
2791 4022 2844 4071 p.
2898 4007 2982 4055 11.
3027 4019 3066 4053 s.

573 4096 645 4145 H.
670 4095 905 4159 Wallon,
933 4095 999 4145 de
1025 4095 1079 4145 la
1103 4112 1367 4161 croyance
1394 4094 1497 4144 due
1524 4110 1557 4144 a
1581 4092 1615 4144 1'
1637 4076 1919 4159 Evangile.
1945 4094 2066 4143 Par.
2097 4095 2247 4144 1858.
2273 4111 2326 4159 p.
2353 4095 2471 4143 252.
2499 4110 2541 4144 s.
2568 4094 2686 4143 281.
2712 4109 2754 4144 s.
2806 4091 2888 4141 Cf.
2924 4108 2970 4141 e.
2994 4092 3063 4141 H.

574 4182 639 4231 R.
675 4183 743 4233 D.
781 4184 845 4234 N.
883 4184 943 4233 T.
982 4199 1035 4249 p.
1076 4184 1158 4232 17.
1196 4200 1238 4233 s.
1276 4184 1394 4232 306.
