3309 5300
522 448 653 514 300
1221 464 1455 507 Commeat.
1484 464 1538 507 de
1565 466 1609 506 S.
1632 466 1844 517 scriptur.
1875 476 1970 518 cap.
2000 467 2106 507 tert.
2136 468 2244 507 sect.
2272 466 2307 507 I.

520 640 751 702 ritatem,
798 644 966 691 totum
1010 641 1272 706 probandi
1314 640 1526 707 pondus
1568 643 1635 692 iis
1673 646 2012 693 sustentaret.
2072 644 2277 705 Quodsi
2311 658 2439 694 vero
2479 643 2770 708 allegatum
2809 642 3026 693 dictum

522 720 679 785 ,,κατόι
700 720 757 775 τὸ
784 720 962 794 §vri-*ow
988 727 1043 777 in
1062 729 1244 777 Veteri
1262 727 1505 778 Foedere
1530 730 1722 778 nullibi
1747 732 2069 795 reperiatur3
2096 731 2193 781 sed
2217 724 2374 793 „2oeth
2396 726 2484 795 τὴν
2509 726 2756 779 διάνοιανίι
2783 730 2817 779 i.
2846 745 2892 779 e.
2918 744 3030 795 per

522 815 959 878 consequentiam
984 842 1050 851 -—-
1077 832 1121 865 e.
1148 831 1193 865 c.
1232 815 1419 865 Matth.
1457 818 1505 878 2,
1543 818 1626 865 23.
1669 817 1774 877 „Ut
1809 816 2190 882 adimpleretur
2225 817 2370 883 quod
2405 817 2604 867 dictum
2641 821 2724 865 est
2758 832 2854 881 per
2878 817 3022 867 Pro-

520 899 725 964 phetas,
766 903 1018 966 quoniam
1054 902 1436 952 Nazaraeus
1477 903 1803 952 vocabitur.“
1847 902 1982 953 Coll.
2011 903 2144 954 Gen.
2169 906 2253 967 49,
2281 906 2364 955 26.
2401 903 2528 953 Isai.
2569 905 2652 964 11,
2680 905 2726 952 1.
2763 904 2831 951 Η.
2857 904 2922 952 N.
2955 902 3026 950 T.

521 1003 573 1051 p.
602 987 683 1035 15.
712 1014 776 1023 —-
802 1002 911 1037 non
938 993 1019 1038 est
1044 990 1220 1037 statim
1245 989 1443 1038 lacuna
1476 988 1565 1039 vel
1601 991 1872 1054 corruptio
1899 990 1953 1040 S.
1979 988 2033 1039 S.
2060 991 2350 1056 arguenda,
2390 990 2484 1041 sed
2507 991 2591 1039 vis
2617 990 2936 1054 argumenti,
2968 991 3030 1036 et

523 1074 659 1121 ratio
688 1073 869 1123 divina
894 1080 1324 1139 argumentorum
1350 1074 1576 1140 Spiritus
1604 1076 1656 1125 S.
1683 1077 2057 1141 agnoscendae
2082 1082 2224 1127 sunt.
2261 1077 2394 1127 Cum
2420 1092 2546 1126 vero
2584 1078 2780 1125 tertio
2804 1077 2862 1125 in
2887 1074 3028 1124 alle-

521 1160 825 1223 gationibus
861 1162 1245 1227 impropriis
1286 1162 1337 1211 S.
1366 1161 1662 1228 Scriptores
1699 1163 1888 1213 alienis
1914 1164 2092 1213 verbis
2119 1168 2179 1212 ut
2201 1164 2314 1213 suis
2337 1167 2558 1213 utuntur
2584 1190 2650 1199 -——
2675 1178 2722 1211 e.
2747 1178 2797 1227 g.
2823 1161 3025 1211 Matth.

524 1249 606 1307 13,
628 1247 711 1296 35.
738 1246 860 1296 coll.
877 1247 965 1297 Ps.
988 1249 1070 1310 77,
1097 1250 1144 1299 2.
1165 1276 1228 1286 —-
1258 1249 1451 1314 phras
1466 1248 1794 1314 eclog-iam
1819 1249 2184 1299 tantummodo
2211 1249 2512 1300 consideret
2533 1250 2810 1313 interpres.
2837 1249 3026 1312 Atque

519 1334 577 1381 in
602 1332 785 1382 talium
823 1334 1061 1384 locorum
1098 1336 1537 1401 interpretatione
1562 1336 1710 1385 haud
1732 1335 1974 1408 profecto·
1999 1352 2133 1402 opus
2160 1342 2256 1399 est,
2293 1342 2354 1386 ut
2375 1338 2637 1401 interpres
2663 1337 2820 1385 anxie
2847 1339 3024 1395 curet,

522 1425 697 1469 utrum
734 1421 1027 1470 secundum
1065 1424 1320 1471 orationis
1346 1424 1402 1471 in
1426 1422 1577 1472 libris
1600 1423 1666 1472 V.
1690 1422 1754 1472 F.
1781 1427 2084 1472 contextum
2109 1422 2181 1473 ad
2207 1424 2432 1472 eandem
2455 1438 2568 1471 rem
2592 1423 2905 1487 pertineant,
2949 1420 3026 1469 de

524 1521 633 1572 qua
666 1508 723 1555 in
758 1508 823 1556 N.
859 1507 922 1557 F.
959 1508 1173 1573 prolata
1220 1514 1372 1572 sunt3
1423 1524 1487 1558 ex
1522 1509 1617 1559 tali
1663 1508 1986 1574 allegatione
2021 1510 2156 1559 nihil
2189 1509 2310 1573 plus
2349 1509 2556 1559 discere
2594 1513 2815 1574 oportet,
2855 1522 3028 1572 quam

522 1608 755 1655 sensum,
776 1594 832 1642 in
854 1610 1008 1658 quem
1028 1596 1197 1645 verba
1220 1595 1315 1645 illa
1334 1595 1748 1661 Hagiographus
1767 1597 1832 1647 N.
1850 1595 1913 1645 F.
1935 1596 2228 1661 usurpavit.
2253 1597 2318 1645 Ε.
2339 1610 2384 1645 0.
2403 1612 2446 1645 s.
2469 1595 2670 1645 Paulus
2687 1595 2782 1644 ubi
2801 1594 2998 1643 scribit
3011 1610 3026 1641 z

521 1680 661 1729 Heb.
691 1682 772 1742 13,
800 1682 849 1729 6.
885 1682 962 1730 ita
988 1686 1049 1731 ut
1074 1681 1403 1732 confidenter
1440 1682 1695 1743 dicamus,
1731 1683 1996 1733 Dominus
2038 1682 2166 1731 mihi
2204 1682 2444 1733 adiutor:
2482 1698 2592 1732 non
2627 1683 2842 1745 timeb0,
2882 1680 3026 1747 quid

521 1766 688 1816 faciat
723 1766 851 1815 mihi
887 1766 1061 1818 home.
1112 1767 1245 1817 0011.
1272 1769 1359 1818 Ps.
1388 1770 1504 1831 117,
1532 1770 1580 1819 8.
1616 1768 1876 1819 Advertat
1911 1773 2144 1834 quarto
2185 1769 2414 1834 denique
2450 1768 2716 1818 interdum
2754 1784 2864 1818 non
2897 1773 3022 1817 tam

522 1858 739 1918 propter
775 1855 939 1904 citata
973 1856 1155 1917 verba,
1204 1870 1364 1920 quam
1400 1859 1616 1920 propter
1654 1854 2150 1905 conclusionem
2190 1856 2314 1905 inde
2355 1855 2624 1916 fluentem,
2662 1854 2750 1904 vel
2795 1860 3026 1919 propter

523 1943 891 2004 argumentum
918 1956 982 1990 ex
1006 1945 1118 1991 toto
1144 1943 1246 1991 isto
1271 1940 1392 1990 loco
1417 1941 1732 1990 sumendum
1769 1941 2041 1991 oraculum
2078 1941 2299 2007 aliquod
2334 1941 2559 2006 allegari
2583 1970 2651 1979 —
2674 1957 2726 1990 v.
2753 1957 2797 1991 c.
2821 1940 3020 1990 Matth.

522 2026 572 2087 8,
613 2027 695 2075 17.
743 2027 867 2075 Isai.
910 2029 993 2088 53,
1039 2029 1088 2077 4.
1148 2032 1238 2091 „ut
1286 2028 1664 2093 adimpleretur
1718 2027 1859 2093 quod
1915 2028 2114 2077 dictum
2169 2034 2252 2078 est
2303 2044 2399 2093 per
2446 2028 2644 2077 Isaiam
2697 2026 3022 2092 prophetam

524 2111 803 2174 dicentem,
840 2113 956 2178 ipse
992 2111 1325 2164 infirmitates
1362 2119 1573 2164 nostras
1610 2114 1835 2179 accepit,
1875 2119 1928 2163 et
1951 2115 2347 2179 aegrotationes
2372 2123 2583 2164 nostras
2608 2114 2890 2179 portavit.“
2921 2130 3020 2161 -ε

528 2212 665 2262 quae
704 2199 916 2264 quidem
954 2199 1153 2247 citandi
1192 2198 1243 2248 S.
1276 2198 1330 2248 S.
1368 2201 1504 2249 ratio
1546 2200 1958 2271 „analogica“
2000 2201 2321 2265 quibusdam
2357 2200 2736 2265 interpretibus
2770 2207 3022 2249 vocatur.

524 2282 823 2333 videantur
873 2289 1107 2333 ceterum
1154 2285 1257 2334 hac
1294 2285 1358 2334 de
1396 2300 1453 2334 re
1469 2302 1493 2335 :.
1530 2286 1582 2335 J.
1618 2286 1882 2351 Wiggers,
1933 2286 2000 2335 de
2045 2287 2500 2350 interpretationis
2545 2298 2758 2350 genere,
2807 2300 2914 2350 quo
2965 2286 3022 2333 in

530 2370 721 2433 explic.
758 2370 823 2419 V.
848 2370 910 2419 Τ.
935 2371 999 2419 N.
1027 2372 1089 2420 Τ.
1126 2370 1317 2435 Script.
1355 2372 1439 2420 usi
1475 2377 1616 2422 sunt.
1657 2372 1911 2421 Rostoch.
1952 2374 2102 2422 1837.
2151 2373 2203 2421 J.
2229 2372 2298 2421 H.
2326 2370 2594 2435 Scholten‚
2633 2372 2768 2437 disq.
2807 2371 2874 2420 de
2911 2371 3022 2421 loc.

521 2455 761 2505 nonnull.
800 2456 901 2505 Ev.
936 2458 995 2505 in
1033 2474 1082 2521 q.
1124 2457 1185 2506 V.
1224 2458 1287 2506 T.
1325 2456 1447 2507 libri
1484 2458 1553 2507 ab
1589 2458 1725 2507 Jesu
1761 2458 1902 2508 laud.
1940 2458 2104 2508 Amst.
2135 2459 2286 2507 1856.

932 2736 992 2826 ἓ.
1030 2735 1172 2799 135.
1222 2731 1846 2797 Observationes
1890 2733 2040 2814 περὶ
2083 2735 2598 2815 ἐναντιοφανῶν.

729 2929 798 2994 Si
826 2931 894 2993 in
928 2931 1385 3017 comparandis
1427 2931 1589 2996 locis
1629 2931 1956 3018 parallelis
1989 2930 2054 2996 S.
2090 2929 2574 3016 Scripturarum
2603 2931 2684 2998 U.
2716 2931 2792 2996 F.
2827 2953 3020 3016 repe-

520 3045 797 3125 riantur,
852 3065 1021 3128 quae
1075 3066 1370 3129 pugnare
1428 3046 1599 3108 inter
1642 3067 1713 3108 se
1759 3043 2066 3108 videntur
2127 3045 2521 3126 ,ἐναντιοφανῆι
2579 3045 2814 3126 oritur3
2878 3045 3020 3107 sive

523 3157 849 3237 ,ἀντιλογίαιι
879 3195 967 3204 --
994 3155 1171 3222 idem
1218 3156 1396 3241 quod
1442 3156 1890 3222 contradictio,
1923 3195 2010 3202 —
2041 3155 2340 3220 habetur.
2401 3156 2656 3220 Harum
2700 3154 3020 3240 plurimas

520 3269 588 3331 in
632 3267 874 3332 Divino
926 3267 1171 3333 Codice
1216 3270 1491 3353 reperiri
1538 3268 1822 3332 clamant
1868 3270 2306 3350 αὺτοκατάκριτοι
2351 3272 2625 3350 νεώτεροι.
2699 3268 3022 3330 Fatemur

522 3378 830 3464 equidem
892 3378 1126 3444 multas
1186 3381 1254 3444 in
1316 3379 1381 3444 S.
1436 3379 1676 3444 Literis
1746 3378 2135 3465 adparere
2205 3379 2751 3444 contradictiones
2763 3429 2782 3462 ,
2847 3401 3020 3466 quae

526 3491 789 3576 quidem
827 3493 879 3554 si
910 3492 1041 3556 Dei
1086 3490 1192 3556 vel
1239 3491 1476 3577 angeli,
1522 3501 1635 3556 aut
1679 3491 1956 3556 hominis
2005 3491 2420 3577 theopneusti
2467 3491 2644 3556 dicta
2683 3491 3017 3573 referunt3

522 3626 756 3667 revera
822 3603 943 3667 sibi
1013 3605 1317 3667 contrarii
1388 3625 1529 3667 esse
1597 3612 1952 3688 nequeunt.
2029 3601 2192 3682 Quis
2251 3605 2424 3666 enim
2483 3601 2548 3667 S.
2598 3601 2868 3688 Spiritui
2929 3603 3018 3667 D.

521 3716 890 3780 Literarum
936 3717 1187 3780 auctori
1248 3714 1830 3779 contradictionem
1892 3715 2210 3800 affingere
2275 3715 2489 3780 ausit?
2563 3715 2757 3780 Unde
2819 3717 3019 3780 inter-

524 3829 726 3913 pretis
775 3837 892 3911 est,
937 3829 1117 3913 prius
1149 3828 1460 3912 detegere
1510 3850 1832 3892 causam
1881 3827 2470 3912 antilogiarum3
2521 3827 2757 3892 deinde
2791 3851 3020 3892 earum

522 3963 865 4026 pugnam
911 3940 1223 4005 tollere.
1270 3940 1769 4025 Repugnantiae
1817 3950 2036 4002 autem
2081 3941 2340 4024 species
2371 3941 2590 4006 existit
2617 3941 2686 4003 in
2713 3938 2880 4004 locis
2911 3939 3022 4003 vel

527 4053 995 4140 dogmaticis
1040 4052 1145 4117 vel
1200 4053 1647 4136 historicis3
1713 4074 2007 4137 pugnare
2069 4074 2262 4137 porro
2324 4051 2630 4116 videntur
2687 4051 3021 4115 interdum

527 4168 875 4252 scriptores
919 4166 998 4229 N.
1031 4163 1106 4229 F.
1156 4165 1625 4250 secumetipsis,
1671 4163 1996 4228 interdum
2046 4187 2194 4228 cum
2240 4163 2380 4228 aliis
2425 4163 2534 4227 vel
2571 4163 2650 4226 N.
2684 4163 2792 4227 vel
2822 4161 2906 4228 V.
2939 4163 3019 4227 T.

527 4277 967 4363 scriptoribus.
1008 4276 1355 4342 Rationem
1382 4275 1770 4340 dissidentes
1794 4275 2044 4340 Textus
2079 4275 2488 4359 conciliandi,
2520 4277 2662 4360 ipsa
2691 4284 3020 4358 ,contra-

529 4390 932 4453 dictionis‘
962 4389 1141 4452 notio
1177 4388 1404 4472 docet3
1454 4409 1621 4472 quae
1658 4397 1756 4451 est
1791 4386 2216 4471 ,eiusdem,
2268 4387 2361 4451 de
2396 4386 2706 4470 eodem,
2741 4409 3021 4451 secun-

530 4501 711 4564 dum
757 4500 961 4565 idem
1009 4501 1489 4564 affirmatio
1540 4509 1613 4564 et
1658 4502 2028 4584 negatio!
2073 4499 2182 4563 Ex
2212 4501 2337 4564 ista
2367 4501 2632 4564 notione
2664 4499 3022 4584 antilogiae

518 4590 837 4703 sequitur,
863 4623 1289 4703 apparentem
1316 4612 1898 4680 contradictionem
1925 4635 2220 4679 cessare:
2255 4613 2362 4678 vel
2393 4615 2448 4688 si
2477 4635 2632 4676 non
2665 4612 3024 4676 eiusdem
