3309 5300
582 416 712 484 202
1279 432 1515 475 Comment.
1546 434 1599 475 de
1636 434 1681 475 S.
1712 435 1870 485 script..
1901 446 1993 485 cap.
2025 446 2113 476 sec.
2145 436 2274 475 tract.
2305 434 2362 477 11.

584 606 765 658 Secuti
800 612 929 658 sunt
963 613 1139 658 autem
1163 608 1379 658 Armeni
1403 609 1460 658 in
1484 608 1545 658 A.
1572 610 1633 659 Τ.
1673 624 1920 674 graecam
1957 610 2056 659 τῶν
2081 611 2245 659 Lxx.
2279 612 2626 675 interpretum
2659 610 3064 660 translationem

584 710 875 760 eorumque
910 696 1149 760 vestigiis
1199 696 1334 745 adeo
1381 711 1563 760 presse
1610 698 1940 760 institerunt3
1989 703 2048 746 ut
2083 713 2150 747 ex
2185 698 2433 747 Haicana
2468 698 2726 747 versione
2761 702 2964 747 veteres
3009 704 3068 747 et

583 796 742 831 verae
777 780 1033 831 lectiones
1060 780 1301 831 Graecae
1336 781 1460 831 hinc
1496 782 1620 831 inde
1660 785 1827 833 asseri
1862 785 2084 849 possint.
2134 784 2247 833 Nec
2272 773 2396 833 vero
2429 784 2726 848 diligenter,
2765 784 2854 833 sed
2888 786 3070 849 perite

587 869 746 917 etiam
793 868 1179 917 transferendis
1215 868 1427 919 Divinis
1464 869 1840 920 voluminibus
1887 871 2231 934 insudarunt3
2277 877 2340 920 ut
2385 886 2493 921 non
2538 871 2696 920 modo
2740 871 3070 931 fideliter,

584 970 767 1003 verum
792 970 912 1003 cum
936 955 1121 1019 lingua
1144 954 1393 1004 Haicana
1418 956 1487 1004 ad
1513 955 1876 1006 Graecanicae
1903 955 2343 1007 consuetudinem
2381 972 2540 1022 quam
2571 959 2808 1021 proxime
2843 958 3070 1017 accedit,

585 1041 928 1107 eleganter
978 1057 1187 1106 quoque
1242 1047 1295 1091 et
1341 1048 1566 1092 venuste
1615 1047 1818 1093 textum
1869 1042 2081 1093 Codicis
2133 1043 2324 1093 Graeci
2372 1043 2667 1093 redderent.
2735 1044 2840 1093 Iste
2885 1049 3074 1093 autem

584 1128 856 1177 Versionis
892 1128 1058 1177 LXX.
1110 1128 1276 1178 codex
1311 1129 1523 1178 videtur
1560 1145 1623 1179 ex
1661 1130 1954 1195 Hexaplari
2003 1146 2298 1181 emanasse.
2358 1132 2537 1180 Etiam
2585 1132 2642 1180 in
2678 1132 2743 1180 N.
2779 1132 2839 1180 Τ.
2873 1132 3068 1180 Versio

584 1215 718 1265 haec
763 1215 1003 1280 pluribus
1049 1216 1181 1265 locis
1217 1215 1475 1265 lectiones
1512 1217 1834 1282 suppeditat,
1873 1233 2010 1283 quae
2048 1218 2263 1267 aliunde
2301 1216 2498 1266 hauriri
2535 1218 2844 1282 nequibant.
2901 1218 3070 1266 Teste

587 1301 851 1365 Scholzio,
902 1305 995 1368 qui
1039 1304 1096 1352 in
1140 1319 1293 1353 usum
1344 1319 1449 1353 rec.
1486 1305 1551 1354 N.
1590 1306 1653 1354 Τ.
1691 1305 1934 1355 adhibuit
1971 1306 2051 1355 ed.
2090 1305 2480 1354 Zohrabianam
2529 1305 2706 1354 studio
2743 1304 3068 1354 Professoris

583 1390 901 1440 Parisiensis
963 1390 1274 1453 Girbied,
1337 1394 1497 1455 atque
1558 1391 1925 1457 religiosorum
1979 1392 2498 1441 Mechitharistarum
2551 1389 3070 1452 vindobonensium,

587 1475 850 1527 collatam.
911 1477 1071 1526 Hanc
1116 1478 1277 1541 igitur
1324 1478 1814 1542 interpretationem
1862 1480 2010 1528 iussu
2055 1479 2293 1528 Jacobi
2338 1477 2690 1527 Armenorum
2745 1472 3070 1541 Protopatri-

586 1562 780 1612 archae
816 1564 1196 1613 Amstelodami
1236 1565 1384 1613 1666.
1430 1566 1649 1613 iuvante
1699 1564 2044 1615 Salomone
2093 1566 2167 1614 de
2210 1565 2387 1615 Leon
2424 1566 2538 1615 eius
2578 1565 2823 1626 diacono,
2857 1563 3070 1628 publici

586 1650 717 1698 iuris
767 1651 894 1699 fecit
943 1649 1166 1699 Oskan
1214 1650 1624 1713 Wartabied‚
1675 1653 1836 1716 episc.
1888 1667 2014 1701 arm.
2065 1654 2156 1717 qui
2203 1652 2504 1701 Uscanus
2551 1652 2711 1700 etiam
2763 1649 2919 1700 audit.
2969 1650 3074 1697 Vir

592 1736 693 1785 fuit
728 1752 857 1785 sane
894 1752 1003 1786 non
1040 1739 1155 1786 sine
1193 1736 1437 1787 doctrina
1473 1744 1527 1788 et
1560 1738 1839 1800 industria,
1887 1738 1982 1788 sed
2018 1740 2074 1787 in
2109 1739 2298 1804 priscis
2332 1738 2500 1787 literis
2547 1738 2861 1787 armeniacis
2896 1738 3070 1785 minus

589 1828 861 1887 versatus3
920 1840 1077 1889 quem
1133 1830 1391 1873 accusant
1440 1840 1652 1889 quoque
1706 1830 1944 1874 veterem
1996 1826 2298 1874 versionem
2355 1824 2578 1874 maculis
2627 1825 2961 1888 inquinasse,
3017 1827 3073 1870 et

588 1909 861 1959 itentidem
887 1926 951 1959 ex
977 1910 1174 1960 Latina
1211 1911 1442 1961 editione
1476 1911 1828 1976 supplevisse.
1878 1910 1984 1961 Sed
2007 1912 2256 1961 Uscanus
2283 1909 2442 1960 fidem
2479 1916 2637 1975 atque
2675 1910 2910 1959 officium
2943 1910 3073 1959 boni

590 1997 803 2047 editoris
841 2014 949 2047 non
985 1995 1236 2062 neglexit.
1298 1998 1453 2057 Quod
1490 2005 1740 2049 accurate
1780 1998 2104 2049 demonstrat
2139 2000 2221 2047 vir
2257 1998 2415 2047 huius
2459 1997 2676 2062 linguae
2723 1997 3072 2061 peritissimus

588 2084 671 2133 La
708 2082 889 2146 Croce,
940 2084 1038 2133 Th.
1077 2100 1158 2149 ep.
1195 2084 1292 2145 III,
1320 2086 1367 2133 3.
1394 2101 1435 2134 s.
1464 2087 1546 2134 69.
1608 2085 1986 2151 Typographia
2020 2086 2340 2135 Armeniaca
2373 2084 2771 2135 Amstelodamo
2811 2082 3069 2132 Constan-

590 2171 867 2234 tinopolim
904 2171 1107 2232 delata,
1155 2173 1212 2219 in
1248 2171 1435 2220 eadem
1470 2172 1602 2221 urbe
1638 2173 1860 2237 vulgata
1897 2178 1978 2222 est
2013 2174 2174 2238 priori
2213 2171 2468 2221 absimilis
2505 2170 2742 2220 secunda
2774 2170 3072 2219 Bibliorum

587 2256 934 2307 Armenorum
966 2258 1126 2307 editio
1159 2272 1191 2306 a
1214 2257 1466 2323 Moyse,
1499 2258 1751 2308 Davide
1791 2265 1852 2308 et
1887 2259 2257 2324 Mampraeo
2294 2258 2567 2319 translata,
2595 2262 2648 2306 et
2673 2256 2742 2305 ad
2766 2257 3066 2305 versionem

590 2345 853 2408 syriacam
908 2345 1109 2408 revisa3
1164 2345 1313 2393 iussu
1361 2344 1706 2395 Patriarchae
1755 2346 1892 2395 Nah
1907 2346 2074 2395 abet.
2115 2361 2162 2395 a.
2203 2347 2351 2395 1705.
2399 2346 2456 2392 in
2491 2346 2540 2393 4.
2603 2342 2746 2403 Quid
2793 2343 2897 2392 sibi
2944 2342 3075 2391 velit

588 2430 683 2479 illa
718 2430 787 2479 ad
824 2432 1123 2480 versionem
1178 2432 1441 2494 syriacam
1489 2431 1634 2480 facta
1682 2433 1894 2493 revisio,
1945 2430 2180 2481 nondum
2217 2431 2285 2480 ad
2320 2430 2580 2496 liquidum
2624 2429 2940 2495 perductum
2977 2432 3073 2477 est.

591 2517 672 2566 cf.
698 2516 900 2579 Masch,
928 2517 996 2566 ad
1021 2516 1071 2565 le
1097 2516 1265 2581 Long.
1293 2517 1430 2566 Bibl.
1456 2518 1526 2578 Π,
1556 2519 1601 2566 1.
1628 2534 1680 2583 p.
1712 2519 1824 2567 177.
1851 2532 1892 2566 s.
1941 2518 2122 2567 Editio
2147 2516 2401 2567 Veneta
2437 2532 2485 2565 a.
2515 2516 2664 2565 1733.
2699 2516 2856 2564 iussu
2880 2516 3073 2564 Abra-

590 2604 768 2654 hami
820 2603 1284 2654 Patriarchae
1332 2605 1802 2668 Armenorum,
1852 2603 2026 2656 studio
2075 2604 2353 2654 Mikkitari
2398 2608 2706 2669 procurata,
2764 2601 2834 2652 ad
2871 2602 3076 2652 Amste-

590 2691 952 2741 lodamensem
994 2691 1224 2740 formata
1260 2696 1355 2741 est.
1416 2692 1627 2741 Novum
1669 2693 2068 2742 Testamentum
2110 2692 2307 2741 ibidem
2349 2706 2384 2740 a
2418 2691 2470 2740 J.
2509 2690 2760 2740 Zohrab
2803 2691 3078 2741 doctore

592 2793 806 2827 armeno
846 2777 1043 2827 editum
1077 2780 1243 2840 1789„
1282 2793 1315 2827 a
1352 2780 1547 2830 criticis
1586 2778 1850 2829 laudatur.
1897 2780 2084 2829 Totius
2121 2778 2318 2828 Sacrae
2345 2777 2652 2842 Scripturae
2689 2777 2851 2826 editio
2889 2778 3078 2826 critica

594 2870 854 2930 apparata
905 2871 985 2915 est
1030 2866 1187 2914 tomis
1224 2867 1271 2914 4.
1312 2865 1519 2915 collatis
1568 2881 1690 2914 mss.
1728 2867 1844 2915 XV.
1883 2881 1916 2915 a
1950 2866 2010 2915 P.
2047 2866 2106 2914 P.
2147 2865 2588 2930 Congregationis
2625 2863 3076 2913 Mechitaristicae

594 2954 745 3003 1805.
782 2952 1036 3002 Venetiis.
1076 2952 1460 3002 Successerunt
1497 2954 1647 3002 1814.
1700 2953 1780 3002 ed.
1820 2949 2108 3018 Pettopoli,
2158 2957 2213 3002 et
2260 2951 2366 3002 alia
2404 2953 2554 3001 1843.
2603 2951 2865 3016 Mosquae
2909 2951 3076 2999 facta.

589 3041 799 3090 Novam
846 3041 1081 3089 criticam
1117 3040 1411 3090 Bibliorum
1461 3055 1795 3090 armenorum
1840 3041 2230 3101 recensionem,
2269 3045 2330 3088 ut
2364 3039 2565 3100 ferunt,
2603 3037 2818 3086 molitur
2853 3052 3077 3101 congre-

592 3129 735 3193 gatio
771 3127 1191 3177 Mechitaristica
1227 3129 1281 3175 in
1316 3126 1495 3176 insula
1531 3125 1582 3176 S.
1620 3127 1813 3175 Lazari
1849 3141 2014 3191 prope
2053 3127 2322 3175 Venetias.

590 3433 649 3510 ξ.
679 3432 781 3496 88.
814 3427 1248 3494 Annotatio
1281 3431 1740 3515 praeposita
1773 3429 1864 3494 de
1895 3429 2560 3513 interpretatione
2590 3425 2878 3490 Latina
2909 3425 2983 3491 S.
3013 3425 3078 3491 S.

797 3647 881 3696 De
911 3647 1089 3697 latinis
1116 3647 1167 3698 S.
1193 3648 1486 3703 Bibliorum
1521 3649 2046 3713 interpretationibus
2084 3647 2478 3712 disquisitiones
2514 3647 2819 3708 instituturi‚
2856 3644 3081 3710 longam

594 3749 658 3783 ac
694 3735 1047 3799 periculosam
1084 3737 1480 3800 navigationem
1515 3735 1854 3801 ingredimur,
1893 3735 2090 3784 multae
2129 3737 2269 3784 enim
2303 3736 2508 3783 viarum
2545 3733 2881 3783 difficultates
2917 3747 3082 3796 supe·

591 3820 809 3883 randae,
847 3837 1041 3886 magna
1076 3823 1277 3871 itineris
1317 3822 1615 3871 emetienda
1648 3823 2029 3887 longinquitas,
2067 3821 2278 3886 plurimi
2309 3822 2469 3871 etiam
2504 3821 2708 3870 vitandi
2744 3818 2981 3884 scopuli,
3021 3825 3086 3869 ut

592 3922 767 3971 neque
802 3923 901 3957 nos
939 3909 1222 3970 scribendi,
1262 3923 1437 3972 neque
1472 3909 1698 3958 lectores
1735 3908 1948 3973 legendi
1983 3907 2256 3957 fastidium
2297 3908 2607 3957 sustineant.
2671 3905 2989 3970 compendii
3027 3913 3086 3955 et

593 3993 791 4043 ordinis
820 3997 987 4059 gratia
1014 3995 1315 4059 Scripturae
1343 3993 1538 4044 Sacrae
1562 3997 1833 4045 versiones
1859 3995 2082 4045 Latinas
2109 3993 2759 4044 commodesecundum
2782 3997 3087 4056 tempora

592 4083 657 4130 in
707 4081 944 4145 quibus
992 4087 1187 4131 natae
1226 4087 1401 4146 sunt3
1454 4083 1509 4130 in
1546 4082 1704 4131 duas
1743 4082 2067 4146 distinguere
2104 4097 2386 4147 possumus
2425 4081 2690 4130 classeS.
2751 4079 2816 4128 In
2853 4093 3086 4144 quarum

594 4170 764 4233 prima
802 4168 868 4216 de
908 4167 1250 4218 celeberrima
1286 4169 1520 4218 dicemus
1562 4171 2022 4234 interpretatione,
2071 4183 2229 4232 quam
2280 4168 2574 4229 „Italam“
2615 4167 2707 4216 alii
2743 4181 3085 4215 communem

592 4261 813 4320 vocant3
852 4257 908 4304 in
946 4256 1181 4305 secunda
1218 4256 1282 4304 de
1324 4256 1700 4321 „Vulgata“‚
1740 4273 1900 4306 sensu
1939 4255 2270 4305 catholico
2309 4255 2465 4316 dicta,
2505 4267 2847 4319 exponemus·
2901 4253 3084 4302 Huius

592 4343 951 4392 translationis
1009 4344 1289 4408 originem,
1346 4347 1600 4404 aetatem,
1656 4343 1831 4392 fontes
1880 4344 2228 4407 propriosque
2285 4341 2618 4390 characteres
2667 4340 3082 4404 assignabimuS.

592 4433 845 4481 Romanis
886 4436 997 4481 toto
1037 4431 1164 4480 orbe
1203 4430 1429 4492 diffusis,
1477 4435 1761 4495 postquam
1797 4429 1889 4478 lux
1936 4429 2184 4479 salutaris
2219 4428 2506 4494 Evangelii
2543 4427 2740 4489 illuxit,
2788 4428 3082 4490 Latinique

594 4519 661 4568 ab
702 4518 969 4583 Apostolis
1006 4519 1063 4566 in
1100 4516 1405 4566 Christiana
1442 4517 1682 4565 doctrina
1717 4521 1840 4564 sunt
1875 4518 2128 4578 instituti3
2168 4520 2280 4564 tum
2317 4517 2436 4579 ipsa
2471 4515 2729 4580 poscebat
2764 4515 3080 4576 necessitas,

592 4610 653 4654 ut
692 4606 927 4670 Eloquia
969 4606 1169 4654 Divina
1210 4605 1405 4654 Latino
1446 4618 1658 4668 quoque
1697 4603 2036 4652 crederentur
2071 4602 2334 4664 idiomati,
2375 4603 2558 4666 sicque
2599 4601 2680 4650 illi
2715 4602 2849 4650 socii
2886 4601 3080 4652 radicis
