3309 5300
1112 467 1309 514 Nomina.
1338 467 1511 515 divisio,
1541 467 1722 509 effectus
1749 468 1793 508 s,
1824 468 1866 508 S.
2652 453 2736 519 57

254 641 542 727 Apostoli
566 646 606 726 ¹,
640 644 747 728 qui
776 643 1045 707 nomina
1072 649 1265 720 καινῆς
1297 643 1563 720 διαθήκης
1588 651 1651 706 et
1675 650 1775 720 τῆς
1803 644 2050 716 παλαιᾶς
2081 643 2346 720 διαθήκης
2377 645 2733 728 usurpavit,

255 758 634 820 auctoritate
667 757 917 840 nititur3
953 757 1108 842 quin
1140 757 1267 819 imo
1302 757 1512 840 prima
1546 757 1727 840 origo
1768 755 1812 819 J
1816 757 2141 819 eremiac2
2179 754 2526 820 tribuenda
2559 755 2736 820 vide-

252 879 365 935 tur.
417 869 669 934 Vetus
718 878 783 932 et
826 869 1131 933 Novum
1178 867 1772 933 Testamentum
1817 878 2110 951 vocatur,
2155 867 2380 933 habita
2423 871 2736 934 ratione

252 984 691 1067 temporis3
756 991 1077 1068 quatenus
1132 981 1387 1046 Vetus
1450 992 1747 1067 spectata
1793 992 2007 1046 aetate
2053 991 2352 1067 tempora
2397 981 2735 1046 Ecclesiae

254 1077 727 1178 antecedentia,
784 1096 1084 1159 Novum
1144 1104 1443 1180 tempora
1509 1085 2038 1159 Incarnationem
2087 1094 2324 1159 Christi
2378 1097 2734 1180 sequentia,

253 1207 546 1291 denotat3
614 1217 678 1272 et
724 1208 765 1272 J
771 1231 984 1272 oanne
1032 1208 1331 1293 Baptista
1375 1207 1575 1272 limite
1620 1218 1970 1294 utrumque
2018 1208 2501 1273 disterminatur
2520 1211 2561 1272 3.
2631 1208 2737 1271 Ex

252 1321 341 1383 his
384 1323 698 1406 sequitur,
756 1321 935 1406 quod
991 1320 1319 1406 duplicem
1367 1320 1451 1385 ob
1497 1344 1762 1385 causam
1819 1320 2309 1385 Testamenti
2354 1322 2616 1385 nomine
2669 1320 2734 1384 S.

253 1432 505 1497 Literae
569 1434 865 1518 insigniri
926 1432 1208 1498 soleant:
1282 1457 1338 1498 a.
1404 1435 1557 1519 quia
1614 1434 1722 1498 Fo
1742 1433 1929 1498 edus
1996 1435 2327 1519 geminum
2395 1433 2524 1498 Dei
2589 1455 2736 1498 cum

254 1545 611 1610 hominibus
659 1549 982 1611 sancitum
1016 1548 1369 1629 continent,
1418 1547 1737 1632 simulque
1783 1546 1846 1610 b.
1883 1548 2098 1610 omnia
2131 1546 2215 1610 ad
2245 1546 2735 1611 Testamentum

254 1661 669 1744 requisita:
718 1669 1129 1744 testatorem,
1187 1659 1533 1743 haeredeS,
1580 1659 1802 1744 legata
1849 1670 1913 1724 et
1959 1669 2155 1724 testes
2203 1659 2673 1724 transscribant
2691 1663 2734 1723 4.

255 1769 529 1851 Quidam
552 1771 618 1837 S.
638 1772 954 1838 Codicem
978 1771 1055 1836 U.
1076 1772 1150 1837 F.
1177 1773 1231 1855 ,I
1244 1796 1285 1835 n
1300 1796 1328 1836 s
1344 1782 1541 1836 trum
1556 1795 1646 1836 en
1663 1775 1840 1836 tum‘
1866 1776 2301 1858 nuncupant-5.
2339 1771 2734 1858 Scripturae,

257 2039 633 2104 significatione
672 2041 1011 2104 usurpaverit
1046 2040 1309 2104 pactionis
1348 2040 1461 2087 sive
1499 2041 1658 2104 pacti.
1724 2039 1802 2089 Cf.
1843 2039 2014 2088 Exod.
2054 2039 2137 2099 24,
2168 2039 2213 2088 7.
2263 2039 2352 2088 IV.
2380 2039 2508 2104 Reg.
2540 2041 2620 2102 23,
2651 2041 2734 2088 21.

255 2127 433 2176 Jerem.
461 2130 545 2190 38,
573 2129 656 2176 31.
704 2127 867 2176 Dent.
906 2129 953 2188 9,
981 2130 1028 2176 9.
1092 2127 1246 2187 Quod
1284 2143 1531 2192 expresse
1569 2131 1796 2176 testatur
1832 2127 1885 2177 S.
1912 2127 2285 2191 Hieronymus,
2324 2126 2541 2187 Quaest.
2577 2127 2734 2177 hebr.

260 2215 307 2261 in
340 2213 529 2264 Genes.
573 2216 653 2277 17,
693 2216 741 2263 3.
806 2214 1142 2275 „Notandum
1190 2214 1332 2280 quod
1367 2215 1675 2280 ubicunque
1712 2216 1768 2263 in
1807 2213 2014 2263 Graeco
2053 2215 2455 2264 Testamentum
2491 2214 2732 2280 legimus,

256 2302 321 2348 ibi
363 2302 418 2350 in
465 2302 721 2351 Hebraeo
770 2317 1015 2350 sermone
1064 2303 1133 2352 sit
1181 2301 1370 2351 foedus
1419 2303 1532 2351 sive
1581 2305 1846 2366 pactum.“
1897 2302 1994 2363 ΙΙΙ,
2034 2303 2152 2350 331.
2214 2302 2286 2350 Et
2338 2299 2629 2351 Comment.
2680 2303 2736 2352 in

259 2387 437 2437 Jerem.
477 2391 561 2451 31,
595 2391 679 2438 31.
747 2387 936 2450 „Quod
974 2393 1153 2437 autem
1190 2393 1405 2453 pactum
1444 2405 1538 2454 pro
1577 2390 1921 2438 Testamento
1959 2390 2220 2453 ponimus,
2259 2388 2562 2438 Hebraicae
2601 2391 2734 2438 veri—

263 2477 372 2523 tatis
408 2481 504 2538 est,
541 2477 671 2525 licet
702 2476 1102 2525 Testamentum
1140 2479 1287 2524 recte
1324 2479 1537 2540 pactum
1575 2475 1890 2540 appelletur,
1930 2476 2057 2540 quia
2091 2476 2338 2525 voluntas
2381 2477 2434 2525 in
2472 2492 2534 2524 eo
2574 2481 2734 2541 atque

262 2565 461 2612 testatio
513 2579 725 2626 eorum,
778 2565 867 2628 qui
917 2567 1133 2628 pactum
1179 2564 1390 2625 ineunt,
1442 2563 1791 2612 continetur.“
1851 2563 1941 2625 IV,
1993 2565 2142 2612 1073.
2215 2563 2390 2628 Atque
2441 2563 2732 2613 clarissime

268 2649 449 2700 Comm.
504 2654 559 2701 in
611 2650 843 2701 Malach.
895 2654 942 2713 2,
995 2654 1041 2700 3.
1120 2652 1455 2712 „Notandum
1518 2650 1662 2716 quod
1715 2659 1818 2719 ΠἾᾎ
1875 2652 2096 2701 verbum
2155 2650 2483 2701 Hebraicum
2543 2652 2735 2717 Aquila

265 2745 502 2811 συνθήκην,
539 2748 574 2797 i.
614 2763 659 2797 e.
699 2751 913 2812 pactum
951 2748 1344 2812 interpretatur.
1395 2747 1560 2797 LXX.
1608 2762 1818 2812 semper
1855 2745 2084 2811 διαθήκην
2121 2748 2154 2796 i.
2193 2764 2238 2797 e.
2276 2751 2648 2798 testamentum
2686 2753 2738 2797 et

263 2833 311 2881 in
368 2835 631 2901 plerisque
706 2834 1099 2900 Scripturarum
1162 2834 1295 2885 locis
1363 2840 1740 2885 testamentum
1806 2850 1914 2884 non
1975 2834 2305 2885 voluntatem
2366 2835 2737 2886 defunctorum

264 2934 452 2985 sonare,
490 2923 587 2972 sed
623 2927 841 2987 pactum
877 2918 1217 2971 viventium.“
1260 2922 1348 2985 VI,
1389 2924 1506 2971 957.
1556 2920 1763 2971 Eadem
1813 2937 1896 2971 res
1935 2922 2218 2971 roboratur
2254 2923 2413 2972 etiam
2452 2939 2516 2972 ex
2555 2928 2735 2973 aucto—

264 3008 403 3057 ritate
448 3010 675 3059 aliorum
722 3009 1200 3058 vetustissimorum
1252 3010 1620 3073 interpretum.
1695 3010 1922 3058 Nomine
1977 3010 2280 3059 testamenti
2333 3011 2544 3074 proprie
2594 3009 2735 3059 dicto

266 3096 411 3144 utitur
459 3096 611 3147 divus
658 3095 877 3146 PauluS.
918 3095 1036 3145 Gal.
1076 3099 1123 3158 3,
1166 3099 1246 3146 15.
1308 3096 1475 3145 Hebr.
1514 3099 1562 3159 9,
1604 3097 1684 3145 15.
1752 3096 1851 3144 His
1899 3095 2141 3161 Apostoli
2189 3096 2321 3145 locis
2368 3096 2539 3145 lucem
2585 3096 2737 3146 affert

268 3194 302 3229 s.
334 3181 662 3234 Ambrosius:
705 3183 1133 3246 „Testamentum
1162 3188 1339 3233 autem
1366 3184 1574 3246 dicitur,
1612 3188 1674 3231 ut
1699 3182 1918 3249 pulchre
1958 3182 2141 3233 scribit
2178 3183 2211 3231 l.
2238 3183 2280 3232 I.
2320 3182 2385 3232 de
2423 3182 2575 3232 Cain.
2614 3198 2658 3233 c.
2689 3186 2734 3234 7.

268 3284 310 3331 p.
346 3272 470 3333 196„
522 3287 627 3337 quo
677 3271 913 3321 defertur
962 3271 1221 3322 bonorum
1274 3271 1591 3321 haereditas.
1653 3271 1844 3321 Merito
1883 3275 1934 3319 et
1971 3271 2370 3320 Testamentum
2417 3271 2632 3334 dicitur,
2684 3276 2737 3320 et

268 3354 504 3422 divinum,
557 3374 676 3408 cum
727 3373 817 3421 ea,
871 3373 1009 3423 quae
1058 3374 1181 3407 vere
1231 3359 1375 3409 bona
1424 3364 1571 3421 sunt,
1622 3360 1967 3408 attestatione
2017 3357 2387 3408 mandatorum
2427 3356 2736 3407 coelestium

272 3444 641 3494 conferuntur.“

457 3532 493 3597 1)
531 3533 600 3581 H.
640 3530 763 3581 Cor.
802 3534 850 3594 3,
890 3536 937 3581 6.
981 3534 1057 3582 14.
1132 3532 1173 3597 2)
1226 3534 1309 3595 31,
1349 3535 1431 3581 31.
1507 3533 1545 3598 3)
1587 3532 1666 3581 cf.
1708 3532 1996 3582 Clementis
2035 3532 2200 3595 Alex„
2252 3532 2501 3583 Stromat.
2541 3532 2640 3594 VI,
2681 3535 2729 3583 5.

271 3632 313 3679 p.
342 3618 449 3669 761.
499 3619 829 3682 Tertulliani,
869 3619 987 3669 adV.
1025 3619 1189 3669 Marc.
1216 3619 1308 3682 IV,
1343 3622 1386 3669 1.
1427 3636 1476 3685 p.
1508 3622 1621 3669 146.
1673 3620 1959 3681 Lactantii,
1997 3620 2126 3669 Inst.
2154 3620 2258 3669 div.
2286 3620 2378 3682 IV,
2421 3622 2500 3669 10.
2538 3638 2590 3686 p.
2617 3623 2734 3671 209.

272 3701 313 3751 S.
336 3704 607 3770 Ambrosii,
647 3722 828 3772 expos.
866 3707 967 3756 Ev.
1006 3722 1111 3756 sec.
1149 3708 1280 3755 Luc.
1307 3705 1342 3755 l.
1370 3707 1488 3759 VII.
1527 3708 1582 3755 in
1624 3708 1704 3769 10,
1732 3708 1815 3757 35.
1847 3724 1899 3771 p.
1930 3708 2080 3756 1429.
2131 3705 2183 3756 S.
2211 3706 2510 3771 Augustini,
2551 3712 2738 3757 contra

272 3788 383 3840 duas
418 3793 672 3857 epistolas
710 3792 916 3859 Pelagii
952 3794 1047 3856 ΙΙΙ,
1079 3796 1158 3843 12.
1198 3799 1233 3844 t.
1272 3794 1336 3842 X.
1364 3795 1483 3843 454.
1545 3794 1808 3856 Cassiani,
1848 3793 1968 3843 coll.
1995 3794 2137 3856 XIV,
2166 3795 2213 3843 8.
2254 3799 2304 3845 et
2345 3797 2424 3844 10.
2461 3810 2511 3859 p.
2539 3796 2656 3843 452.
2685 3796 2733 3844 6.

274 3874 339 3926 Cf.
363 3880 452 3931 Ph.
482 3880 726 3943 Codurci,
766 3880 959 3930 Annot.
998 3882 1053 3929 in
1080 3897 1160 3946 ep.
1201 3880 1269 3929 ad
1297 3881 1463 3930 Hebr.
1490 3882 1583 3943 IX,
1616 3883 1837 3930 16-18.
1863 3881 1984 3929 Par.
2016 3882 2164 3930 1647.
2209 3880 2259 3929 J.
2285 3881 2353 3930 H.
2380 3880 2736 3946 Lefflenfmst,

272 3963 376 4015 diss.
422 3984 471 4033 q.
516 3969 735 4018 nomina
781 3984 923 4017 num.
961 3968 1065 4017 div.
1106 3969 1235 4018 ordo
1273 3969 1334 4018 L.
1374 3986 1413 4017 ει.
1452 3970 1517 4017 V.
1564 3969 1625 4018 T.
1677 3970 1950 4018 sistuntur.
2011 3969 2134 4017 Hal.
2185 3970 2334 4018 1743.
2381 3986 2432 4035 p.
2470 3972 2517 4019 4.
2579 3971 2629 4020 J.
2671 3970 2734 4021 G.

268 4048 650 4117 Rosenmiilleri,
690 4055 816 4104 diss.
856 4055 921 4103 de
958 4055 1204 4105 vocabuli
1242 4053 1441 4119 διαθήκη
1480 4057 1533 4103 in
1571 4056 1749 4105 Libris
1786 4056 1850 4105 N.
1889 4057 1950 4104 T.
1990 4057 2136 4105 vario
2174 4071 2292 4119 usu,
2330 4058 2385 4106 in
2423 4057 2733 4119 Velthusen,

271 4150 433 4189 comm.
470 4141 629 4191 theol.
670 4143 739 4204 H,
780 4143 895 4191 205.
937 4156 978 4191 ε.
1051 4144 1092 4207 4)
1134 4141 1269 4193 Coll.
1307 4142 1493 4192 Matth.
1534 4144 1616 4205 25,
1657 4145 1740 4192 34.
1781 4158 1830 4201 ει,
1868 4160 1916 4208 q.
1955 4160 2006 4193 V.
2045 4144 2184 4193 Hist.
2223 4144 2283 4192 R.
2316 4145 2384 4194 D.
2421 4145 2482 4194 V.
2512 4146 2574 4194 T.
2601 4144 2733 4209 prol.

264 4238 312 4287 .p.
344 4229 389 4277 2.
426 4230 561 4278 Novi
599 4235 780 4279 autem
818 4233 872 4279 et
907 4230 1113 4279 Veteris
1151 4231 1285 4279 ratio
1324 4230 1455 4279 latet
1494 4247 1545 4279 u.
1582 4246 1633 4280 V.
1672 4232 1730 4279 in
1767 4230 2068 4280 differentia
2117 4233 2394 4296 temporis,
2445 4232 2732 4293 testatoriS,

270 4315 551 4365 testantium
589 4322 643 4366 et
678 4318 1105 4382 promissionum.
1168 4318 1211 4381 ⁵)
1246 4317 1331 4366 Ita
1367 4316 1419 4367 S.
1446 4316 1794 4381 AugustinuS,
1834 4317 1900 4367 de
1929 4317 2160 4367 Civitate
2184 4319 2285 4367 Dei
2313 4318 2429 4379 XX,
2456 4319 2504 4366 4.
2534 4334 2585 4382 p.
2613 4320 2732 4367 370.

275 4398 455 4457 „Huius
490 4405 673 4469 itaque
710 4404 883 4453 ultimi
918 4405 1100 4453 iudicii
1135 4405 1239 4454 Dei
1276 4406 1580 4454 testimonia
1616 4405 1684 4453 de
1723 4404 2008 4470 Scripturis
2047 4404 2226 4455 Sacris
2270 4419 2470 4470 ponere
2513 4406 2734 4466 institui,

272 4488 396 4548 prius
443 4490 691 4557 eligenda
738 4495 864 4541 sunt
912 4491 977 4541 de
1014 4492 1189 4543 Libris
1227 4493 1571 4543 Instrumenti
1607 4492 1762 4553 Novi,
1819 4497 2006 4557 postea
2057 4492 2121 4542 de
2169 4492 2422 4541 Veteris.“
2493 4492 2564 4541 Et
2611 4490 2734 4540 olim

273 4570 636 4641 Tertullianus,
684 4578 909 4644 Apolog.
948 4595 993 4629 c.
1036 4580 1115 4629 18.
1154 4596 1204 4643 p.
1244 4580 1327 4628 81.
1394 4578 1532 4639 „Sed
1581 4594 1687 4644 quo
1725 4578 1937 4644 plenius
1973 4585 2027 4629 et
2061 4579 2368 4644 impressius
2415 4584 2526 4629 tam
2560 4580 2734 4644 ipsum

274 4658 623 4727 dispositiones
672 4667 786 4716 eius
825 4672 878 4717 ct
916 4666 1216 4715 voluntates
1266 4664 1556 4729 adii-emus,
1607 4667 2018 4717 Instrumentum
2067 4666 2264 4716 adiecit
2307 4665 2642 4729 literaturae,
2689 4665 2735 4715 si
