3309 5300
1138 445 1202 485 De
1230 445 1399 487 Canone
1427 445 1470 486 S.
1491 445 1658 486 Libror.
1689 444 1789 487 Vet.
1820 444 1941 485 Test.
2305 486 2312 493 ,
2698 428 2783 495 25

496 622 798 688 Hucusque
826 622 890 671 de
916 623 1195 672 Ecclesiae
1232 624 1512 673 Latinae
1548 623 1773 673 testibus
1812 624 2191 688 quaesivimus,
2228 638 2369 672 nunc
2408 627 2587 671 autem
2618 621 2779 671 Afri-

284 724 490 759 canas
543 710 802 759 ecclesias
841 710 1262 773 consideremus3
1315 714 1369 759 et
1406 709 1471 759 de
1507 709 1695 759 iisdem
1739 709 2035 759 doctrinam
2084 709 2319 759 Canonis
2369 710 2432 759 V.
2481 710 2543 759 T.
2593 708 2779 759 sedulo

281 798 638 861 inquiramus.
689 797 1148 847 Tertullianus
1185 798 1575 847 vetustissimus
1603 812 1734 847 sane
1758 799 1926 858 testis,
1968 798 2059 862 qui
2089 796 2304 847 labente
2342 796 2557 846 saeculo
2586 794 2779 844 Christi

282 883 543 945 secunde,
585 888 639 934 et
673 885 892 934 ineunte
929 886 1084 933 tertio
1111 885 1242 933 vixit
1263 885 1440 935 Libris
1466 884 1570 934 illis
1597 886 1970 947 controversis,
2007 889 2069 933 ut
2093 886 2282 934 ceteris
2322 882 2375 934 S.
2403 882 2454 933 S.
2481 884 2779 948 promiscue

281 972 466 1020 utitur.
503 972 571 1020 E.
600 988 650 1036 g.
679 970 959 1021 Susannae
983 971 1231 1021 historias
1257 972 1425 1020 veluti
1447 972 1729 1021 Rebeccae
1757 977 1983 1033 enarrat,
2014 971 2079 1019 de
2106 987 2285 1020 coron.
2306 971 2411 1020 mil.
2432 972 2482 1019 4.
2509 970 2591 1019 ed.
2611 970 2778 1034 Leop.

277 1058 324 1120 1,
355 1059 475 1107 189.
513 1057 788 1121 Judithae,
817 1058 881 1108 de
905 1060 1256 1123 monogamia.
1281 1075 1332 1107 n.
1363 1061 1440 1108 17.
1477 1058 1548 1121 ΙΙ,
1577 1060 1693 1108 134.
1733 1058 2003 1107 Siracidae
2029 1058 2205 1108 verbis
2234 1059 2314 1119 15,
2344 1060 2425 1107 18.
2449 1058 2686 1122 loquitur
2712 1056 2778 1105 de

280 1144 549 1195 exhortat.
576 1149 708 1195 cast.
736 1148 784 1195 2.
821 1145 892 1207 ΙΙ,
919 1147 1000 1195 99.
1050 1146 1135 1194 De
1158 1146 1344 1194 ieiunii
1371 1146 1645 1195 effectibus
1674 1162 1717 1195 c.
1747 1148 1792 1195 7.
1830 1146 2075 1211 disquirit
2098 1145 2369 1195 laudando
2396 1146 2536 1195 Dan.
2564 1160 2608 1194 c.
2634 1144 2775 1196 XIV.

274 1232 350 1295 11,
393 1234 514 1282 187.
579 1232 887 1295 Sapientiae
929 1234 1246 1298 principium
1287 1237 1331 1295 1,
1372 1235 1418 1281 1.
1469 1235 1685 1283 summit
1720 1234 1785 1282 de
1822 1248 2054 1299 praescr.
2092 1233 2293 1283 haeret.
2328 1232 2428 1295 III,
2466 1234 2513 1281 6.
2578 1231 2779 1281 Contra

275 1319 528 1369 Judaeos
569 1320 848 1385 disputans
884 1320 948 1369 N.
975 1321 1023 1368 4.
1050 1336 1095 1369 e.
1127 1336 1171 1369 c.
1210 1320 1302 1391 IV,
1331 1322 1447 1370 299.
1497 1320 1537 1369 I.
1575 1320 1750 1369 Mach.
1790 1323 1837 1383 2,
1864 1322 1948 1369 41.
1986 1337 2027 1370 s.
2064 1320 2314 1369 historias
2352 1319 2562 1369 disertis
2598 1319 2779 1368 verbis

276 1406 642 1456 commendat.
677 1406 922 1456 Eandem
946 1422 1122 1456 rerum
1146 1407 1336 1456 faciem
1363 1407 1612 1457 exhibent
1637 1409 1834 1472 scripta
1858 1424 1899 1457 s.
1923 1406 2263 1472 Cypriani,
2290 1406 2529 1471 episcopi
2555 1404 2777 1455 Cartha-

277 1494 552 1559 ginensis,
601 1496 693 1559 qui
728 1493 972 1543 Danielis
1011 1493 1373 1543 additamenta
1411 1492 1737 1559 Scripturam
1775 1492 1826 1543 S.
1862 1496 2014 1559 ponit
2050 1510 2131 1560 ep.
2173 1494 2257 1555 58,
2295 1495 2342 1541 5.
2382 1492 2464 1541 ed.
2504 1490 2694 1541 Goldh.
2732 1491 2775 1553 I,

281 1584 406 1631 129.
446 1581 513 1630 de
541 1586 672 1630 orat.
705 1581 842 1630 dom.
871 1583 951 1629 21.
990 1581 1062 1643 ΙΙ,
1093 1583 1233 1644 167.;
1275 1580 1339 1629 de
1365 1596 1508 1645 oper.
1548 1585 1601 1629 et
1639 1580 1821 1630 eleem.
1848 1583 1896 1629 5.
1934 1581 2004 1643 Π,
2033 1583 2149 1630 227.
2201 1580 2406 1643 Tobiae
2430 1584 2549 1629 test.
2575 1582 2623 1640 3,
2653 1581 2699 1627 1.
2727 1579 2775 1628 6.

276 1670 368 1717 62.
407 1668 480 1731 ΙΙ,
521 1670 604 1717 62.
645 1670 728 1717 65.
768 1670 850 1717 92.
888 1668 954 1716 de
990 1668 1214 1716 immort.
1257 1670 1338 1717 11.
1375 1667 1448 1730 ΙΙ,
1491 1669 1634 1731 180.;
1674 1667 2043 1717 Ecclesiastici
2082 1668 2146 1716 de
2186 1684 2270 1732 op.
2310 1672 2362 1716 et
2400 1666 2669 1715 eleem.‘2.
2702 1665 2773 1726 II,

275 1758 326 1804 2.
371 1758 493 1804 226.
545 1755 671 1819 Sap.
711 1770 793 1819 ep.
832 1756 914 1803 55.
951 1753 994 1815 Ι,
1037 1756 1151 1802 115.
1191 1754 1393 1803 exhort.
1433 1755 1500 1803 ad
1536 1760 1687 1805 mart.
1730 1758 1775 1803 1.
1815 1755 1883 1816 H,
1926 1757 2040 1804 193.
2090 1754 2543 1804 Machabaeorum
2582 1770 2664 1820 ep.
2691 1754 2773 1815 58,

275 1844 326 1891 6.
369 1842 415 1904 Ι,
458 1844 574 1891 129.
614 1841 815 1891 exhort.
853 1840 922 1890 ad
958 1846 1172 1905 martyr.
1216 1844 1294 1891 11.
1331 1833 1404 1904 ΙΙ,
1443 1844 1560 1891 205.
1599 1843 1719 1891 206.

493 1928 626 1978 Aliis
664 1934 840 1978 autem
877 1929 1104 1978 testibus
1139 1928 1354 1978 Africae
1390 1929 1642 1979 hocloco
1683 1929 1943 1993 dimissis3
1991 1946 2033 1979 s.
2058 1928 2471 1994 Augustinus
2510 1926 2773 1990 audiatur,

275 2033 306 2065 e
350 2033 460 2081 quo
501 2015 851 2066 excitabimus
888 2015 1087 2077 locum,
1135 2016 1190 2065 in
1229 2017 1421 2081 quibus
1466 2017 1781 2065 Divinorum
1827 2017 2111 2066 Librorum
2156 2002 2342 2065 Canon
2380 2042 2445 2051 -—
2482 2015 2683 2065 fatente
2719 2013 2775 2062 id

271 2105 461 2168 ipsum
489 2102 546 2151 C.
573 2103 634 2151 A.
663 2102 932 2151 Crednero
960 2104 1075 2151 viro
1103 2102 1276 2151 acath.
1317 2102 1634 2153 Geschichte
1662 2103 1755 2151 des
1794 2101 2425 2153 neutestamentalischen
2460 2102 2653 2150 Kanon
2692 2100 2773 2149 ed.

275 2190 345 2240 G.
375 2190 650 2240 Volkmar.
676 2190 858 2239 Berlin
885 2192 1040 2249 1860.
1062 2207 1112 2255 p.
1140 2192 1256 2239 275.
1284 2190 1544 2240 —idem
1581 2206 1851 2255 prorsus
1890 2206 1962 2240 ac
1998 2190 2117 2240 ille
2157 2190 2579 2239 Oecumenici
2618 2188 2773 2237 Con-

274 2278 428 2326 cilii
465 2277 840 2326 Tridentini
875 2278 1116 2327 habetur.
1164 2277 1345 2327 Locus
1370 2278 1457 2327 hic
1484 2277 1741 2328 classicus
1769 2280 2031 2343 reperitur
2055 2278 2089 2327 l.
2118 2277 2181 2327 de
2209 2278 2453 2327 doctrina
2492 2276 2668 2326 christ.
2700 2275 2770 2337 II,

275 2380 326 2413 c.
351 2366 402 2414 8.
429 2365 512 2413 ed.
532 2364 752 2413 Bruder.
773 2366 855 2413 39.
877 2365 960 2413 40.
991 2363 1198 2429 dignus,
1226 2380 1381 2429 quem
1408 2364 1496 2413 hic
1522 2365 1911 2414 exscribamus:
1942 2364 2128 2431 „Totus
2153 2370 2319 2415 autem
2348 2363 2520 2413 Canon
2546 2362 2770 2427 Scriptu-

271 2468 460 2499 rarum
485 2450 565 2501 his
589 2449 733 2499 libris
757 2451 1062 2501 continetur:
1097 2450 1314 2514 quinque
1339 2449 1583 2516 Moyseo-9,
1614 2450 1673 2499 id
1697 2458 1769 2501 est
1804 2451 2004 2513 Genesi,
2030 2451 2229 2513 Εωοᾱο,
2256 2450 2491 2513 Levitico,
2519 2448 2771 2511 Numwis,

272 2536 708 2598 Deuteronomio‚·
753 2543 802 2587 et
844 2554 942 2587 uno
979 2536 1106 2587 libro
1147 2536 1274 2587 Jesu
1318 2536 1490 2598 Nave,
1535 2555 1634 2587 uno
1682 2537 1948 2600 Judicum‚
1994 2556 2093 2588 uno
2141 2537 2307 2587 libello
2356 2538 2443 2601 qui
2479 2536 2773 2600 adpellatur

271 2624 438 2690 Ruth,
475 2624 566 2690 qui
597 2626 759 2690 maqis
794 2623 864 2674 ad
900 2624 1187 2690 Reynorum
1220 2624 1528 2690 principium
1565 2624 1764 2676 videtur
1794 2626 2065 2692 pertinere,
2104 2625 2289 2677 deinde
2326 2630 2540 2690 quatuor
2574 2624 2771 2690 Reqnc-

271 2729 421 2776 mm,
470 2718 516 2762 et
566 2711 760 2762 duobus
808 2711 1256 2777 Paralipomenon,
1305 2730 1404 2762 non
1451 2714 1855 2778 consequentibus
1901 2713 1993 2765 sed
2040 2713 2189 2778 quasi
2228 2731 2262 2763 a
2308 2714 2465 2764 latere
2513 2711 2771 2762 adiunctis

269 2799 526 2864 simulque
571 2799 905 2865 perqentibus.
979 2799 1122 2850 Haec
1175 2805 1246 2849 est
1298 2799 1535 2863 historia,
1592 2817 1721 2865 quae
1773 2801 1969 2852 sibimet
2021 2800 2229 2852 adneaea
2280 2806 2507 2865 tempora
2559 2799 2771 2850 continet

270 2891 430 2950 atque
474 2885 704 2936 ordinem
751 2901 933 2940 rerum.
1007 2885 1138 2936 Sunt
1189 2887 1320 2936 aliae
1369 2894 1607 2951 tanquam
1657 2903 1723 2938 ex
1770 2887 1970 2938 diverso
2018 2886 2220 2949 ordine,
2276 2903 2405 2952 quae
2452 2903 2609 2951 neque
2656 2885 2771 2935 huic

270 2971 478 3034 ordini,
527 2989 687 3037 neque
732 2972 862 3022 inter
905 2988 957 3023 se
989 2979 1366 3036 connectuntur,
1415 2976 1541 3024 sicut
1586 2981 1658 3024 est
1702 2973 1798 3025 Job
1844 2981 1890 3025 et
1931 2975 2115 3024 Tobios
2158 2980 2203 3024 et
2240 2975 2389 3024 Ester
2424 2979 2470 3024 et
2505 2972 2687 3022 Judith
2724 2979 2769 3021 et

272 3058 710 3110 Machabaeorum
755 3059 878 3109 libri
923 3057 1024 3109 duo
1072 3066 1118 3110 et
1153 3059 1356 3110 Esdrae
1404 3059 1530 3122 duo,
1583 3063 1671 3125 qui
1715 3061 1877 3126 maqis
1922 3061 2155 3126 subsequi
2197 3061 2432 3111 videntur
2480 3058 2768 3109 ordinatam

271 3147 422 3196 ittam
469 3145 734 3196 historiam
779 3163 935 3210 usque
977 3145 1049 3196 ad
1085 3147 1375 3212 Regnorum
1421 3148 1502 3198 vel
1538 3148 1970 3212 Paralipomenon
2019 3151 2353 3199 terminatam.
2416 3146 2617 3198 Deinde
2643 3163 2766 3210 pro-

263 3233 479 3297 phetae,
521 3233 573 3282 in
610 3234 788 3297 quibus
825 3232 1001 3282 David
1045 3251 1174 3283 unus
1217 3235 1344 3284 liber
1379 3235 1701 3284 Psalmorum
1718 3273 1730 3297 ‚
1776 3242 1823 3306 et
1858 3233 2141 3285 Salomonis
2182 3241 2315 3286 tres:
2359 3233 2765 3295 Proverbiorum,

275 3318 489 3368 Cantica
529 3317 847 3370 Canticorum
883 3325 929 3370 et
965 3320 1307 3371 Ecclesiastes.
1362 3321 1499 3371 Nam
1533 3322 1613 3371 illi
1646 3321 1747 3371 duo
1783 3323 1917 3385 libri,
1956 3341 2084 3372 unus
2120 3321 2210 3387 qui
2247 3320 2514 3387 Sapientia
2549 3327 2595 3372 et
2634 3321 2767 3369 alius

273 3409 364 3470 qui
385 3406 772 3456 Ecclesiasticus
807 3407 1114 3470 inscribitur,
1159 3408 1222 3458 de
1259 3408 1482 3472 quadam
1517 3409 1848 3460 similitudine
1884 3408 2174 3460 Salomonis
2210 3425 2315 3460 esse
2350 3409 2583 3459 dicuntur
2595 3427 2613 3469 ;
2647 3425 2765 3457 nam

271 3493 424 3544 Jesus
447 3492 634 3544 Sirach
658 3510 739 3544 eos
763 3493 1110 3559 conscripsisse
1138 3496 1530 3546 constantissime
1543 3497 1841 3560 perhibetur
1864 3527 1933 3536 -
1957 3497 2178 3548 Retract.
2206 3497 2280 3557 ΙΙ,
2308 3499 2359 3560 4,
2386 3500 2434 3546 2.
2485 3495 2575 3560 Op.
2604 3496 2651 3558 I,
2676 3497 2763 3544 43.

272 3579 338 3631 de
372 3584 617 3646 scriptore
651 3581 772 3630 libri
808 3579 1101 3646 Sapientiae
1136 3583 1228 3632 hoc
1263 3582 1505 3633 iudicium
1543 3583 1790 3646 emendat,
1826 3591 1975 3649 atque
2011 3587 2123 3650 quis
2157 3586 2223 3634 sit
2259 3590 2435 3633 auctor
2473 3581 2765 3648 Sapientiae

274 3666 412 3727 dicit,
449 3685 557 3717 non
593 3666 824 3732 adparet.
865 3687 964 3730 -,·
1005 3673 1092 3733 qui
1125 3675 1292 3720 tamen
1329 3673 1564 3734 quoniam
1610 3670 1664 3720 in
1700 3674 2046 3722 auctoritatem
2082 3672 2239 3736 recipi
2273 3676 2585 3730 meruerunt,
2631 3669 2765 3719 inter

275 3755 603 3819 Propheticos
654 3755 964 3806 numerandi
1017 3764 1146 3807 sunt.
1220 3757 1428 3821 Reliqui
1477 3764 1592 3808 sunt
1652 3773 1820 3808 eorum
1875 3759 2021 3821 libri,
2083 3762 2171 3824 qui
2215 3758 2425 3823 proprie
2482 3757 2764 3822 Prophetae

275 3840 636 3905 adpellantur:
690 3841 950 3892 duodecim
998 3843 1374 3908 Prophetarum
1421 3844 1542 3897 libri
1588 3845 1803 3911 sinquli‚
1861 3848 1950 3909 qui
1995 3845 2208 3896 connexi
2250 3845 2471 3906 sibimet,
2528 3843 2762 3908 quoniam

271 3945 532 3992 nunquam
569 3929 780 3978 seiuncti
812 3935 949 3991 sunt,
983 3947 1079 3993 pro
1114 3948 1212 3980 uno
1249 3931 1493 3981 habentur
1533 3931 1923 3996 Prophetarum,
1974 3949 2184 3997 quorum
2220 3933 2427 3982 nomina
2460 3937 2575 3982 sunt
2610 3931 2763 3982 haec.-

273 4013 411 4076 Osee,
449 4014 586 4077 Joel,
625 4015 794 4076 Amos,
832 4013 1042 4078 Abdias,
1081 4016 1256 4078 Jonas,
1296 4015 1568 4080 Michaeas,
1605 4018 1827 4081 Nahum,
1880 4020 2133 4082 Habacuc,
2178 4019 2475 4084 Sopho-nias,
2514 4016 2761 4085 quaeus,

270 4101 580 4164 Zacharias,
619 4101 936 4164 Malachias,·
979 4101 1164 4153 deinde
1201 4110 1416 4168 quatuor
1441 4105 1729 4170 prophetae
1764 4113 1878 4156 sunt
1913 4106 2159 4156 maiorum
2195 4109 2533 4158 voluminum.-
2578 4107 2759 4168 Isaias,

266 4187 537 4251 Jereme‘as,
575 4189 780 4250 Daniel,
825 4189 1062 4240 Ezechiel.
1112 4191 1214 4240 His
1239 4191 1584 4256 quadraqinta
1618 4200 1835 4257 quatuor
1858 4193 2003 4243 libris
2032 4194 2337 4245 Testamenti
2372 4195 2559 4246 Veteris
2588 4194 2757 4243 termi-

267 4281 422 4324 natur
459 4278 748 4325 auctoritas.
809 4276 873 4326 In
908 4277 987 4327 his
1022 4278 1246 4327 omnibus
1281 4278 1425 4329 libris
1461 4278 1688 4330 timentes
1724 4279 1885 4328 Deum
1924 4287 1971 4330 et
1994 4281 2187 4345 pietate
2232 4285 2479 4332 mansueti
2515 4289 2761 4345 quaerunt

267 4361 574 4412 voluntatem
610 4361 760 4412 Dei.“
825 4363 1042 4413 Canone
1081 4381 1120 4414 s.
1159 4364 1444 4430 Augustini
1481 4383 1575 4431 per
1612 4369 1872 4432 integrum
1911 4370 2173 4433 appositO,
2213 4369 2587 4434 disquisitioni,
2629 4385 2757 4434 quo-

268 4449 429 4499 modo
466 4449 753 4514 Scripturis
793 4449 968 4500 Sacris
1007 4453 1360 4502 controversis
1396 4468 1524 4502 usus
1563 4455 1658 4516 sit,
1710 4455 2058 4519 supersedere
2105 4471 2401 4521 possumus.
2461 4457 2587 4506 Mox
2631 4473 2756 4506 vero

269 4552 442 4585 sermo
481 4537 700 4586 redibit:
740 4537 1046 4587 docueritne
1085 4555 1125 4588 s.
1164 4538 1508 4604 Augustinus,
1547 4546 1608 4589 ut
1645 4541 1858 4605 quidam
1891 4540 2091 4604 volunt,
2130 4544 2293 4592 alium
2331 4558 2447 4594 esse
2485 4545 2757 4606 Divinum,

271 4621 434 4673 alium
469 4623 912 4676 Ecclesiasticum
950 4623 1238 4691 Canonem,
1284 4628 1374 4696 qui
1413 4626 1624 4679 divinus
1662 4643 1770 4682 uon
1806 4629 1909 4682 sit?
1970 4630 2147 4681 Visuri
2182 4647 2364 4680 sumus
2401 4647 2452 4701 p.
2492 4633 2574 4686 32.
2613 4649 2673 4695 s.‚
2712 4635 2756 4684 si
