3309 5300
549 428 636 493 44
1232 441 1467 482 comment.
1497 440 1552 482 de
1581 442 1624 482 S.
1647 440 1861 492 scriptur.
1894 451 1987 492 cap.
2019 441 2144 492 prim.
2176 442 2284 483 sect.
2314 440 2350 481 1.

550 622 618 679 in
659 620 1178 695 Carthaginensem
1223 620 1528 679 traductus
1573 621 1776 679 fuerit.
1844 622 2007 679 Haec
2048 626 2185 680 cum*
2227 623 2369 681 satis
2413 622 2722 698 explorata
2760 624 2885 681 sint
2929 642 3053 681 non

551 728 749 784 minus
793 731 1017 785 certum
1061 730 1473 799 argumentum
1527 731 1582 785 7.
1629 726 1887 784 sumitur
1926 746 1957 783 e
2001 731 2231 785 vetusto
2262 726 2321 785 S.
2354 726 2414 785 S.
2445 726 2697 799 Canone‚
2732 746 2909 804 quem
2936 728 3049 785 sub

551 830 860 889 Nunechio
888 830 1185 907 Phrygiae
1214 832 1564 889 Pacatianae
1600 830 1995 906 Metropolim,
2030 832 2144 889 duo
2176 835 2236 888 et
2266 832 2516 905 triginta
2542 830 2818 907 Episcopi
2848 830 3049 888 edide-

551 938 697 992 runt
725 934 790 992 in
819 933 1053 1012 Synodo
1083 935 1426 1006 Laodicena,
1475 936 1777 1021 aliquanto
1806 940 1943 993 ante
1974 935 2301 993 Concilium
2330 935 2607 1009 generale.
2630 936 2960 993 Nicaenum
2990 934 3046 993 I.

551 1058 678 1097 can.
726 1039 840 1096 LX
867 1037 905 1097 ¹.
966 1040 1170 1097 Patres
1216 1038 1594 1097 Laodicenses
1639 1058 1774 1097 cum
1817 1041 2118 1110 viderent,
2167 1058 2287 1097 non
2332 1059 2451 1097 esse
2488 1059 2627 1097 suae
2673 1038 3048 1097 auctoritatis

552 1148 809 1201 statuere
855 1148 1079 1201 certum
1122 1148 1182 1201 et
1223 1146 1296 1201 ab
1341 1145 1613 1202 omnibus
1654 1144 1929 1201 Ecclesiis
1960 1144 2277 1201 tenendum
2309 1144 2617 1215 Canonem,
2652 1142 2793 1201 satis
2822 1144 3046 1200 habue-

553 1252 725 1305 runt:
757 1247 1031 1305 indubios
1060 1267 1354 1305 recensere
1377 1267 1480 1305 suo
1511 1248 1785 1321 Catalogo
1815 1248 2014 1320 libros,
2048 1248 2377 1325 quaestioni
2400 1252 2597 1306 autem
2620 1247 2953 1324 iudicioque
2976 1246 3048 1303 de

552 1353 746 1410 dubiis
768 1356 828 1409 et
850 1354 1200 1430 apocryphis
1223 1354 1691 1428 supersederunt.
1724 1352 2093 1428 Quapropter
2116 1352 2309 1427 potius
2331 1371 2507 1429 quam
2538 1353 2699 1427 operi
2726 1349 3047 1409 definiendi

551 1456 845 1513 Canonem
890 1456 1237 1514 satisfecerit
1275 1457 1602 1515 Laodicena
1642 1458 1939 1534 Synodus,
1989 1455 2369 1514 difficultates
2408 1457 2520 1513 hac
2571 1456 2637 1513 in
2688 1475 2753 1512 re
2806 1454 3050 1513 videtur

551 1561 816 1630 auxisse3
863 1563 1018 1619 unde
1055 1581 1197 1619 sane
1239 1562 1436 1619 omnia
1481 1561 1726 1639 definire
1774 1580 2001 1619 necesse
2046 1565 2175 1618 erat
2218 1560 2327 1618 tali
2371 1579 2438 1617 ac
2477 1564 2646 1618 tanta
2672 1560 3044 1629 auctoritate,

552 1686 700 1744 quae
729 1668 947 1743 ubique
978 1666 1222 1726 valeret.
1284 1667 1365 1723 Et
1407 1667 1518 1724 hoc
1563 1666 1799 1744 quidem
1840 1667 2018 1741 probe
2058 1666 2332 1738 congruit
2372 1664 2632 1722 Concilio
2661 1664 3048 1721 Oecumenico

550 1772 842 1842 Nicaeno‚
899 1773 1064 1828 cuius
1115 1772 1346 1829 decreto
1392 1776 1536 1829 teste
1581 1770 1968 1828 Cassiodorio:
2019 1770 2524 1842 ,sacramentis
2577 1772 2875 1843 aptatus
2930 1770 3050 1823 est

551 1894 592 1931 n
606 1895 715 1931 um
729 1894 760 1931 e
774 1895 805 1932 r
815 1895 893 1931 us
925 1874 981 1932 S.
1017 1874 1497 1949 Scripturarum.‘

667 2151 725 2229 ξ.
778 2148 876 2215 13.
939 2145 1266 2210 Eusebii
1314 2146 1882 2212 Caesareensis
1932 2147 2199 2231 opinio
2247 2146 2331 2209 H.
2380 2145 2458 2209 E.
2506 2145 2631 2228 III,
2680 2148 2781 2212 25.
2832 2143 2927 2208 de

1241 2257 1558 2323 Canone
1603 2258 1683 2322 N.
1732 2257 1809 2322 T.
1858 2257 2345 2323 enucleatur.

759 2448 1145 2499 Difficultatem
1179 2448 1282 2499 hac
1306 2450 1362 2499 in
1388 2466 1444 2498 re
1468 2450 1709 2515 ingerere
1734 2449 1980 2499 videntur
2002 2450 2193 2499 Patres
2228 2454 2284 2499 et
2319 2448 2613 2514 Scriptores
2651 2448 2915 2511 nonnulli,
2953 2450 3049 2515 qui

551 2541 674 2602 post
708 2536 1000 2586 Nicaenam
1039 2535 1312 2601 Synodum
1351 2536 1559 2587 diverso
1598 2538 1667 2586 ab
1705 2536 1805 2585 hac
1844 2551 2004 2586 sensu
2042 2536 2093 2587 S.
2122 2536 2175 2587 S.
2200 2537 2263 2585 L.
2288 2537 2353 2587 L.
2385 2538 2765 2586 recensuerint.
2811 2536 2878 2585 In
2914 2536 3047 2585 isto·

552 2638 668 2673 rum
704 2638 923 2674 numero
959 2623 1215 2688 imprimis
1242 2622 1517 2676 habendus
1545 2628 1627 2674 est
1662 2624 1992 2674 Eusebius
2032 2622 2534 2688 Caesareensis‚
2582 2624 2734 2673 cuius
2766 2622 3047 2689 catalogus

552 2711 850 2761 divinorum
897 2710 1227 2759 voluminum
1275 2711 1346 2760 H.
1382 2711 1447 2760 E.
1485 2711 1582 2774 ΙΠ,
1623 2713 1705 2760 25.
1756 2728 1807 2776 p.
1846 2713 1929 2761 97.
1978 2725 2012 2760 a
2060 2712 2295 2773 nemine,
2347 2713 2437 2775 qui
2472 2712 2529 2760 in
2566 2710 2841 2760 Canonem
2876 2711 2941 2761 N.
2982 2711 3046 2759 T.

550 2797 856 2862 inquirendi
903 2797 1196 2862 periculum
1242 2798 1388 2859 facit,
1426 2799 1774 2862 praetermitti
1822 2803 2013 2864 potest.
2072 2799 2137 2848 In
2176 2798 2276 2848 hoc
2314 2798 2559 2863 catalogo
2597 2799 2869 2848 Eusebius
2907 2797 3046 2847 duas

551 2884 680 2934 fecit
716 2881 769 2934 S.
800 2884 1082 2933 Librorum
1120 2884 1336 2946 classes,
1377 2899 1600 2949 quarum
1635 2886 1807 2949 prima
1844 2885 2209 2950 complectitur
2244 2878 2331 2942 τὰς
2368 2881 2689 2950 δηλωθείσας,
2726 2886 2839 2935 sive
2879 2881 3041 2933 ἐνδια-

557 2967 730 3033 θήκους
779 2966 994 3038 γραφάς,
1041 2971 1076 3019 i.
1115 2986 1161 3020 e.
1205 2971 1423 3034 Libros,
1476 2986 1609 3037 quos
1662 2970 1963 3022 Canonicos
2010 2971 2368 3036 adpellamus3
2418 2971 2588 3021 altera
2633 2965 2719 3030 τὰς
2754 2964 2945 3039 γραφὰς
2986 2967 3043 3029 ἃς

551 3054 893 3124 παραιτητέον,
945 3056 994 3107 h.
1034 3074 1078 3106 e.
1125 3058 1288 3107 libros
1338 3057 1699 3122 repudiandos
1747 3059 1860 3108 sive
1910 3058 2263 3124 apocryphos.
2322 3058 2385 3107 In
2434 3058 2604 3108 classe
2652 3059 2825 3124 prima
2860 3073 3046 3108 rursus

559 3144 862 3209 distinguit:
915 3139 1310 3212 ὁμολογούμενα,
1357 3145 1555 3212 script-a
1591 3146 1825 3194 omnium
1863 3144 2113 3194 concordi
2150 3160 2309 3195 sensu
2346 3149 2587 3209 recepta,
2633 3145 2754 3193 dein
2792 3138 3047 3212 ἀντιλεγό-

557 3247 701 3302 μενα,
753 3245 892 3296 quae
929 3232 1102 3281 minus
1153 3233 1418 3280 communi
1456 3247 1723 3282 consensu
1770 3233 1907 3281 inter
1942 3233 2169 3282 Divinas
2220 3232 2522 3298 Scripturas
2560 3231 2763 3281 relatae
2800 3231 3046 3295 fuerant3

554 3317 785 3382 denique
831 3313 947 3366 νόθα
993 3318 1026 3366 i.
1065 3333 1111 3368 e.
1159 3318 1283 3367 libri
1333 3320 1424 3384 qui
1472 3317 1629 3368 utiles
1680 3323 1827 3381 sunt,
1880 3319 2122 3382 quamvis
2170 3320 2353 3384 spurii.
2425 3318 2525 3367 His
2574 3319 2818 3368 omnibus
2868 3317 3047 3369 classe

553 3404 724 3454 altera
773 3406 992 3470 opponit
1038 3405 1204 3456 libros
1253 3405 1587 3456 reiiciendos.
1653 3405 1737 3454 Ad
1786 3400 2159 3474 ὁμολογούμενα
2206 3405 2463 3456 collocat:
2513 3405 2840 3472 Evangelia,
2890 3406 3045 3468 Acta,

554 3509 596 3542 s.
621 3491 777 3541 Pauli
815 3492 1086 3558 epistolas,
1125 3494 1346 3558 primam
1383 3510 1423 3543 s.
1451 3510 1492 3543 s.
1517 3493 1665 3543 Petri
1703 3496 1757 3542 et
1790 3492 2017 3543 Joannis
2056 3497 2216 3558 atque
2247 3492 2641 3558 Apocalypsim,
2681 3493 2828 3542 addit
2862 3498 3047 3542 tamen

556 3575 652 3646 ε’ίγε
690 3575 874 3645 φανείη,
907 3580 953 3628 si
988 3579 1188 3644 placita
1210 3580 1491 3629 videbitur.
1542 3577 1929 3648 ’Λντιλεγομένας
1966 3584 2126 3630 vocat
2151 3579 2433 3644 epistolam
2458 3595 2499 3628 s.
2526 3595 2567 3628 s.
2592 3579 2805 3642 Jacobi,
2841 3579 3043 3642 Judae,

555 3665 848 3714 secundam
886 3666 1047 3728 Petri,
1101 3667 1327 3716 Joannis
1376 3668 1502 3715 item
1551 3665 1773 3716 alteram
1825 3671 1877 3715 et
1912 3668 2149 3729 tertiam3
2200 3671 2253 3715 et
2288 3665 2355 3714 H.
2383 3667 2447 3715 E.
2486 3665 2520 3714 l.
2559 3682 2603 3714 c.
2642 3680 2758 3731 cap.
2787 3669 2835 3715 3.
2872 3683 2925 3732 p.
2963 3668 3046 3715 72.

554 3751 624 3801 ad
658 3752 940 3802 Hebraeos
977 3757 1139 3817 atque
1175 3753 1272 3815 111,
1313 3754 1394 3802 24.
1433 3769 1483 3817 p.
1522 3755 1605 3802 96.
1666 3752 2061 3818 Apocalypsim.
2121 3753 2205 3802 De
2242 3752 2343 3801 hac
2386 3753 2681 3818 posteriore
2718 3753 2773 3801 in
2811 3752 3043 3802 deterio-

765 3938 802 4003 ¹)
841 3938 1030 3999 Mansi,
1068 3937 1138 3998 ΙΙ,
1176 3939 1294 3986 595.
1343 3935 1602 4001 epocham
1649 3936 1807 3986 huius
1846 3935 2073 3986 Concilii
2118 3935 2292 3986 medio
2338 3940 2576 4001 tempore
2621 3937 2759 3984 inter
2794 3935 3042 3985 Neocae-

554 4039 858 4074 sareensem
895 4039 941 4073 a.
981 4025 1098 4073 314.
1149 4028 1202 4072 et
1236 4023 1528 4072 Nicaenam
1572 4022 1833 4086 synodum
1872 4022 2227 4072 universalem
2266 4038 2313 4073 a.
2353 4025 2471 4072 325.
2509 4023 2709 4084 statuit,
2749 4037 2892 4072 anno
2930 4023 3046 4072 fere

553 4112 671 4160 320.
732 4109 1073 4159 Authentiam
1120 4108 1355 4159 Canonis
1394 4108 1621 4158 Concilii
1657 4109 1953 4158 Laodiceni
1998 4111 2331 4175 impugnavit
2378 4108 2621 4176 Spittler,
2668 4109 2788 4158 krit.
2826 4109 3046 4159 Unters.

552 4198 648 4248 des
683 4197 798 4246 LX.
835 4196 1056 4246 Laodic.
1093 4197 1331 4246 Kanons.
1369 4196 1613 4246 Bremen.
1655 4198 1823 4258 1777.,
1872 4196 2211 4247 vindicarunt
2247 4197 2297 4246 J.
2336 4197 2421 4246 W.
2458 4194 2685 4258 Bickell,
2722 4197 2830 4244 Zur
2866 4196 3046 4261 Frage

550 4285 686 4333 iiber
722 4283 808 4332 die
841 4282 1126 4332 Aechtheit
1166 4283 1260 4332 des
1294 4282 1517 4333 Laodic.
1567 4281 1954 4346 Bibelkanons,
2003 4285 2057 4332 in
2096 4283 2244 4333 Stud.
2282 4298 2332 4332 u.
2371 4282 2503 4331 Krit.
2544 4283 2695 4331 1830.
2741 4298 2795 4347 p.
2832 4283 2953 4332 591.
2994 4287 3049 4331 et

553 4369 761 4430 Hefele,
813 4365 1396 4435 Conciliengeschichte
1431 4370 1474 4432 Ι,
1517 4371 1632 4419 750.
1673 4371 1789 4418 751.
1849 4370 1968 4418 Em.
2007 4369 2164 4419 Card.
2202 4369 2365 4430 Pina,
2414 4368 2561 4418 Juris
2598 4367 2809 4418 Eccles.
2848 4367 3045 4418 Graec.

553 4455 671 4506 hist.
719 4460 773 4506 et
807 4472 947 4506 mon.
985 4456 1026 4520 Ι,
1065 4457 1182 4506 506.
1221 4473 1262 4506 s.
1311 4472 1362 4505 u.
1403 4473 1450 4506 v,
1486 4473 1538 4521 p.
1577 4456 1679 4517 28.,
1732 4456 1834 4504 sibi
1884 4455 2156 4506 Canonem
2202 4456 2343 4505 hunc
2393 4454 2561 4504 videri
2598 4469 2841 4504 mancum
2882 4454 3045 4518 dicit3

552 4558 677 4592 nam
714 4542 881 4592 codex
919 4543 1240 4594 Veronensis
1277 4544 1360 4592 55.
1409 4542 1731 4604 Balleriniis,
1768 4541 1906 4608 App.
1944 4542 2012 4591 ad
2046 4542 2146 4607 Op.
2175 4542 2226 4592 S.
2253 4542 2454 4592 Leonis
2490 4541 2587 4606 ΠΙ,
2615 4543 2734 4590 442.
2772 4541 3044 4603 laudatus,

553 4630 784 4681 restituit
817 4629 1212 4696 Apocalypsim,
1249 4645 1387 4696 qnae
1423 4631 1479 4678 in
1517 4645 1580 4679 eo
1619 4628 1918 4682 deficiebat.
2756 4611 2767 4618 ’
