3309 5300
525 393 611 458 54
1209 406 1445 449 comment.
1477 406 1531 448 de
1560 409 1603 448 S.
1627 406 1839 457 scriptur.
1870 417 1965 457 cap.
1995 406 2122 457 prim.
2154 405 2263 447 sect.
2292 405 2329 447 Ι.

527 586 742 635 buenda
801 585 936 635 haec
997 600 1114 633 esse
1174 582 1336 633 Caio
1397 582 1766 633 Ecclesiae
1823 582 2159 631 Romanae
2228 584 2656 648 presbyterO,
2728 584 2842 649 qui
2903 586 3023 635 sub

526 674 800 723 Victore
839 676 900 721 et
936 670 1314 736 Zephyrino
1351 669 1837 731 Pontificibus,
1869 674 2003 719 teste
2029 668 2239 733 Photi0,
2265 672 2323 719 in
2347 670 2599 721 Biblioth.
2632 670 2748 720 cod.
2773 672 3023 721 XLVIII.

527 760 820 810 floruit“.
861 758 942 808 of.
971 757 1034 808 Gr.
1059 759 1310 823 Lumper,
1347 758 1484 807 Hist.
1523 756 1595 807 th.
1635 773 1705 806 cr.
1732 756 1867 822 Aug.
1894 756 2051 821 Vind.
2082 758 2231 807 1790.
2258 758 2378 821 VII,
2409 759 2489 808 17.
2517 774 2558 808 s.
2598 759 2749 819 Quae
2774 758 2843 807 ad
2880 759 3025 808 hanc

529 850 888 897 coniecturam
925 844 1399 895 commendandam
1437 845 1610 895 adfert
1645 846 1728 894 vir
1765 844 2118 907 doctissimus,
2157 847 2436 911 sequentia
2471 850 2644 895 sunt0.
2698 848 2744 894 1.
2768 845 3024 911 Disputa-

526 937 726 985 tionem
751 934 868 982 Caii
904 934 1056 983 istius
1083 933 1411 1001 disertissimi
1445 934 1562 995 viri,
1600 932 1838 981 habitam
1863 932 2064 981 Romae
2103 934 2427 997 temporibus
2459 932 2729 997 Zephirini
2765 933 3025 982 adversus

527 1022 775 1072 Proclum
822 1021 1104 1086 quemdam
1141 1020 1599 1085 Oataphrygarum
1648 1019 1885 1069 haeresis
1923 1024 2385 1085 propugnatorem,
2440 1025 2699 1069 memorat
2734 1020 3026 1081 Eusebius,

529 1110 598 1159 H.
635 1110 700 1158 E.
737 1109 829 1171 VI,
868 1110 951 1158 20.
990 1125 1040 1173 p.
1079 1110 1198 1157 222.
1238 1113 1291 1157 et
1337 1108 1390 1157 S.
1427 1108 1804 1171 Hieronymus,
1851 1106 1963 1156 fere
2012 1107 2199 1156 iisdem
2248 1108 2442 1169 verbis,
2490 1107 2555 1156 de
2602 1109 2699 1156 vir.
2736 1106 2811 1157 ill.
2852 1124 2897 1157 c.
2935 1108 3021 1157 59.

527 1213 579 1261 p.
621 1198 735 1245 136.
790 1196 1012 1245 Accedit
1067 1199 1119 1244 et
1168 1194 1393 1245 alterum
1442 1196 1488 1244 2.
1526 1196 1796 1244 robustius
1846 1199 2230 1258 argumentum.
2292 1194 2478 1244 Refert
2524 1194 2834 1259 Anonymus
2879 1211 2933 1244 u.
2971 1212 3025 1244 v.

531 1282 796 1333 celebrem
847 1283 1130 1331 Hermae
1185 1282 1555 1344 Pastorem,
1616 1283 1997 1345 nuperrime
2054 1281 2471 1345 temporibus
2531 1284 2817 1344 nostris,
2880 1298 3025 1331 con-

531 1372 871 1436 scriptum.
918 1370 1043 1419 Jam
1100 1370 1239 1418 inter
1276 1368 1509 1418 eruditos
1547 1373 1757 1417 constat
1801 1369 2057 1417 Hermam
2105 1368 2347 1418 floruisse
2394 1369 2463 1418 ad
2508 1369 2785 1418 dimidium
2822 1368 3027 1418 saeculi

531 1457 766 1507 secundi.
821 1457 893 1506 Et
931 1462 1071 1505 certe
1109 1457 1155 1505 si
1192 1461 1319 1505 tunc
1353 1455 1650 1505 Romanam
1689 1455 1995 1504 cathedram
2030 1457 2201 1505 tenuit
2236 1456 2364 1505 Pius
2399 1456 2469 1519 1.;
2505 1455 2647 1505 illius
2684 1456 2849 1505 frater
2884 1471 2936 1505 u.
2972 1472 3024 1505 v,

529 1545 805 1594 Pastorem
853 1545 1126 1608 scripsisse
1175 1543 1431 1592 dicendus
1483 1547 1563 1591 est
1611 1558 1655 1591 c.
1696 1557 1743 1591 a.
1785 1544 1900 1592 150.
1960 1543 2031 1591 At
2067 1542 2229 1592 Caius
2274 1544 2406 1592 vixit
2459 1542 2761 1592 adhucdum
2801 1543 2934 1605 196.,
2974 1547 3028 1591 et

531 1630 666 1681 nihil
711 1632 902 1693 obstat,
950 1632 1078 1695 quin
1133 1635 1293 1680 antea
1337 1628 1470 1679 haec
1520 1631 1805 1694 scripserit.
1866 1630 2107 1679 Tandem
2152 1632 2200 1679 3.
2239 1630 2521 1695 fragmenti
2576 1635 2763 1680 auctor
2816 1634 3024 1679 narrat:

535 1717 1049 1783 „Apocalypsim
1096 1719 1292 1766 etiam
1335 1716 1668 1766 Johannis
1725 1722 1787 1766 et
1839 1717 2024 1766 Petri
2079 1721 2335 1766 tantum
2387 1718 2779 1782 recipimus,
2836 1732 3028 1782 quam

532 1805 802 1871 quidam
839 1820 914 1853 ex
949 1806 1202 1854 nostris
1239 1803 1374 1869 legi
1410 1806 1478 1853 in
1513 1804 1833 1854 Ecclesia
1867 1804 2158 1854 nolunt“.
2195 1804 2362 1855 Recte
2389 1803 2524 1854 haec
2548 1806 2606 1854 in
2631 1805 2751 1854 Caii
2786 1809 3029 1869 tempora

531 1894 872 1943 conveniunt.
910 1892 1197 1953 Eusebius,
1235 1891 1303 1940 H.
1341 1892 1406 1941 E.
1443 1892 1540 1954 III,
1579 1894 1663 1941 25.
1699 1909 1751 1957 p.
1790 1894 1874 1942 97.
1911 1891 2289 1957 Apocalypsim
2325 1892 2471 1941 Petri
2507 1893 2646 1941 inter
2682 1893 2873 1941 dubios
2912 1893 3027 1956 qui-

531 1981 651 2030 dem
688 1979 851 2030 libros
888 1984 1148 2043 recenset,
1186 1995 1295 2029 non
1330 1985 1509 2029 tamen
1546 1981 1731 2029 abiicit
1754 1978 1921 2029 veluti
1958 1979 2345 2029 haereticorum
2381 1979 2600 2029 foetum.
2641 1978 2722 2028 of.
2752 1978 3026 2041 Grabium,

533 2067 674 2132 Spic.
711 2067 854 2116 Patr.
889 2067 933 2129 I,
974 2068 1054 2116 71.
1083 2083 1124 2116 s.
1162 2067 1315 2117 Haec
1351 2066 1441 2116 ille
1479 2067 1695 2132 quidem
1732 2067 2015 2132 fragmenti
2050 2068 2249 2131 primus
2288 2067 2457 2116 editor
2494 2068 2757 2131 opinatur,
2796 2082 3029 2131 quocum

531 2156 768 2205 sentiunt
791 2154 940 2203 multi
965 2155 1064 2202 viri
1089 2155 1298 2216 eruditi,
1326 2154 1444 2204 aliis
1470 2155 1917 2219 repugnantibus3
1955 2155 2209 2217 imprimis
2236 2155 2362 2219 quia
2389 2154 2591 2203 Caius
2630 2154 2773 2218 apud
2798 2153 3029 2203 eundem

530 2241 842 2302 Eusebium,
880 2241 948 2289 H.
986 2241 1052 2289 E.
1089 2241 1186 2303 ΠΙ,
1225 2242 1308 2290 28.
1343 2258 1396 2306 p.
1435 2244 1517 2291 99.
1557 2258 1597 2291 s.
1645 2242 1942 2291 Joannis
1978 2240 2461 2305 Apocalypsim
2514 2240 2824 2290 Cerinthi
2877 2256 3029 2289 esse

533 2330 810 2391 existimet,
863 2343 1022 2393 quam
1059 2327 1274 2393 quidem
1319 2328 1628 2393 Anonymus
1665 2345 1761 2394 pro
1806 2328 2081 2377 Canonica
2128 2328 2306 2378 habet.
2366 2328 2615 2377 Attamen
2652 2327 2797 2377 haud
2833 2329 2932 2378 abs
2969 2343 3027 2376 re

533 2431 829 2477 censemus,
865 2431 1082 2480 prorsus
1118 2416 1378 2465 incertum
1415 2431 1533 2465 esse
1568 2431 1695 2465 num
1721 2417 1897 2465 verbis
1924 2415 1957 2465 l.
1986 2431 2031 2464 c.
2074 2409 2481 2483 ῃάποκαλῦψεσιν,
2518 2412 2587 2473 ὡς
2624 2408 2715 2465 ὑπὸ
2752 2409 3029 2465 ἀποστόλου

535 2499 752 2571 μεγάλου
787 2500 1174 2571 γεγραμμέναις“
1215 2502 1544 2568 significetur
1579 2501 1933 2567 Apocalypsis
1971 2502 2020 2551 d.
2055 2502 2299 2551 Joannis.

741 2591 894 2641 Haec
930 2606 1057 2640 vero
1095 2589 1222 2639 licet
1259 2591 1366 2639 sint
1401 2591 1622 2653 incerta,
1658 2594 1840 2639 tamen
1878 2590 2183 2656 antiquitati
2206 2590 2475 2656 scriptoris
2502 2605 2704 2639 summe
2730 2589 3030 2639 venerabili

534 2679 668 2728 nihil
692 2679 967 2744 derogant,
1004 2677 1242 2743 nihilque
1282 2679 1472 2740 obstat,
1512 2679 1793 2743 quominus
1830 2679 2058 2743 pretium
2095 2677 2254 2727 huius
2290 2679 2579 2728 testimonii
2616 2693 2777 2744 quam
2814 2679 3030 2727 maximi

535 2766 809 2814 faciamus.
868 2765 932 2813 In
970 2763 1111 2829 quod
1157 2765 1545 2814 aestimandum
1599 2766 1677 2815 ire
1728 2781 1837 2814 non
1891 2765 2118 2815 suadent
2164 2765 2351 2827 solum,
2406 2767 2502 2815 sed
2548 2771 2750 2830 cogunt
2795 2767 3032 2815 rationes

537 2853 896 2918 gravissimae.
937 2850 1173 2917 Scriptor
1197 2851 1286 2902 ille
1313 2867 1360 2901 a.
1387 2853 1464 2901 ita
1494 2853 1620 2917 agit,
1647 2857 1708 2901 ut
1732 2853 2087 2902 dubitandum
2116 2870 2224 2903 non
2250 2855 2319 2903 sit
2343 2852 2395 2903 S.
2423 2852 2722 2918 Scripturas
2759 2855 2867 2902 iam
2902 2855 3035 2903 satis

536 2941 628 2989 diu
653 2940 971 3001 hominibus,
1005 2941 1144 2988 inter
1170 2955 1302 3005 quos
1325 2941 1558 3002 vivebat,
1596 2945 1751 2989 notas
1778 2943 2093 3005 agnitasque
2120 2941 2312 3004 fuisse3
2350 2945 2513 3006 atque
2540 2940 2673 2991 adeo
2703 2941 3034 2990 Canonem

535 3027 600 3076 N.
637 3026 699 3075 Τ.
737 3030 886 3075 ante
923 3024 1262 3075 saeculum
1297 3027 1652 3076 secundum
1688 3029 1754 3076 in
1789 3027 2099 3077 Ecclesia
2134 3027 2423 3077 Romana
2461 3027 2838 3078 absolutum
2876 3029 3033 3077 exsti-

538 3115 681 3164 tisse.
719 3113 883 3162 Porro
920 3114 972 3162 b.
1001 3114 1078 3162 sic
1114 3111 1347 3177 loquitur
1384 3112 1448 3160 de
1487 3113 1539 3162 S.
1567 3113 1857 3179 Scriptura,
1894 3119 1954 3164 ut
1990 3119 2251 3180 appareat
2287 3130 2408 3164 eum
2442 3130 2551 3164 non
2587 3115 2743 3164 modo
2782 3130 2936 3164 suam
2967 3116 3035 3164 de

535 3199 640 3248 illis
664 3199 842 3249 Libris
867 3200 1104 3265 proferre
1130 3201 1460 3264 opinionem3
1486 3201 1582 3250 sed
1605 3201 1877 3266 publicam
1900 3203 2183 3251 universae
2208 3202 2489 3252 Ecclesiae
2516 3203 2581 3252 de
2605 3203 2671 3252 iis
2697 3204 3033 3252 sententiam.

537 3303 583 3336 c.
619 3288 778 3336 Patet
815 3303 878 3335 ex
916 3287 1018 3336 hoc
1063 3287 1361 3352 fragmento
1412 3289 1682 3338 veterrimi
1728 3290 1849 3338 aevi
1884 3288 2200 3351 Ecclesiam,
2250 3304 2456 3339 summa
2502 3305 2631 3338 cura
2668 3295 2721 3339 et
2757 3290 3037 3355 diligentia

536 3376 594 3423 in
643 3373 954 3438 colligendis
989 3374 1166 3424 Libris
1205 3374 1490 3424 Canonicis
1527 3375 1693 3425 fuisse
1730 3379 2013 3437 versatam,
2056 3379 2218 3440 atque
2239 3376 2563 3429 authentica
2599 3377 2667 3426 ab
2714 3376 3035 3443 apocryphis

537 3463 750 3526 scriptis
788 3465 944 3510 caute
981 3461 1299 3512 distinxisse.
1359 3462 1648 3511 Enimvero
1686 3464 1929 3528 quisquis
1964 3461 2054 3512 ille
2092 3463 2404 3528 Anonymus
2442 3465 2627 3527 fuerit,
2672 3465 2775 3516 hoc
2812 3465 3034 3514 indubie

536 3553 787 3598 testatur:
837 3547 1137 3597 Ecclesiam
1175 3547 1508 3598 Catholicam
1552 3551 1787 3613 genuina
1832 3550 2104 3615 possidere
2148 3551 2523 3616 Apostolorum
2562 3553 2783 3616 scripta,
2830 3552 3035 3600 Haere-

540 3637 674 3685 ticos
712 3639 898 3684 contra
935 3636 1261 3700 subreptitiis
1299 3635 1511 3701 gloriari
1549 3637 1851 3702 spur-iisque
1889 3638 2176 3687 eorundem
2212 3638 2376 3688 libris.
2436 3640 2628 3704 Itaque
2672 3640 3037 3689 testimonium

538 3727 776 3772 nostrum
824 3721 1001 3772 valide
1049 3723 1246 3774 refellit
1293 3725 1503 3773 criticos
1553 3723 1710 3773 huius
1759 3726 2009 3789 temporis
2045 3725 2717 3791 Neo-Tubingenses
2762 3727 3035 3791 cognomi-

539 3815 710 3872 natos,
759 3811 851 3876 qui
886 3810 1134 3876 neglecta
1170 3810 1506 3861 historiarum
1542 3811 1681 3873 luce,
1730 3812 1946 3877 ingenio
1985 3827 2081 3861 suo
2132 3812 2469 3877 indulgentes
2514 3817 2747 3863 tantum:
2797 3814 2889 3862 vix
2926 3828 3037 3862 non

541 3913 724 3948 omnes
759 3899 824 3948 N.
861 3899 922 3948 Τ.
961 3900 1152 3950 Libros
1189 3903 1310 3964 post
1343 3899 1574 3949 medium
1612 3899 1825 3949 demum
1862 3899 2135 3949 saeculum
2171 3915 2205 3950 a
2242 3899 2300 3949 O.
2338 3901 2403 3950 N.
2441 3901 2683 3963 alterum,
2720 3906 2877 3950 natos
2916 3917 3036 3950 esse

540 3990 739 4034 temere
777 3987 1129 4050 suspicantur.
1179 3986 1380 4036 Contra
1415 3988 1544 4036 istos
1583 3985 1635 4036 S.
1664 3986 1966 4051 Scripturae
2000 3989 2299 4051 pertinaces
2324 3989 2721 4054 impugnatores
2757 3987 3037 4054 praeclare

546 4071 835 4138 disputavit
879 4073 948 4123 H.
989 4072 1053 4123 G.
1089 4073 1443 4137 Hoelemann,
1479 4074 1632 4124 Neue
1670 4073 2055 4124 Bibelstudien.
2091 4075 2279 4141 Leipz.
2321 4076 2469 4126 1866.
2506 4076 2675 4142 praef.
2712 4093 2764 4142 p.
2804 4078 2852 4125 6.
2892 4091 2935 4125 s.
