3309 5300
1274 448 1419 489 nimia
1446 449 1489 488 S.
1512 448 1734 500 Cyrillien.
2629 436 2753 499 239

258 628 467 685 literas
508 629 755 687 slavicas
802 648 933 685 cum
982 630 1161 686 sacris
1218 628 1573 687 Christianis
1618 630 1706 685 ita
1751 633 2184 703 propagarunt,
2243 633 2312 684 ut
2361 627 2570 685 literae
2616 628 2752 685 reli-

259 733 471 805 gionis,
515 733 727 806 religio
774 734 1081 791 literarum
1131 734 1423 791 exteriore
1467 734 1886 810 quodammodo
1939 732 2196 789 subsidio
2248 737 2750 807 promoverentur.

262 837 450 908 ,Cum
479 838 943 896 Slovenorum
975 858 1139 911 gens
1173 839 1322 895 sive
1359 837 1830 911 Bulgarorum
1869 835 2498 910 non-intelligeret
2533 837 2754 894 libros

260 961 513 1014 graece
558 943 1040 1017 conscriptOS.
1072 987 1085 999 .
1116 944 1153 999 .‘
1214 944 1415 1019 inquit
1458 943 1816 1017 biographus
1861 941 2140 998 Vetustus
2185 940 2240 997 S.
2287 940 2599 998 Clementis
2642 941 2751 1015 Ep.

258 1044 653 1119 Bulgarorum
676 1078 765 1087 -—-
789 1044 1293 1122 Theophylactum
1324 1045 1679 1120 discipulum
1709 1066 1753 1103 s.
1785 1044 2102 1102 Clementis
2131 1063 2278 1101 saec.
2311 1043 2426 1101 IX.
2461 1048 2754 1103 auctorem

264 1149 446 1206 huius
503 1151 663 1208 vitae
724 1150 963 1207 habent.
1012 1182 1096 1192 —·
1144 1149 1563 1223 excogitant
1620 1148 2032 1207 slovenicas
2091 1149 2379 1219 literas,
2443 1154 2512 1205 et
2569 1149 2752 1207 divi-

263 1255 466 1310 nitus
525 1255 935 1329 inspiratas
994 1254 1413 1329 Scripturas
1472 1274 1503 1310 e
1556 1271 1814 1327 graeca
1872 1253 2120 1326 lingva
2178 1255 2249 1309 in
2311 1252 2754 1327 bulgaricam

260 1360 598 1415 vertunt.‘
664 1358 882 1415 Graece
927 1359 1013 1415 ita
1056 1362 1258 1416 sonat:
1316 1353 1456 1434 ,ἐπεὶ
1500 1354 1563 1413 δὲ
1606 1354 1668 1413 τὸ
1713 1358 1820 1413 τῶν
1867 1353 2194 1427 Σθλοβενῶν
2239 1355 2400 1433 γένος
2447 1354 2524 1413 εἴτ
2567 1354 2753 1413 Βουλ-

262 1459 449 1537 γάρων
483 1458 755 1530 ἀσυνέτως
790 1452 939 1538 εἶχον
969 1465 1076 1517 τῶν
1109 1458 1309 1517 ἑλλάδι
1339 1459 1569 1541 γλώσσῃ
1599 1459 2000 1533 συντεθεμένων
2031 1460 2288 1538 γράφων..
2312 1504 2324 1517 .
2345 1504 2357 1516 .
2392 1437 2778 1537 ἐξευρίσκουσι1

266 1561 367 1635 μὲν
419 1562 489 1621 τὰ
534 1562 882 1637 Σθλοβενικὰ
933 1565 1262 1643 γράμματα,
1318 1563 1672 1644 ἑρμηνεύουσι
1728 1562 1790 1621 δὲ
1839 1562 1938 1633 τὰς
1990 1562 2372 1633 θεοπνεύστους
2424 1564 2637 1641 γράψας
2691 1562 2756 1621 ἐκ

264 1670 362 1739 τῆς
410 1664 654 1737 ἑλλάδος
699 1667 962 1745 γλώσσης
1009 1666 1087 1738 εἰς
1124 1668 1223 1743 τὴν
1263 1667 1669 1747 Β<>υλ·γαρι·><.ήνι
1696 1668 1736 1727 ¹.
1800 1669 2032 1727 Gemini
2076 1670 2289 1727 fratres
2329 1689 2537 1745 graeca
2581 1670 2752 1727 disci-

262 1772 428 1847 plina
480 1777 538 1830 et
586 1773 936 1832 liberalibus
996 1776 1221 1832 artibus
1274 1776 1541 1851 apprime
1601 1775 1909 1845 instructi,
1973 1773 2178 1847 lingva
2229 1792 2346 1851 qua
2398 1752 2542 1831 tudo
2593 1773 2755 1832 Slavi

263 1878 582 1935 vernacula
622 1882 961 1951 utebantur,
1011 1880 1187 1937 Vetus
1216 1880 1441 1936 Foedus
1472 1880 1645 1935 iuxta
1686 1878 2011 1937 versionem
2041 1879 2150 1933 τῶν
2183 1875 2245 1955 <53
2290 1878 2529 1936 Novum
2558 1882 2754 1935 autem

264 2001 293 2037 e
336 1985 562 2056 graecis
616 1983 981 2060 Scriptorum
1034 1981 1403 2039 θεοπνεύστων
1454 1982 1718 2041 fontibus
1771 1983 2168 2040 reddiderunt.
2250 1981 2418 2053 ‚Cum
2470 1981 2590 2040 viri
2641 1983 2753 2045 Dei

268 2086 461 2161 ipsum
492 2108 689 2161 regem
719 2108 853 2145 cum
882 2088 1097 2164 populo
1144 2108 1247 2145 suo
1288 2087 1559 2161 religiosa
1587 2086 1982 2143 sollicitudine
2013 2087 2086 2143 ad
2116 2085 2254 2143 fidei
2285 2086 2487 2144 lumen
2518 2088 2753 2144 omnino

267 2198 704 2265 provocassent3
765 2192 881 2249 illis
943 2193 1150 2250 deinde
1210 2193 1393 2249 Vetus
1452 2196 1511 2248 et
1570 2192 1808 2249 Novum
1876 2191 2312 2248 Testamentum
2376 2196 2748 2266 exponenteS,
2795 2214 2798 2217 ⁴

267 2300 323 2351 et
364 2296 753 2354 informantes
798 2316 891 2354 eos
935 2296 1109 2372 plura
1151 2298 1220 2353 de
1252 2296 1471 2353 Graeco
1518 2300 1576 2353 et
1616 2295 1832 2353 Latino
1867 2296 2297 2366 transferentes,
2331 2295 2395 2352 in
2425 2296 2755 2353 sclavonica

266 2400 464 2473 lingva
524 2400 847 2458 canonicas
899 2401 1091 2459 Horas
1150 2406 1209 2458 et
1262 2401 1467 2458 Missas
1527 2402 1592 2457 in
1644 2400 1904 2457 Ecclesia
1959 2401 2071 2456 Dei
2131 2399 2363 2476 publice
2422 2405 2757 2457 statuerunt

268 2505 591 2563 decantare‘
614 2502 657 2562 2.
736 2505 914 2562 Aliud
974 2526 1112 2563 vero
1173 2505 1574 2563 testimonium
1593 2502 1617 2543 3
1675 2505 1760 2562 sic
1817 2504 2032 2561 tradit:
2096 2505 2211 2576 ,Ex
2270 2505 2570 2580 discipulis
2633 2506 2753 2562 suis

270 2610 485 2669 duobus
516 2610 877 2686 presbyteris
909 2611 1261 2680 constitutis,
1312 2611 1499 2668 vertit
1548 2610 1716 2668 brevi
1766 2614 2027 2684 tempore
2065 2630 2263 2668 omnes
2293 2610 2474 2668 libros
2493 2607 2517 2646 4
2562 2610 2749 2686 plene,

269 2716 524 2790 exceptis
558 2715 936 2787 Maccabaeis‚
986 2735 1061 2772 ex
1093 2715 1315 2772 Graeca
1343 2715 1550 2788 lingva
1580 2715 1645 2770 in
1681 2714 2047 2772 Slovenicam
2070 2759 2082 2772 .
2108 2759 2120 2772 .
2144 2759 2157 2772 .
2208 2715 2564 2773 Psalterium
2595 2716 2755 2773 enim

270 2823 495 2877 tantum
545 2825 603 2877 et
644 2821 1039 2894 Evangelium
1084 2839 1217 2877 cum
1256 2820 1534 2904 Apostolo
1584 2824 1644 2876 et
1685 2819 1883 2876 electis
1925 2819 2135 2876 officiis
2182 2819 2577 2877 ecclesiasticis
2621 2841 2754 2878 cum

268 2924 607 3000 philosopho
628 2923 652 2956 ⁵
684 2930 858 2982 antea
888 2927 1301 2983 converterat.‘

472 3028 582 3086 Sed
635 3029 699 3085 in
753 3029 1150 3106 quaestionem
1204 3030 1408 3086 venire
1468 3033 1687 3103 potest:
1751 3048 1828 3085 an
1877 3028 2144 3104 Apostoli
2195 3028 2506 3086 Slavorum
2558 3049 2754 3086 omnes

270 3129 586 3210 Utriusque
616 3132 887 3190 Foederis
910 3133 1358 3207 Hagiographos
1381 3133 1446 3188 in
1476 3132 1760 3189 slavicum
1783 3132 2002 3189 idioma
2033 3131 2465 3190 converterint?
2493 3133 2752 3210 quaestio

269 3234 377 3292 ista
409 3238 671 3295 nondum
697 3237 785 3294 ita
814 3237 1006 3295 soluta
1027 3240 1129 3308 est,
1165 3243 1234 3294 ut
1257 3237 1410 3294 nihil
1440 3237 1694 3313 amplius
1724 3236 2042 3294 desiderari
2073 3243 2267 3314 queat.
2318 3236 2451 3311 Viri
2473 3237 2542 3292 de
2565 3236 2754 3293 literis

271 3339 579 3400 Slavorum
634 3344 852 3418 optime
904 3339 1103 3398 meriti
1152 3346 1418 3399 censent:
1474 3345 1768 3417 praeter
1819 3341 2101 3417 scripta
2149 3361 2323 3419 quae
2370 3343 2452 3398 ad
2501 3341 2754 3400 divina

272 3443 541 3502 Officia
571 3446 1021 3504 videbantur
1052 3447 1495 3517 necessaria,
1532 3451 1730 3505 certe
1760 3451 2074 3524 quatuor
2105 3445 2533 3520 Evangelia,
2567 3446 2754 3503 forte

272 3555 335 3606 et
371 3554 599 3607 totum
645 3551 1013 3628 reliquum
1051 3552 1327 3609 Novum
1372 3549 1973 3622 Testamentumss,
2025 3572 2070 3608 s.
2105 3551 2399 3627 Cyrillum
2437 3555 2495 3608 et
2524 3551 2752 3607 Metho-

273 3653 431 3712 dium
461 3658 876 3730 interpretatos
906 3657 1101 3713 fuisse.
1152 3655 1263 3714 Sed
1294 3656 1445 3733 quod
1478 3657 1550 3713 ad
1580 3655 1792 3713 Libros
1823 3655 1879 3712 S.
1919 3656 1984 3714 V.
2017 3657 2085 3712 F.
2119 3655 2352 3726 attinet,
2388 3655 2566 3712 etiam
2597 3673 2755 3712 nunc

273 3775 475 3834 anceps
520 3764 607 3816 est
650 3760 945 3837 quaestio:
1000 3781 1077 3818 an
1125 3760 1221 3817 vel
1267 3761 1456 3835 ipsum
1502 3760 1856 3817 Psalterium
1904 3779 1978 3816 ex
2031 3758 2264 3833 integro
2317 3758 2755 3817 converterint?

274 3860 641 3922 Recentiores
689 3866 847 3921 enim
892 3869 1033 3922 sunt
1078 3864 1314 3922 Codices
1360 3864 1452 3921 illi
1498 3863 1847 3934 Ruthenici,
1899 3863 2114 3921 saeculi
2161 3864 2397 3941 quidem
2428 3862 2650 3926 ‚decimi
2697 3868 2754 3920 et

275 3968 483 4042 quarti,
533 3970 599 4024 in
631 3969 845 4045 quibus
877 3967 1141 4026 omnium
1172 3969 1229 4026 S.
1264 3969 1705 4045 Scripturarum
1735 3968 2148 4026 translationes
2191 3968 2488 4041 leguntur.
2551 3969 2754 4045 Neque

480 4213 516 4277 ¹)
564 4213 691 4262 Vita
737 4212 819 4262 ed.
870 4211 954 4262 Fr.
996 4211 1298 4262 Miklosich.
1346 4211 1575 4261 vindob.
1628 4212 1778 4260 1847.
1827 4225 1879 4258 n.
1919 4213 1966 4258 2.
2013 4227 2064 4274 p.
2103 4212 2151 4258 2.
2203 4207 2322 4258 coll.
2367 4205 2499 4273 prol.
2546 4224 2596 4272 p.
2633 4207 2752 4256 VII.

276 4294 311 4362 ²)
362 4299 451 4350 Sic
499 4304 727 4348 testatur
776 4301 889 4348 vita
938 4297 989 4348 S.
1031 4299 1082 4349 S.
1136 4299 1316 4362 Cyrilli
1373 4305 1426 4348 ct
1472 4297 1758 4359 Methodii,
1809 4313 1839 4345 e
1883 4296 2012 4346 Mss.
2067 4297 2413 4346 Blauburano
2469 4311 2520 4344 n.
2570 4297 2618 4343 5.
2668 4309 2753 4360 ap.

276 4383 681 4451 Hagiographos
720 4385 773 4436 S.
800 4387 995 4434 Martii.
1033 4386 1103 4448 ΙΙ,
1130 4389 1212 4434 22.
1275 4385 1315 4452 ³)
1354 4385 1612 4450 Legenda
1648 4385 1976 4445 Pannonica,
2014 4382 2172 4454 Arch.
2207 4383 2243 4431 f.
2283 4386 2380 4430 ost.
2419 4380 2755 4431 Geschichts-

284 4472 503 4535 quellen.
553 4472 731 4522 Wien.
786 4474 935 4522 1854.
982 4472 1130 4533 XIII,
1170 4474 1285 4522 161.
1331 4489 1382 4521 n.
1423 4475 1503 4522 15.
1576 4471 1619 4535 ⁴)
1669 4470 2059 4536 supplendum:
2111 4469 2162 4518 S.
2202 4468 2504 4533 Scripturas
2554 4467 2755 4517 Metho-

283 4557 407 4609 dius.
482 4559 522 4624 ⁵)
573 4559 637 4608 Id
689 4564 796 4608 est:
846 4575 889 4609 s,
928 4558 1145 4623 Cyrillo.
1220 4558 1259 4624 ⁶)
1309 4559 1553 4624 Excepta
1598 4557 1940 4623 Apocalypsi.
1998 4556 2079 4607 Cf.
2127 4555 2401 4605 Matthaei.
2453 4555 2532 4604 ed.
2582 4556 2646 4605 N.
2693 4556 2754 4604 T.

278 4645 387 4709 XII,
426 4647 542 4696 343.
582 4663 624 4698 s.
