3309 5300
560 404 683 469 176
1266 417 1499 459 comment.
1528 413 1581 457 de
1610 416 1653 457 S.
1675 413 1835 467 script.
1864 426 1961 467 cap.
1991 426 2076 457 sec.
2105 415 2234 457 tract.
2263 412 2321 457 11.

558 602 618 653 et
674 596 1041 672 Pamphilus3
1110 596 1321 653 similis
1382 615 1521 654 cura
1573 595 2027 673 Hesychium
2072 597 2424 653 monachum
2474 596 2540 653 in
2592 597 2926 673 Aegypto
2989 601 3046 653 et

558 699 963 757 Lucianum
1016 700 1457 758 Antiochiae
1503 702 1704 758 eodem
1749 700 1871 758 fere
1922 705 2184 775 tempore
2224 702 2550 759 exercebat.
2612 701 2948 758 Correctam
2975 701 3045 757 ab

560 803 857 880 Hesychio
889 803 1205 861 editionem
1237 806 1543 881 Aegyptus
1588 804 1865 879 amplexa
1907 808 2016 873 est;
2065 822 2243 881 quam
2289 822 2428 862 vero
2473 803 2756 884 adhibitis
2801 805 3048 863 vetustis

558 907 847 981 Vulgatae
878 906 1311 983 exemplaribus
1340 908 1586 966 refinxit
1620 909 1934 979 Lucianus,
1984 907 2194 966 collata
2226 910 2404 965 etiam
2438 908 2688 967 veritate
2717 908 3044 977 Hebraica3

570 1011 996 1087 suscipiebatur
1033 1012 1099 1068 in
1129 1011 1483 1085 regionibus,
1532 1032 1681 1090 quae
1729 1011 2437 1087 Constantinopolim
2482 1016 2542 1069 et
2584 1012 3047 1070 Antiochiam

559 1115 930 1187 interiacent,
962 1112 1115 1188 κοινὴ
1148 1133 1288 1174 vero
1316 1135 1464 1191 pene
1495 1116 1856 1174 obsoleverat
1872 1113 1919 1174 4.

821 1408 881 1486 ὅ.
931 1408 1033 1473 79.
1100 1404 1307 1469 Usus
1354 1413 1431 1469 et
1476 1403 1877 1469 editiones
1923 1402 2223 1469 Textus
2267 1402 2774 1490 Hexaplarist.

763 1601 917 1656 Illud
960 1600 1102 1657 inter
1146 1620 1339 1668 omnes,
1386 1603 1539 1671 apud
1591 1619 1724 1673 quos
1767 1602 1870 1657 hac
1913 1602 1980 1657 de
2022 1619 2080 1655 re
2124 1600 2392 1656 iudicium
2435 1607 2528 1671 est,
2575 1608 2804 1671 constat,
2845 1618 2872 1655 e
2909 1619 3047 1671 qua·

560 1716 682 1762 tuor
725 1707 1080 1761 editionibus.-
1156 1706 1463 1778 Vulyari,
1526 1704 1872 1777 Origenis,
1933 1706 2242 1771 Luciani,
2277 1713 2474 1776 atque
2519 1705 2807 1777 Hesychii,
2869 1723 3048 1759 omnes

560 1830 697 1883 quae
740 1816 953 1867 exstant
996 1809 1152 1865 hodie
1196 1816 1309 1864 tam
1354 1810 1761 1880 manuscriptae
1814 1828 1977 1881 quam
2041 1812 2186 1881 typis
2240 1810 2536 1880 impressae
2595 1810 2869 1878 derivari,
2925 1810 3048 1864 licet

560 1934 720 1986 quam
780 1916 1001 1986 quaevis
1058 1910 1355 1984 sequatur?
1426 1914 1760 1985 impossibile
1804 1914 1878 1967 sit
1920 1914 2296 1971 determinare.
2376 1914 2624 1967 Tentavit
2679 1915 2777 1968 hoc
2831 1914 3047 1985 quidem

556 2020 862 2091 perieulum
907 2018 965 2076 J.
1001 2018 1067 2074 P.
1109 2019 1171 2073 N
1175 2018 1375 2085 iclces,
1422 2019 1487 2071 de
1545 2019 1603 2075 V.
1639 2019 1700 2075 T.
1750 2017 1932 2075 Codic.
1981 2037 2066 2091 qr.
2100 2018 2350 2086 familiis
2393 2019 2635 2073 Monost.
2688 2021 2890 2087 18535
2955 2020 3048 2072 sed

561 2126 731 2179 oleum
777 2129 826 2177 et
870 2140 1089 2193 operam
1125 2121 1393 2192 perdidit.
1456 2120 1738 2184 Quaenam
1785 2141 1909 2177 vero
1953 2141 1979 2177 e
2024 2122 2198 2176 tribus
2243 2122 2366 2176 istis
2410 2122 2739 2177 editionibus
2782 2126 2855 2178 ab
2901 2124 3047 2177 anti-

560 2247 671 2299 qua
728 2227 1169 2297 interpretatione
1211 2224 1319 2280 τῶν
1364 2222 1393 2279 ὁ
1444 2226 1729 2279 minimum
1792 2227 1976 2295 distet,
2043 2244 2110 2280 ex
2168 2226 2485 2281 testimoniis
2559 2226 2800 2281 Veterum
2860 2227 3048 2298 aliquo

561 2334 719 2387 modo
749 2332 1003 2385 divinare
1016 2348 1323 2401 possumus.
1357 2330 1417 2385 S.
1444 2330 1915 2402 Hieronymus,
1947 2350 2029 2402 ep.
2061 2332 2138 2384 ad
2171 2330 2344 2386 Sunn.
2375 2332 2413 2388 l.
2439 2350 2482 2384 s.
2510 2349 2554 2385 c.
2579 2332 2858 2401 affirmat:
2895 2334 3049 2409 „edi-

560 2438 755 2491 tionem
800 2454 964 2506 quam
1011 2434 1253 2507 Oriqen
1272 2452 1336 2487 es
1378 2440 1427 2487 et
1474 2433 1846 2490 Caesariensis
1893 2436 2158 2489 Eusebius
2201 2453 2480 2505 omnesque
2527 2434 2796 2489 Graeciae
2841 2442 3048 2489 tracta-

563 2548 701 2595 tores
744 2533 930 2610 κοινὴν
974 2541 1013 2593 i.
1058 2556 1100 2594 e.
1160 2556 1481 2593 communem
1541 2540 1828 2609 appellant
1889 2546 2048 2610 atque
2117 2540 2432 2612 Vulqatam‚
2495 2560 2532 2595 a
2569 2541 2846 2611 plerisque
2907 2559 3052 2593 nunc

560 2638 853 2710 λουκιανός
896 2636 1062 2698 dici.“
1138 2640 1268 2697 Cum
1314 2642 1647 2716 Hieronymo
1667 2642 1820 2714 facit
1849 2642 2252 2716 Euthymius
2298 2644 2554 2718 Ziqab„
2591 2663 2831 2716 prooem.
2857 2663 3046 2702 comm.

562 2751 622 2804 in
657 2749 864 2803 Psalm.
896 2748 978 2803 ed.
1012 2747 1199 2820 Miyne
1247 2746 1349 2817 Op.
1385 2748 1520 2806 Par.
1556 2749 1742 2802 1864.
1787 2749 1836 2818 Ι,
1871 2751 1970 2806 64.
2003 2752 2060 2805 5.
2081 2767 2099 2802 .·
2148 2750 2342 2826 „Haec
2384 2768 2504 2804 cum
2550 2751 2736 2806 LXX.
2784 2749 3049 2820 interpre-

562 2859 674 2907 tum
718 2852 950 2906 editione
994 2851 1270 2922 consentit,
1315 2858 1364 2905 et
1407 2871 1545 2924 quae
1590 2855 1660 2908 ab
1707 2853 1839 2908 aliis
1883 2855 2190 2924 depravata
2223 2853 2474 2923 fuerant,
2519 2849 2894 2926 reprobavit“.
2965 2852 3047 2922 Cf.

568 2957 798 3024 Suidae,
843 2956 1083 3010 Leaeicon
1114 2975 1157 3010 s.
1188 2975 1239 3012 v.
1278 2951 1579 3023 Λουκιανὸς
1623 2957 1705 3027 ΙΙ,
1742 2955 1882 3015 608.
1939 2959 2034 3012 Usi
2076 2964 2202 3012 sunt
2245 2958 2520 3029 Hexaplis
2540 2965 2766 3029 praeter
2798 2956 2858 3013 S.
2888 2958 3050 3028 Epi-

554 3060 909 3132 phanium,
954 3060 1306 3114 Eusebium
1352 3068 1401 3114 et
1430 3062 1484 3120 d.
1520 3063 2023 3134 Hieronymum,
2069 3063 2164 3134 qui
2193 3063 2356 3116 etiam
2403 3064 2470 3116 de
2506 3063 2740 3136 sinqulis
2784 3063 3048 3132 interpre-

561 3166 705 3219 tibus
747 3166 809 3219 in
852 3165 967 3218 suis
1010 3165 1543 3220 commentationibus
1584 3167 1758 3222 multa
1801 3174 2123 3235 servorun&
2163 3167 2546 3238 Hesychius
2577 3198 2664 3208 —
2692 3185 2785 3238 pr.
2829 3166 3049 3222 Hieros.

564 3272 601 3340 -ι-
650 3271 794 3327 438.
843 3288 879 3323 a
922 3269 1248 3324 Satonitano
1290 3269 1726 3342 distinguendus.
1799 3271 1856 3326 V.
1900 3290 2083 3328 comm.
2131 3271 2190 3324 in
2234 3272 2366 3330 Lev.
2413 3272 2506 3326 Pe.
2551 3271 2687 3327 XII.
2724 3272 2928 3342 proph.
2977 3290 3046 3327 m.

562 3374 701 3430 Isai.
730 3374 915 3428 Ezeck.
948 3373 1097 3430 Dan.
1131 3376 1283 3445 apud
1312 3375 1524 3448 Miyne,
1548 3376 1830 3468 P'atroloy.
1859 3375 1960 3435 Gr.
1989 3376 2123 3431 Par.
2148 3376 2334 3430 1860.
2363 3377 2462 3443 93,
2491 3377 2633 3432 787.
2658 3393 2703 3430 s.
2734 3405 2824 3417 —
2852 3376 3049 3446 Poly-

564 3479 915 3546 chronius,
986 3507 1057 3517 —
1123 3485 1183 3531 ut
1240 3496 1307 3533 ex
1353 3478 1688 3553 fraymentis
1749 3480 1984 3535 eiusdem
2042 3481 2101 3533 in
2156 3482 2361 3535 catenis
2409 3479 2716 3535 Oetoteuchi
2759 3482 2843 3535 ed.
2889 3481 3048 3534 Nice-

554 3583 745 3654 phori,
816 3581 873 3635 in
920 3582 1080 3637 Prov.
1126 3583 1209 3642 ed.
1258 3583 1509 3653 Peltani,
1577 3585 1636 3638 in
1682 3583 1803 3640 Job.
1848 3585 1932 3640 ed.
1982 3583 2258 3653 Comitoli,
2325 3585 2385 3638 in
2427 3584 2722 3638 Danielem
2766 3586 2851 3640 ed.
2900 3585 3052 3638 Maii

564 3687 833 3758 arquitur.
863 3716 951 3727 —
984 3686 1240 3740 Theodo
1256 3693 1477 3757 retus,
1525 3688 1902 3759 Procopius
1946 3687 2250 3743 Gazaeus
2279 3719 2366 3729 —
2402 3686 2598 3744 Comm.
2630 3689 2691 3742 in
2723 3687 2894 3742 Octot.
2934 3689 3049 3761 Τίς.

569 3793 756 3846 1555.
790 3790 950 3846 Esai.
980 3790 1119 3846 Par.
1150 3793 1336 3846 1580.
1379 3790 1447 3854 Q.
1477 3793 1546 3846 L.
1578 3793 1646 3847 L.
1678 3792 1811 3865 1329.
1841 3793 2026 3866 Luyd.
2065 3793 2136 3850 Β.
2183 3794 2369 3846 1620.
2406 3821 2495 3834 —·—
2525 3791 3051 3864 olympiodorus

562 3925 649 3934 ——
680 3913 863 3950 comm.
898 3895 957 3947 in
991 3894 1365 3965 Ecclesiasten,
1396 3896 1520 3965 Job,
1552 3896 1750 3952 Jerem.
1785 3898 1937 3967 opud
1969 3896 2175 3970 Miqne,
2205 3903 2244 3955 t.
2276 3914 2322 3952 s.
2352 3914 2396 3953 c.
2422 3915 2483 3968 p.
2511 3899 2600 3954 11.
2625 3917 2668 3950 s.
2701 3915 2815 3965 —,·
2845 3898 3052 3967 aliique

563 4004 688 4056 bene
732 4002 913 4071 mulli,
974 4019 1199 4072 quorum
1247 4000 1566 4074 fraqmenta
1624 4001 1845 4056 maiora
1900 4008 1949 4056 et
1999 4003 2216 4056 minora
2266 4007 2486 4056 servant
2535 4020 2581 4057 s.
2628 4003 2683 4055 d.
2733 3999 3050 4056 Catenae.

775 4244 813 4310 ¹)
852 4245 970 4306 Quo
1010 4247 1255 4309 spectant
1290 4245 1457 4293 verba
1492 4243 1546 4294 S.
1583 4244 1926 4308 Hieronymi:
1967 4242 2320 4304 „Alexandria
2345 4247 2398 4293 et
2421 4243 2694 4308 Aegyptus
2729 4244 2788 4292 in
2825 4241 3048 4308 Septua-

566 4333 716 4397 ginta
775 4333 885 4382 suis
944 4330 1272 4396 Hesychium
1332 4330 1518 4380 laudat
1576 4337 1865 4380 auctorem.
1939 4329 2428 4395 Constantinopolis
2487 4343 2659 4394 usque
2710 4330 3048 4379 Antiochiam

570 4420 791 4468 Luciani
828 4419 1077 4482 Martyris
1128 4416 1451 4482 exemplaria
1498 4419 1706 4483 probat.
1765 4417 1978 4467 Mediae
2027 4419 2166 4467 inter
2211 4417 2308 4466 has
2356 4417 2672 4466 Provinciae
2708 4416 3048 4467 Palaestinos

564 4505 789 4554 Codices
825 4505 1035 4569 legunt3
1075 4519 1209 4568 quos
1236 4505 1303 4553 ab
1332 4504 1563 4568 Origene
1602 4503 1906 4554 elaboratos
1931 4505 2200 4554 Eusebius
2235 4510 2289 4554 et
2318 4503 2631 4569 Pamphilus
2665 4503 3046 4570 vulgaverunt:

562 4597 812 4658 totusque
850 4593 993 4642 orbis
1031 4592 1134 4642 hac
1170 4593 1310 4641 inter
1347 4607 1403 4639 se
1438 4590 1645 4640 trifaria
1680 4593 1940 4640 varietate
1979 4595 2350 4656 compugnat.“
2399 4590 2543 4641 Prol.
2582 4589 2700 4641 Gal.
