3309 5300
558 3259 691 3309 1559

559 3346 691 3394 1556

560 3707 693 3755 1534

559 3794 691 3842 1527

559 3880 692 3930 1498

558 3967 689 4014 1471

558 4053 691 4100 1392

556 4140 690 4188 1373

557 4313 692 4361 1334

559 4400 691 4449 1328

557 4486 689 4534 1289

557 4572 690 4621 1287

2918 630 3018 671 Pas.

823 726 1082 789 «Iacobus,
1120 728 1491 777 benedictione
1518 729 1584 778 ab
1611 729 1802 779 Isaaco
1841 734 2082 794 accepta,
2120 730 2188 780 ad
2212 732 2491 782 Labanem
2521 746 2579 781 se
2604 732 2823 796 recepit,

894 813 1038 879 apud
1074 830 1230 879 quem
1266 816 1453 881 viginti
1493 830 1663 865 annos
1701 821 1782 866 est
1820 821 2172 867 commoratus
2242 855 2812 869 .........
2953 823 3030 870 62

822 899 1063 951 Jacobus
1114 901 1365 968 relinquit
1410 903 1722 967 Labanum;
1779 919 1898 953 cum
1951 904 2154 953 familia
2211 906 2269 953 in
2320 908 2513 954 terram
2566 904 2823 954 Chanaan

892 990 1187 1050 revertitur,
1211 993 1264 1038 et
1281 990 1337 1037 in
1356 990 1445 1039 via
1464 1005 1583 1039 cum
1597 990 1802 1055 Angelo
1822 991 2037 1040 Domini
2058 991 2395 1055 colluctatus,
2416 993 2566 1041 venit
2585 991 2820 1056 Sichem3

891 1075 1095 1125 Rachel
1132 1091 1251 1125 cum
1285 1076 1658 1141 Benjaminum
1697 1079 1856 1127 enixa
1895 1084 2036 1128 esset
2072 1078 2204 1129 obiit
2240 1117 2810 1129 .........
2953 1083 3029 1131 65

820 1162 1092 1227 Josephus
1129 1164 1482 1216 venumdatus
1518 1180 1552 1214 a
1574 1166 1826 1215 fratribus
1865 1181 1929 1215 ex
1965 1166 2169 1215 invidia
2203 1166 2527 1228 Madianitis,
2566 1166 2634 1216 ab
2668 1168 2734 1217 iis
2767 1168 2822 1215 in

891 1248 1189 1315 Aegyptum
1230 1251 1439 1301 ducitur
1473 1289 2810 1304 ....................
2952 1256 3028 1304 68

820 1336 1047 1386 Moritur
1081 1337 1299 1387 Isaacus
1333 1376 1345 1387 .
1408 1376 2811 1390 .....................
2953 1341 3028 1390 67

822 1422 1097 1489 Josephus
1136 1426 1461 1475 somniorum
1496 1425 1814 1489 Pharaonis,
1853 1427 2112 1491 interpres
2139 1427 2339 1476 Prorex
2362 1426 2593 1492 Aegypti
2629 1428 2821 1477 consti-

890 1512 1058 1560 tuitur
1121 1549 2810 1564 .........................
2957 1514 3029 1563 70

821 1596 859 1647 J
862 1599 1060 1649 acobus
1089 1600 1205 1649 130.
1235 1614 1405 1649 annos
1429 1604 1588 1649 natus
1615 1616 1735 1650 cum
1761 1604 1876 1651 tota
1898 1600 2104 1650 familia
2127 1602 2184 1649 in
2206 1600 2507 1667 Aegyptum
2533 1600 2820 1651 descendit.

889 1686 1162 1751 Incipiunt
1198 1689 1316 1737 430.
1354 1688 1482 1736 anni
1517 1688 1978 1753 peregrinationis.
2024 1686 2160 1754 [Gal.
2188 1690 2236 1749 3,
2263 1685 2364 1754 17.]
2384 1725 2809 1739 .......
2956 1687 3028 1735 73

821 1771 1062 1822 Jacobus
1100 1788 1403 1838 supremum
1441 1773 1579 1823 diem
1617 1775 1730 1824 obit
1752 1811 2808 1825 ................
2955 1774 3030 1822 74

820 1858 1091 1924 Josephus
1131 1862 1247 1909 110.
1286 1874 1455 1911 annos
1492 1865 1649 1911 natus
1687 1862 1909 1911 moritur
1961 1898 2808 1911 .............
2952 1887 3028 1895 —

819 1944 1036 2010 Moyses
1073 1947 1308 1997 Amrami
1344 1946 1483 1997 filius
1520 1949 1759 1997 nascitur
1823 1984 2809 1998 ...............
2952 1947 3026 1995 93

818 2032 1033 2097 Moyses
1072 2035 1250 2084 occiso
1288 2034 1553 2100 Aegyptio
1592 2035 1729 2101 fugit
1762 2036 1819 2084 in
1854 2036 2124 2099 regionem
2159 2034 2380 2084 Madian
2450 2070 2808 2085 ......
2952 2034 3026 2081 95

817 2118 1035 2183 Moyses
1071 2120 1372 2187 Aegyptum
1417 2137 1664 2173 reversus
1701 2137 1822 2171 cum
1859 2122 2022 2171 fratre
2060 2121 2274 2171 Aarone
2324 2136 2505 2172 coram
2539 2121 2820 2171 Pharaone

888 2208 1034 2257 stetit
1054 2244 2252 2259 ..................
2275 2236 2280 2243 ·
2310 2244 2810 2259 ........
2915 2207 3022 2255 101

817 2294 1007 2343 Exitus
1043 2294 1408 2345 Israelitarum
1444 2294 1511 2345 de
1546 2295 1792 2362 Aegypto
1816 2332 2807 2346 ...............
2915 2293 3022 2342 106

888 2380 970 2430 Ad
1007 2386 1239 2431 montem
1277 2382 1429 2433 Sinai
1463 2397 1646 2433 mense
1686 2383 1841 2433 tertio
1879 2381 2190 2448 Decalogus
2226 2381 2596 2448 promulgatur
2657 2420 2668 2432 .
2727 2421 2738 2431 .
2798 2420 2810 2431 .
2914 2381 3021 2429 109

886 2466 1133 2517 Beseleel
1168 2473 1221 2519 et
1258 2468 1451 2519 Ooliab
1488 2469 1920 2519 'sabernaculum
1964 2470 2116 2519 iussu
2150 2470 2257 2519 Dei
2304 2474 2582 2520 exstruunt
2657 2507 2668 2518 .
2726 2507 2738 2518 .
2796 2506 2808 2519 .
2915 2467 3022 2514 112

890 2553 1054 2604 Sacer
1088 2555 1238 2605 locus
1276 2561 1330 2606 et
1364 2557 1722 2607 sacerdotium
1756 2558 2109 2623 inauguratur
2167 2595 2178 2607 .
2237 2596 2247 2605 .
2277 2539 2282 2545 ²
2307 2593 2808 2607 ........
2914 2553 3020 2601 113

820 2648 1000 2700 Sehon
1046 2667 1139 2701 rex
1175 2652 1557 2705 Amoraeorum
1603 2658 1764 2720 atque
1803 2653 1889 2719 Og
1924 2669 2016 2703 rex
2053 2654 2236 2704 Basan
2271 2653 2469 2704 devicti
2514 2658 2652 2704 sunt.
2711 2653 2818 2704 Bes

886 2737 1130 2788 Balaami
1190 2777 2456 2791 ...................
2467 2744 2480 2755 “
2515 2779 2806 2791 .....
2915 2736 3019 2785 117

887 2825 1100 2890 Moyses
1138 2843 1430 2879 conscenso
1462 2832 1641 2878 monte
1673 2829 1841 2891 Neb0,
1879 2843 2020 2877 anno
2055 2827 2244 2877 aetatis
2268 2829 2404 2890 120„
2432 2826 2575 2893 quod
2597 2826 2821 2877 mortale

886 2911 1088 2976 habuit,
1128 2914 1349 2980 deponit
1403 2952 2808 2965 .....................
2915 2917 3021 2965 120

884 2998 1053 3050 Jussu
1088 3001 1193 3050 Dei
1226 3002 1397 3052 Josue
1436 3001 1677 3052 succedit
1710 3001 1888 3066 Moysi
1923 3003 1980 3050 in
2016 3003 2236 3066 imperio
2309 3039 2807 3051 ........
2914 3005 3018 3052 192

815 3094 1093 3145 Israelitae
1130 3097 1270 3147 sicco
1308 3097 1447 3163 pede
1482 3101 1763 3148 transeunt
1785 3097 1823 3147 J
1825 3097 2080 3147 ordanem
2115 3096 2592 3162 ingrediunturque
2624 3100 2820 3146 terram

886 3183 1199 3247 promissam
1264 3221 2321 3235 ................
2320 3171 2328 3180 ’
2378 3221 2807 3234 .......
2929 3213 3001 3222 -

816 3267 1002 3319 Annus
1039 3267 1338 3339 κληρουχίας
1375 3275 1549 3321 terrae
1587 3272 1881 3337 promissae
1917 3272 2056 3321 inter
2085 3270 2358 3322 Israelitas
2381 3308 2808 3320 .......
2913 3275 3018 3322 195

814 3356 983 3406 Josue
1023 3359 1141 3407 110.
1178 3373 1347 3408 annos
1384 3364 1543 3409 natus
1578 3360 1799 3408 moritur
1819 3387 2844 3408 ................
2912 3361 3015 3409 196

884 3443 1156 3495 Anarchia
1192 3461 1452 3495 annorum
1488 3446 1678 3512 viginti
1714 3451 1767 3496 et
1803 3450 2033 3511 quatuor
2068 3446 2124 3494 in
2162 3461 2295 3510 quos
2335 3444 2534 3494 cadunt
2558 3460 2639 3507 ea,
2680 3460 2817 3511 quae

886 3536 1170 3581 narrantur
1220 3533 1285 3582 de
1321 3533 1774 3598 Ephraimitarum
1823 3537 1877 3582 et
1923 3533 2242 3582 Danitarum
2296 3533 2600 3584 idololatria
2649 3537 2704 3582 et
2751 3533 2816 3582 de

886 3617 1027 3667 bello
1065 3620 1415 3669 Beniamitico
1454 3621 1676 3684 eiusque
1715 3621 1890 3669 causis
1957 3657 2804 3670 .............
2908 3627 3012 3674 202

817 3704 1032 3754 Initium
1072 3710 1190 3755 octo
1229 3721 1487 3756 annorum
1526 3707 1720 3772 quibus
1742 3695 2057 3756 ⁸servierunt
2091 3705 2369 3756 Israelitae
2408 3706 2689 3756 Cuschano
2721 3744 2732 3757 .
2792 3745 2804 3756 .
2908 3713 3013 3761 214

818 3791 1070 3842 Othoniel
1104 3793 1305 3843 iudicat
1340 3796 1496 3844 annis
1536 3793 1891 3859 quadraginta
1955 3831 2802 3845 .............
2907 3787 3030 3847 203⁸

814 3879 1012 3944 Incipit
1046 3882 1272 3930 servitus
1309 3881 1601 3930 Moabitica
1638 3881 1933 3931 octodecim
1969 3895 2231 3930 annorum
2301 3917 2803 3931 ........
2925 3911 2992 3919 -

815 3964 1100 4016 Judicatus
1137 3967 1290 4029 Aodi,
1328 3969 1480 4032 quies
1519 3967 1645 4016 data
1680 3983 1778 4033 per
1815 3968 2086 4033 octoginta
2121 3982 2290 4018 annos
2373 4004 2801 4017 .......
2925 3998 2992 4006 -

814 4051 1093 4103 Israelitae
1119 4055 1373 4104 servitute
1395 4053 1758 4103 Chanaanaea
1783 4054 1882 4105 sub
1901 4054 2098 4104 Jabino
2123 4054 2316 4120 viginti
2340 4055 2494 4104 annis
2518 4056 2768 4103 tenentur
2791 4091 2802 4102 .
2907 4058 3011 4106 204

815 4138 1056 4190 Liberati
1090 4141 1340 4191 Deborae
1379 4146 1432 4190 et
1465 4141 1661 4190 Baraci
1708 4156 1869 4191 manu
1903 4157 2001 4207 per
2037 4140 2394 4206 quadraginta
2439 4155 2608 4190 annos
2648 4141 2814 4206 quieti

883 4232 1103 4276 manent
1122 4265 2800 4278 .........................
2927 4257 2988 4265 -

815 4313 1053 4364 Servitus
1095 4313 1444 4384 Madianitica
1478 4331 1575 4382 per
1610 4319 1815 4380 septem
1851 4329 2021 4364 annos
2093 4351 2802 4364 ...........
2923 4343 2988 4351 -

816 4399 1041 4452 Gedeon
1073 4402 1306 4466 praefuit
1342 4402 1697 4468 quadraginta
1743 4402 1898 4450 annis
1955 4439 2800 4450 .............
2905 4404 3004 4451 205

813 4486 1122 4536 Abimelech
1158 4489 1387 4538 triennio
1423 4487 1758 4553 tyrannidem
1791 4492 2004 4537 exercet
2023 4525 2800 4537 ............
2904 4490 3003 4537 206

812 4572 1096 4622 Judicatus
1132 4574 1334 4624 Tholae
1372 4574 1562 4640 viginti
1598 4579 1651 4624 et
1687 4574 1843 4624 trium
1878 4587 2137 4624 annorum
2162 4611 2800 4623 ..........
2904 4575 3002 4623 207
