3309 5300
544 360 669 422 114
1257 373 1493 414 comment.
1523 371 1576 413 de
1605 374 1647 414 S.
1670 372 1830 424 script.
1859 384 1952 424 cap.
1983 385 2071 416 see.
2100 374 2234 416 tract.
2269 375 2305 416 1.

543 551 821 595 exstant
856 547 1388 610 antiquissimum
1427 544 1603 611 esse;
1642 553 1802 612 atque
1841 563 1906 597 ea
1940 549 2193 612 scriptum
2229 548 2393 598 fuisse
2432 554 2626 611 aetate,
2667 565 2775 616 qua
2811 565 2846 599 a
2883 549 3050 599 volu-

544 634 774 682 minibus
801 633 870 682 ad
893 632 1058 682 libros
1084 635 1363 682 transitum
1400 639 1494 683 est.
1544 634 1702 694 Quod
1732 635 1801 683 ad
1839 635 2268 700 orthographiam
2305 636 2502 684 codicis
2535 638 2741 698 attinet,
2781 652 3050 686 correc-

542 721 818 768 tissimis
857 721 1129 769 accenseri
1164 725 1409 770 meretur.
1452 720 1834 786 Inscriptiones
1864 720 2013 770 libris
2039 720 2308 786 praefixae
2334 721 2772 787 simplicissimae,
2813 723 3048 772 charac-

540 811 651 855 tere
677 805 835 871 paulo
875 807 1064 854 minori
1099 807 1461 870 reperiuntur3
1498 814 1676 872 neque
1703 809 1758 855 in
1783 809 1901 872 ipsa
1935 808 2182 856 columna
2219 810 2512 874 scripturae
2548 809 2803 872 inclusae,
2845 809 2944 859 sed
2983 811 3049 856 in

541 894 797 957 superiori
834 894 1089 957 margine,
1122 897 1173 940 et
1199 891 1284 941 hic
1321 894 1704 958 propemodum
1741 895 1798 942 in
1834 895 2164 943 extremitate
2194 896 2423 960 paginae
2450 895 2707 945 adiectae.
2759 897 2904 957 Quin
2931 897 3051 944 imo

537 981 593 1028 in
630 979 884 1043 Epistolis
922 979 971 1027 d.
1009 979 1164 1027 Pauli
1210 979 1377 1043 ipsius
1415 981 1687 1044 scriptoris
1725 996 1920 1029 nomen
1954 983 2010 1028 in
2048 981 2220 1030 fronte
2259 983 2426 1031 abest.
2488 981 2924 1048 Subscriptiones
2967 982 3046 1030 ad

538 1066 738 1119 calcem
774 1066 1003 1127 additae,
1040 1067 1469 1130 inscriptionibus
1497 1066 1567 1115 ad
1590 1081 1824 1131 unguem
1861 1067 2264 1117 conformantur
2297 1069 2390 1130 ita,
2427 1075 2488 1118 ut
2521 1074 2726 1118 tantum
2760 1070 3050 1134 repetitio-

536 1138 635 1203 nes
672 1155 777 1202 sint
810 1154 1229 1220 inscriptionum,
1270 1168 1373 1217 quo
1412 1154 1456 1201 si
1486 1153 1620 1202 forte
1658 1168 1814 1204 casus
1851 1155 2057 1203 initium
2093 1155 2378 1205 voluminis
2416 1155 2718 1219 delevisset,
2758 1157 2830 1206 ad
2863 1157 3050 1206 umbi-

536 1239 697 1289 licum
731 1240 854 1289 libri
892 1240 957 1288 de
996 1244 1213 1288 auctore
1252 1244 1531 1289 constaret.
1595 1240 1826 1289 Tantum
1863 1242 2016 1290 abest
2052 1243 2120 1291 ab
2160 1241 2502 1291 Euthalianis
2527 1271 2593 1278 —
2617 1259 2668 1292 v.
2694 1260 2746 1308 p.
2773 1245 2858 1292 61.
2886 1246 2942 1292 2.
2975 1269 3048 1278 -—

538 1328 1015 1391 subscriptionibus
1069 1331 1129 1376 ut
1174 1327 1460 1391 nequidem
1515 1341 1605 1376 eas
1662 1327 1860 1376 habeat
1912 1327 2078 1376 multo
2135 1329 2510 1392 simpliciores,
2567 1344 2705 1394 quae
2754 1329 3051 1379 saeculum

538 1415 779 1478 quintum
834 1418 1253 1478 praecesserunt.
1314 1413 1524 1462 Absunt
1574 1415 1787 1463 omnino
1839 1415 1998 1464 etiam
2048 1416 2310 1464 sectiones
2358 1415 2637 1478 Ammonii,
2693 1421 2747 1466 et
2793 1431 3051 1466 canones

538 1501 760 1550 Eusebii
797 1499 1107 1564 Evangeliis
1145 1501 1343 1565 apponi
1380 1499 1588 1549 solitae.
1640 1499 1916 1550 Sectiones
1955 1516 2166 1566 quoque
2203 1501 2431 1550 Actuum
2469 1507 2628 1566 atque
2665 1495 3050 1568 Epistolarum

538 1601 571 1636 a
613 1587 893 1651 posteriori
946 1602 1109 1636 manu
1158 1586 1416 1648 adiectae,
1469 1589 1813 1649 conveniunt,
1865 1587 2009 1651 quod
2058 1587 2128 1636 ad
2176 1603 2468 1649 numerum,
2511 1590 2717 1637 initium
2766 1594 2821 1638 et
2869 1588 3050 1638 finem

538 1673 863 1739 singularum
888 1675 1182 1724 sectionum
1214 1675 1417 1735 attinet,
1455 1689 1575 1722 cum
1600 1673 1872 1722 veteribus
1897 1679 2022 1723 ante
2048 1674 2358 1724 Euthalium
2383 1691 2528 1724 more
2553 1691 2759 1740 usuque
2784 1675 3013 1725 traditis
3033 1693 3048 1738 3

537 1761 679 1825 quod
716 1763 989 1826 egregium
1026 1760 1332 1825 suppeditat
1367 1764 1738 1826 argumentum
1773 1761 2040 1825 ipsissimo
2077 1760 2168 1810 illo
2206 1765 2458 1826 tempore,
2508 1777 2612 1826 quo
2651 1761 2840 1812 Codici
2876 1763 3046 1810 Vati-

536 1861 672 1896 cano
719 1847 820 1896 hae
870 1849 1131 1896 sectiones
1170 1848 1594 1912 apponebantur,
1639 1847 1875 1896 nondum
1917 1848 2153 1912 viguisse
2190 1847 2431 1896 Euthalii
2479 1848 2818 1913 divisionem3
2857 1847 3046 1898 multo

534 1935 706 1983 minus
742 1936 904 1999 igitur
937 1933 1027 1983 illo
1056 1949 1207 1995 aevo,
1246 1949 1349 1998 quo
1376 1933 1857 1998 praeclarissimum
1881 1933 1984 1982 hoc
2014 1933 2282 1998 exemplar
2306 1920 2560 1998 scriptum
2591 1935 2707 2000 fuit.
2743 1934 3048 2000 Epistolae

535 2023 583 2071 d.
621 2020 776 2070 Pauli
814 2037 997 2070 omnes
1035 2020 1192 2070 simul
1239 2025 1443 2069 sumtae
1494 2022 1838 2080 continua,
1887 2035 1921 2068 a
1955 2021 2128 2085 prima
2164 2021 2232 2070 ad
2267 2021 2507 2070 ultimam
2543 2037 2711 2086 usque
2748 2027 3048 2087 pergente,

534 2111 767 2174 capitum
821 2108 1081 2156 divisione
1143 2107 1427 2172 insignitae
1483 2112 1619 2157 sunt.
1693 2107 1817 2156 Jam
1875 2123 2002 2156 vero
2068 2112 2190 2156 ante
2249 2107 2564 2157 Euthalium
2622 2110 2678 2157 in
2739 2108 3049 2158 cuiuslibet

530 2194 804 2260 Epistolae
840 2195 988 2243 initio
1034 2193 1097 2242 de
1148 2195 1323 2258 capite
1360 2194 1662 2243 Literarum
1712 2195 1779 2243 ab
1827 2194 2033 2242 unitate
2086 2209 2334 2243 numeros
2386 2196 2682 2244 sectionum
2729 2195 3048 2244 recensitos

530 2283 695 2332 fuisse
745 2281 989 2329 vidimus.
1062 2280 1223 2329 Haud
1260 2279 1477 2329 alterius
1528 2281 1720 2329 aetatis
1766 2279 2022 2328 indicium
2053 2285 2147 2329 .est
2183 2280 2310 2329 ordo
2348 2280 2710 2345 Epistolarum
2746 2283 2804 2330 in
2839 2287 3046 2330 nostro

532 2369 729 2419 Codice
782 2368 997 2431 obvius;
1055 2372 1109 2416 et
1160 2369 1357 2416 mentio
1406 2367 1552 2416 urbis
1598 2368 1656 2415 in
1698 2366 2019 2416 salutatione
2057 2367 2127 2416 ad
2160 2367 2427 2430 Ephesios
2465 2382 2499 2415 a
2533 2368 2771 2418 secunda
2807 2369 3044 2417 demum

530 2471 693 2506 manu
729 2457 786 2504 in
822 2455 1058 2518 margine
1096 2453 1292 2502 addita.
1331 2452 1431 2501 Ed.
1458 2452 1588 2502 Maii
1613 2453 1705 2514 IV,
1732 2455 1850 2502 399.
1892 2453 1972 2502 Cf.
1999 2453 2366 2515 Tischendorf,
2403 2453 2436 2503 l.
2463 2471 2506 2504 s.
2533 2471 2577 2504 c.
2624 2454 2830 2504 Horum
2868 2470 3047 2520 argu-

529 2548 825 2593 mentorum
877 2543 933 2589 in
980 2555 1145 2589 unum
1200 2539 1541 2589 collectorum
1594 2541 1674 2588 vis
1728 2541 2007 2589 universa:
2063 2539 2294 2589 Codici
2342 2541 2660 2590 Vaticano
2717 2555 3047 2590 summam

528 2631 772 2681 asserit
806 2633 1231 2692 vetustatem3
1276 2626 1370 2685 sed
1406 2626 1655 2692 legitimis
1693 2627 1952 2692 iustisque
1992 2628 2214 2677 criteriis
2250 2629 2307 2676 in
2335 2629 2513 2693 specie
2551 2629 2664 2678 sine
2701 2628 3046 2694 ambagibus

528 2717 743 2767 saeculo
782 2722 1045 2782 quart0,
1086 2720 1139 2764 et
1176 2714 1390 2779 quidem
1426 2730 1534 2763 non
1572 2715 1788 2763 exeunti
1825 2714 1920 2763 sed
1955 2716 2220 2764 ineunti
2257 2716 2572 2780 assignatur.
2617 2716 2679 2764 V.
2717 2698 2862 2780 Hug,
2907 2715 2947 2764 1.
2971 2731 3043 2764 -c.

524 2821 575 2869 p.
604 2806 686 2853 27.
737 2804 915 2853 Locus
954 2802 1147 2852 natalis
1184 2802 1431 2850 Vaticani
1467 2817 1575 2850 non
1611 2801 1802 2863 minus,
1842 2816 2001 2865 quam
2037 2801 2182 2850 illius
2225 2804 2311 2851 cui
2348 2818 2544 2851 nomen
2579 2801 3046 2851 Alexandrini

526 2890 767 2940 indidere
818 2890 1029 2951 codicis,
1079 2891 1135 2938 in
1183 2888 1495 2953 Aegypto
1543 2888 1880 2952 quaerendus
1931 2892 2026 2937 est.
2085 2888 2342 2938 Rationes
2391 2889 2656 2939 habentur
2692 2889 2840 2953 apud
2877 2888 3044 2953 Hug,

524 2977 558 3027 l.
598 2994 643 3027 c.
686 2995 738 3043 p.
777 2978 859 3026 14.
899 2993 940 3025 s.

727 3290 787 3371 ξ.
834 3292 939 3357 48.
986 3286 1523 3353 Enarrantur
1568 3284 2007 3352 editiones
2056 3287 2387 3353 codicis
2434 3293 2810 3353 Vaticani.

731 3516 916 3566 Utrum
947 3514 1112 3564 codex
1136 3516 1429 3564 Vaticanus
1456 3530 1488 3563 a
1512 3516 1732 3564 Leone
1759 3514 1822 3564 X.
1849 3514 1908 3564 P.
1928 3514 2000 3563 M.
2028 3517 2218 3565 missus
2248 3515 2408 3565 fuerit
2432 3515 2500 3564 ad
2527 3515 2585 3564 C.
2616 3516 3038 3577 Ximenium,

521 3620 615 3669 pro
654 3603 965 3653 adornanda
1001 3601 1366 3665 complutensi
1403 3602 1696 3651 Bibliorum
1734 3602 1968 3651 editione
1994 3630 2061 3637 —
2089 3602 2532 3667 quemadmodum
2564 3602 2615 3651 J.
2641 3601 3038 3663 Blanchinius,

521 3690 859 3756 Evangeliar.
898 3688 1187 3752 Quadrupl.
1214 3690 1333 3737 Lat.
1361 3690 1507 3737 Vers.
1534 3688 1712 3753 Antiq.
1745 3690 1898 3738 Rom.
1927 3691 2077 3739 1748.
2103 3689 2145 3751 I,
2171 3690 2290 3739 495.
2318 3688 2516 3754 aliique
2543 3688 2901 3738 affirmarunt.
2927 3706 3037 3751 -3

522 3777 697 3826 adhuc
734 3777 965 3826 dubitari
1009 3780 1199 3839 potest.
1264 3775 1344 3824 Cf.
1383 3775 1722 3838 Vercellone,
1761 3776 1924 3840 praef.
1962 3794 2015 3842 p.
2053 3778 2101 3825 4.
2141 3778 2188 3825 5.
2251 3777 2592 3825 Innotescere
2640 3776 2783 3840 cepit
2823 3792 2896 3825 ex
2941 3776 3038 3825 ed.

522 3864 583 3911 V.
620 3864 679 3911 T.
720 3863 981 3911 Sixtina
1015 3862 1166 3911 Rom.
1208 3863 1375 3923 1587„
1415 3866 1475 3910 ut
1511 3861 1674 3911 habet
1709 3863 1987 3927 praefatio,
2026 3865 2176 3913 iuxta
2209 3863 2496 3912 lectionem
2533 3863 2646 3911 eius
2683 3862 2749 3911 ad
2791 3862 3042 3911 verbum

524 3964 787 4013 expressa.
824 3950 1091 3998 Erasmo
1120 3964 1333 4013 quoque
1362 3965 1481 3998 eum
1504 3950 1815 4010 innotuisse,
1842 3928 1990 4013 patet
2015 3965 2134 3998 cum
2154 3966 2183 3998 e
2204 3950 2647 4010 contentionibus,
2672 3962 2814 4013 quae
2840 3949 3044 4011 ipsum

522 4037 656 4084 inter
694 4042 747 4085 et
782 4036 1053 4099 Hispanos
1090 4040 1432 4097 emerserunt,
1470 4039 1581 4084 tum
1618 4051 1684 4083 ex
1721 4036 2066 4085 annotatione
2101 4037 2160 4085 in
2195 4035 2312 4085 Act.
2351 4037 2434 4096 27,
2475 4036 2585 4084 16.:
2634 4035 3045 4098 „quemdam

522 4123 898 4171 admonere
952 4123 1021 4169 in
1076 4122 1317 4171 codice
1374 4136 1623 4186 graeco
1678 4121 2177 4171 Bibliothecae
2224 4120 2638 4170 Pontificiae
2693 4120 3042 4183 scriptum

521 4208 752 4257 haberi
789 4206 1037 4256 καῦδα.“
1090 4208 1191 4271 Op.
1217 4208 1280 4268 V,
1307 4210 1425 4255 537.
1466 4207 1598 4257 Coll.
1640 4207 1723 4256 ed.
1751 4206 1810 4255 C.
1835 4208 1956 4256 Vat.
1987 4209 2052 4269 V,
2083 4210 2198 4257 288.
2240 4207 2326 4256 hic
2363 4206 2508 4255 solus
2545 4207 2682 4254 inter
2715 4221 2914 4254 omnes
2958 4208 3044 4255 ita

520 4294 665 4357 legit.
710 4294 762 4342 J.
788 4293 859 4341 M.
890 4293 1302 4357 Caryophilu
1319 4311 1370 4341 m
1407 4310 1488 4357 ep.
1514 4295 1678 4354 Icon.,
1714 4295 1771 4342 in
1796 4294 2037 4357 paranda
2064 4294 2293 4342 editione
2319 4292 2436 4341 cod.
2462 4293 2525 4340 Β.
2554 4306 2724 4351 usum,
2751 4291 2941 4355 liquet
2969 4309 3041 4341 ex

520 4380 945 4442 discrepantibus
980 4379 1301 4429 lectionibus
1340 4380 1407 4429 ab
1446 4382 1561 4444 ipso
1602 4378 1856 4441 collectis,
1895 4384 1948 4429 et
1984 4379 2054 4429 ad
2091 4379 2289 4429 calcem
2317 4379 2554 4428 Catenae
2587 4394 2661 4442 gr.
2689 4379 2744 4426 in
2770 4378 3040 4427 Marcum

520 4480 553 4514 a
576 4466 635 4514 P.
662 4466 941 4514 Possino
970 4464 1021 4513 S.
1047 4466 1099 4515 J.
1138 4466 1380 4531 vulgatis.
1422 4466 1638 4515 Codicis
1675 4466 1870 4515 deinde
1906 4465 2168 4515 vindicias
2207 4467 2316 4530 egit
2350 4464 2402 4515 J.
2435 4464 2756 4525 MorinuS,
2797 4466 3038 4513 exercit.

521 4550 648 4599 bibl.
686 4550 781 4611 IX,
822 4554 868 4599 1.
906 4567 958 4615 p.
997 4551 1113 4599 387.
1154 4557 1207 4601 et
1242 4552 1303 4601 L.
1342 4551 1405 4600 A.
1444 4552 1763 4617 zacagni,
1804 4550 1940 4601 Coll.
1979 4567 2119 4601 mon.
2155 4556 2260 4601 vet.
2299 4567 2375 4616 gr.
2414 4553 2460 4613 §-
2499 4552 2583 4599 45.
2619 4549 2752 4615 prol.
