<?xml version="1.0" encoding="UTF-8"?>
<!DOCTYPE html PUBLIC "-//W3C//DTD XHTML 1.0 Transitional//EN"
    "http://www.w3.org/TR/xhtml1/DTD/xhtml1-transitional.dtd">
<html xmlns="http://www.w3.org/1999/xhtml" xml:lang="en" lang="en">
 <head>
  <title>
</title>
<meta http-equiv="Content-Type" content="text/html;charset=utf-8" />
  <meta name='ocr-system' content='tesseract 3.04.00' />
  <meta name='ocr-capabilities' content='ocr_page ocr_carea ocr_par ocr_line ocrx_word'/>
</head>
<body>
  <div class='ocr_page' id='page_1' title='image "./historiarevelat02dankgoog_0328.png"; bbox 0 0 3309 5300; ppageno 0'>
   <div class='ocr_carea' id='block_1_1' title="bbox 566 466 2344 533">
    <p class='ocr_par' dir='ltr' id='par_1_1' title="bbox 566 466 2344 533">
     <span class='ocr_line' id='line_1_1' title="bbox 566 466 2344 533; baseline -0.003 -6"><span class='ocrx_word' id='word_1_1' title='bbox 566 466 692 532; x_wconf 79' lang='grc'><strong>306</strong></span> <span class='ocrx_word' id='word_1_2' title='bbox 1267 480 1501 523; x_wconf 75' lang='lat' dir='ltr'><strong>Commeat.</strong></span> <span class='ocrx_word' id='word_1_3' title='bbox 1532 480 1587 522; x_wconf 83' lang='lat' dir='ltr'><strong>de</strong></span> <span class='ocrx_word' id='word_1_4' title='bbox 1606 482 1649 523; x_wconf 88' lang='lat' dir='ltr'><strong>S.</strong></span> <span class='ocrx_word' id='word_1_5' title='bbox 1674 481 1884 533; x_wconf 68' lang='lat' dir='ltr'><strong>scriptur.</strong></span> <span class='ocrx_word' id='word_1_6' title='bbox 1917 495 2010 533; x_wconf 74' lang='lat' dir='ltr'><strong>cap.</strong></span> <span class='ocrx_word' id='word_1_7' title='bbox 2041 484 2144 524; x_wconf 84' lang='lat' dir='ltr'><strong>tert.</strong></span> <span class='ocrx_word' id='word_1_8' title='bbox 2173 484 2280 522; x_wconf 85' lang='lat' dir='ltr'><strong>sect.</strong></span> <span class='ocrx_word' id='word_1_9' title='bbox 2311 480 2344 522; x_wconf 94' lang='lat'><strong>1.</strong></span> 
     </span>
    </p>
   </div>
   <div class='ocr_carea' id='block_1_2' title="bbox 500 654 3066 4010">
    <p class='ocr_par' dir='ltr' id='par_1_2' title="bbox 500 654 3066 4010">
     <span class='ocr_line' id='line_1_2' title="bbox 568 654 3060 741; baseline 0.001 -23"><span class='ocrx_word' id='word_1_10' title='bbox 568 664 631 718; x_wconf 93' lang='lat' dir='ltr'><strong>et</strong></span> <span class='ocrx_word' id='word_1_11' title='bbox 664 654 728 717; x_wconf 86' lang='lat' dir='ltr'><strong>S.</strong></span> <span class='ocrx_word' id='word_1_12' title='bbox 761 654 841 718; x_wconf 88' lang='lat' dir='ltr'><strong>E.</strong></span> <span class='ocrx_word' id='word_1_13' title='bbox 875 656 941 716; x_wconf 93' lang='lat' dir='ltr'><strong>in</strong></span> <span class='ocrx_word' id='word_1_14' title='bbox 987 656 1439 718; x_wconf 89' lang='lat' dir='ltr'><strong>universum</strong></span> <span class='ocrx_word' id='word_1_15' title='bbox 1485 657 1843 737; x_wconf 89' lang='lat' dir='ltr'><strong>nominant,</strong></span> <span class='ocrx_word' id='word_1_16' title='bbox 1894 658 2188 740; x_wconf 87' lang='lat' dir='ltr'><strong>quamvis</strong></span> <span class='ocrx_word' id='word_1_17' title='bbox 2219 678 2453 720; x_wconf 87' lang='lat' dir='ltr'><strong>revera</strong></span> <span class='ocrx_word' id='word_1_18' title='bbox 2485 679 2620 719; x_wconf 92' lang='lat' dir='ltr'><strong>non</strong></span> <span class='ocrx_word' id='word_1_19' title='bbox 2657 659 2871 741; x_wconf 90' lang='lat' dir='ltr'><strong>pauci,</strong></span> <span class='ocrx_word' id='word_1_20' title='bbox 2919 659 3060 720; x_wconf 91' lang='lat' dir='ltr'><strong>imo</strong></span> 
     </span>
     <span class='ocr_line' id='line_1_3' title="bbox 562 766 3060 853; baseline 0 -23"><span class='ocrx_word' id='word_1_21' title='bbox 562 766 781 851; x_wconf 90' lang='lat' dir='ltr'><strong>plures</strong></span> <span class='ocrx_word' id='word_1_22' title='bbox 824 768 906 832; x_wconf 90' lang='lat' dir='ltr'><strong>ab</strong></span> <span class='ocrx_word' id='word_1_23' title='bbox 938 769 1015 830; x_wconf 92' lang='lat' dir='ltr'><strong>iis</strong></span> <span class='ocrx_word' id='word_1_24' title='bbox 1049 766 1385 831; x_wconf 80' lang='lat' dir='ltr'><strong>dissentire</strong></span> <span class='ocrx_word' id='word_1_25' title='bbox 1431 769 1843 831; x_wconf 83' lang='lat' dir='ltr'>inveniantur</span> <span class='ocrx_word' id='word_1_26' title='bbox 1867 770 1903 831; x_wconf 88' lang='lat'><strong>¹.</strong></span> <span class='ocrx_word' id='word_1_27' title='bbox 1969 767 2276 853; x_wconf 78' lang='lat' dir='ltr'><strong>Quisquis</strong></span> <span class='ocrx_word' id='word_1_28' title='bbox 2310 767 2376 832; x_wconf 84' lang='lat' dir='ltr'><strong>S.</strong></span> <span class='ocrx_word' id='word_1_29' title='bbox 2409 769 2678 832; x_wconf 90' lang='lat' dir='ltr'><strong>Patrum</strong></span> <span class='ocrx_word' id='word_1_30' title='bbox 2707 766 3060 832; x_wconf 79' lang='lat' dir='ltr'><strong>Ecclesiae</strong></span> 
     </span>
     <span class='ocr_line' id='line_1_4' title="bbox 565 879 3066 966; baseline 0 -22"><span class='ocrx_word' id='word_1_31' title='bbox 565 879 829 944; x_wconf 88' lang='lat' dir='ltr'><strong>fidelem</strong></span> <span class='ocrx_word' id='word_1_32' title='bbox 898 902 969 943; x_wconf 89' lang='lat' dir='ltr'><strong>se</strong></span> <span class='ocrx_word' id='word_1_33' title='bbox 1037 890 1371 965; x_wconf 88' lang='lat' dir='ltr'><strong>praestare</strong></span> <span class='ocrx_word' id='word_1_34' title='bbox 1447 880 1705 944; x_wconf 90' lang='lat' dir='ltr'><strong>laborat</strong></span> <span class='ocrx_word' id='word_1_35' title='bbox 1772 880 2182 966; x_wconf 90' lang='lat' dir='ltr'><strong>discipulum,</strong></span> <span class='ocrx_word' id='word_1_36' title='bbox 2261 880 2749 965; x_wconf 86' lang='lat' dir='ltr'><strong>diligentissime</strong></span> <span class='ocrx_word' id='word_1_37' title='bbox 2826 903 3066 946; x_wconf 82' lang='lat' dir='ltr'><strong>eorum</strong></span> 
     </span>
     <span class='ocr_line' id='line_1_5' title="bbox 564 992 3063 1079; baseline -0.001 -22"><span class='ocrx_word' id='word_1_38' title='bbox 564 1015 766 1079; x_wconf 86' lang='lat' dir='ltr'><strong>opera</strong></span> <span class='ocrx_word' id='word_1_39' title='bbox 789 992 1154 1078; x_wconf 84' lang='lat' dir='ltr'><strong>pervolvat,</strong></span> <span class='ocrx_word' id='word_1_40' title='bbox 1185 1015 1311 1057; x_wconf 92' lang='lat' dir='ltr'><strong>nec</strong></span> <span class='ocrx_word' id='word_1_41' title='bbox 1338 1016 1416 1056; x_wconf 86' lang='lat' dir='ltr'><strong>ea</strong></span> <span class='ocrx_word' id='word_1_42' title='bbox 1439 1015 1729 1077; x_wconf 91' lang='lat' dir='ltr'><strong>unquam</strong></span> <span class='ocrx_word' id='word_1_43' title='bbox 1763 1016 1797 1055; x_wconf 92' lang='lat' dir='ltr'><strong>e</strong></span> <span class='ocrx_word' id='word_1_44' title='bbox 1831 992 2130 1056; x_wconf 90' lang='lat' dir='ltr'><strong>manibus</strong></span> <span class='ocrx_word' id='word_1_45' title='bbox 2167 992 2464 1056; x_wconf 88' lang='lat' dir='ltr'><strong>dimittat.</strong></span> <span class='ocrx_word' id='word_1_46' title='bbox 2505 993 2834 1056; x_wconf 89' lang='lat' dir='ltr'><strong>Diuturna</strong></span> <span class='ocrx_word' id='word_1_47' title='bbox 2867 1016 3063 1057; x_wconf 81' lang='lat' dir='ltr'><strong>exer-</strong></span> 
     </span>
     <span class='ocr_line' id='line_1_6' title="bbox 564 1104 3064 1190; baseline -0.001 -20"><span class='ocrx_word' id='word_1_48' title='bbox 564 1108 782 1170; x_wconf 89' lang='lat' dir='ltr'><strong>citatio</strong></span> <span class='ocrx_word' id='word_1_49' title='bbox 831 1104 1123 1169; x_wconf 88' lang='lat' dir='ltr'><strong>laborem</strong></span> <span class='ocrx_word' id='word_1_50' title='bbox 1157 1107 1404 1187; x_wconf 90' lang='lat' dir='ltr'><strong>minuit,</strong></span> <span class='ocrx_word' id='word_1_51' title='bbox 1453 1104 1946 1189; x_wconf 82' lang='lat' dir='ltr'><strong>facilioremque</strong></span> <span class='ocrx_word' id='word_1_52' title='bbox 1978 1115 2168 1190; x_wconf 87' lang='lat' dir='ltr'><strong>parat</strong></span> <span class='ocrx_word' id='word_1_53' title='bbox 2197 1105 2725 1189; x_wconf 82' lang='lat' dir='ltr'><strong>intelligentiam3</strong></span> <span class='ocrx_word' id='word_1_54' title='bbox 2773 1128 2852 1169; x_wconf 90' lang='lat' dir='ltr'><strong>ac</strong></span> <span class='ocrx_word' id='word_1_55' title='bbox 2887 1106 3064 1168; x_wconf 90' lang='lat' dir='ltr'><strong>mira</strong></span> 
     </span>
     <span class='ocr_line' id='line_1_7' title="bbox 563 1216 3062 1303; baseline -0.002 -20"><span class='ocrx_word' id='word_1_56' title='bbox 563 1219 827 1283; x_wconf 89' lang='lat' dir='ltr'><strong>demum</strong></span> <span class='ocrx_word' id='word_1_57' title='bbox 854 1220 1191 1301; x_wconf 88' lang='lat' dir='ltr'><strong>suavitate,</strong></span> <span class='ocrx_word' id='word_1_58' title='bbox 1220 1226 1415 1303; x_wconf 90' lang='lat' dir='ltr'><strong>atque</strong></span> <span class='ocrx_word' id='word_1_59' title='bbox 1443 1216 1878 1282; x_wconf 84' lang='lat' dir='ltr'><strong>delectatione</strong></span> <span class='ocrx_word' id='word_1_60' title='bbox 1904 1217 2316 1302; x_wconf 88' lang='lat' dir='ltr'><strong>perfunditur</strong></span> <span class='ocrx_word' id='word_1_61' title='bbox 2340 1220 2613 1300; x_wconf 88' lang='lat' dir='ltr'><strong>animus,</strong></span> <span class='ocrx_word' id='word_1_62' title='bbox 2649 1241 2797 1282; x_wconf 90' lang='lat' dir='ltr'><strong>cum</strong></span> <span class='ocrx_word' id='word_1_63' title='bbox 2823 1240 3062 1281; x_wconf 88' lang='lat' dir='ltr'><strong>occur-</strong></span> 
     </span>
     <span class='ocr_line' id='line_1_8' title="bbox 559 1330 3058 1417; baseline -0 -22"><span class='ocrx_word' id='word_1_64' title='bbox 559 1332 770 1395; x_wconf 87' lang='lat' dir='ltr'><strong>rentia</strong></span> <span class='ocrx_word' id='word_1_65' title='bbox 802 1330 868 1395; x_wconf 85' lang='lat' dir='ltr'><strong>S.</strong></span> <span class='ocrx_word' id='word_1_66' title='bbox 894 1332 1163 1395; x_wconf 89' lang='lat' dir='ltr'><strong>Patrum</strong></span> <span class='ocrx_word' id='word_1_67' title='bbox 1192 1330 1339 1395; x_wconf 86' lang='lat' dir='ltr'><strong>loca</strong></span> <span class='ocrx_word' id='word_1_68' title='bbox 1370 1332 1605 1417; x_wconf 85' lang='lat' dir='ltr'><strong>statim,</strong></span> <span class='ocrx_word' id='word_1_69' title='bbox 1638 1330 1946 1416; x_wconf 92' lang='lat' dir='ltr'><strong>nulloque</strong></span> <span class='ocrx_word' id='word_1_70' title='bbox 1981 1330 2120 1393; x_wconf 91' lang='lat' dir='ltr'><strong>fere</strong></span> <span class='ocrx_word' id='word_1_71' title='bbox 2152 1332 2438 1414; x_wconf 90' lang='lat' dir='ltr'><strong>negotio,</strong></span> <span class='ocrx_word' id='word_1_72' title='bbox 2467 1353 2663 1416; x_wconf 91' lang='lat' dir='ltr'><strong>quem</strong></span> <span class='ocrx_word' id='word_1_73' title='bbox 2685 1332 2752 1393; x_wconf 91' lang='lat' dir='ltr'><strong>in</strong></span> <span class='ocrx_word' id='word_1_74' title='bbox 2785 1352 3058 1394; x_wconf 88' lang='lat' dir='ltr'><strong>sensum</strong></span> 
     </span>
     <span class='ocr_line' id='line_1_9' title="bbox 560 1443 3058 1530; baseline -0.001 -22"><span class='ocrx_word' id='word_1_75' title='bbox 560 1444 944 1527; x_wconf 86' lang='lat' dir='ltr'><strong>referantur,</strong></span> <span class='ocrx_word' id='word_1_76' title='bbox 986 1445 1330 1530; x_wconf 87' lang='lat' dir='ltr'><strong>percipere</strong></span> <span class='ocrx_word' id='word_1_77' title='bbox 1369 1443 1562 1507; x_wconf 89' lang='lat' dir='ltr'><strong>valet.</strong></span> <span class='ocrx_word' id='word_1_78' title='bbox 1611 1443 1902 1507; x_wconf 88' lang='lat' dir='ltr'><strong>Traditio</strong></span> <span class='ocrx_word' id='word_1_79' title='bbox 1951 1443 2166 1507; x_wconf 88' lang='lat' dir='ltr'><strong>facem</strong></span> <span class='ocrx_word' id='word_1_80' title='bbox 2199 1443 2510 1528; x_wconf 86' lang='lat' dir='ltr'><strong>praefert,</strong></span> <span class='ocrx_word' id='word_1_81' title='bbox 2559 1453 2630 1507; x_wconf 94' lang='lat' dir='ltr'><strong>ut</strong></span> <span class='ocrx_word' id='word_1_82' title='bbox 2658 1444 3058 1528; x_wconf 86' lang='lat' dir='ltr'><strong>interpretes</strong></span> 
     </span>
     <span class='ocr_line' id='line_1_10' title="bbox 561 1554 3054 1641; baseline -0.002 -19"><span class='ocrx_word' id='word_1_83' title='bbox 561 1558 821 1623; x_wconf 84' lang='lat' dir='ltr'><strong>Codicis</strong></span> <span class='ocrx_word' id='word_1_84' title='bbox 855 1556 919 1621; x_wconf 83' lang='lat' dir='ltr'><strong>S.</strong></span> <span class='ocrx_word' id='word_1_85' title='bbox 967 1579 1228 1620; x_wconf 90' lang='lat' dir='ltr'><strong>sensum</strong></span> <span class='ocrx_word' id='word_1_86' title='bbox 1273 1557 1631 1640; x_wconf 90' lang='lat' dir='ltr'><strong>genuinum</strong></span> <span class='ocrx_word' id='word_1_87' title='bbox 1678 1556 2060 1641; x_wconf 84' lang='lat' dir='ltr'><strong>percipiant,</strong></span> <span class='ocrx_word' id='word_1_88' title='bbox 2109 1554 2399 1619; x_wconf 89' lang='lat' dir='ltr'><strong>Traditio</strong></span> <span class='ocrx_word' id='word_1_89' title='bbox 2447 1555 2675 1619; x_wconf 88' lang='lat' dir='ltr'><strong>literae</strong></span> <span class='ocrx_word' id='word_1_90' title='bbox 2719 1557 3054 1619; x_wconf 88' lang='lat' dir='ltr'><strong>inanimae</strong></span> 
     </span>
     <span class='ocr_line' id='line_1_11' title="bbox 558 1667 3056 1755; baseline -0.002 -20"><span class='ocrx_word' id='word_1_91' title='bbox 558 1672 760 1735; x_wconf 86' lang='lat' dir='ltr'><strong>vitam</strong></span> <span class='ocrx_word' id='word_1_92' title='bbox 806 1671 1095 1755; x_wconf 88' lang='lat' dir='ltr'><strong>inspirat.</strong></span> <span class='ocrx_word' id='word_1_93' title='bbox 1172 1668 1480 1753; x_wconf 87' lang='lat' dir='ltr'><strong>Denique</strong></span> <span class='ocrx_word' id='word_1_94' title='bbox 1528 1668 1614 1732; x_wconf 90' lang='lat' dir='ltr'><strong>ad</strong></span> <span class='ocrx_word' id='word_1_95' title='bbox 1661 1667 2028 1753; x_wconf 85' lang='lat' dir='ltr'><strong>Scripturas</strong></span> <span class='ocrx_word' id='word_1_96' title='bbox 2076 1667 2313 1732; x_wconf 85' lang='lat' dir='ltr'><strong>Sacras</strong></span> <span class='ocrx_word' id='word_1_97' title='bbox 2366 1677 2546 1731; x_wconf 86' lang='lat' dir='ltr'><strong>recte</strong></span> <span class='ocrx_word' id='word_1_98' title='bbox 2595 1668 3056 1753; x_wconf 81' lang='lat' dir='ltr'><strong>exponendaS,</strong></span> 
     </span>
     <span class='ocr_line' id='line_1_12' title="bbox 562 1765 3056 1870; baseline -0.001 -23"><span class='ocrx_word' id='word_1_99' title='bbox 562 1807 757 1870; x_wconf 86' lang='lat' dir='ltr'><strong>quam</strong></span> <span class='ocrx_word' id='word_1_100' title='bbox 804 1765 959 1846; x_wconf 82' lang='lat' dir='ltr'><strong>utise</strong></span> <span class='ocrx_word' id='word_1_101' title='bbox 1008 1783 1107 1862; x_wconf 90' lang='lat' dir='ltr'><strong>sit,</strong></span> <span class='ocrx_word' id='word_1_102' title='bbox 1168 1782 1297 1845; x_wconf 90' lang='lat' dir='ltr'><strong>imo</strong></span> <span class='ocrx_word' id='word_1_103' title='bbox 1348 1790 1413 1844; x_wconf 89' lang='lat' dir='ltr'><strong>et</strong></span> <span class='ocrx_word' id='word_1_104' title='bbox 1457 1782 1900 1845; x_wconf 87' lang='lat' dir='ltr'><strong>necessarium</strong></span> <span class='ocrx_word' id='word_1_105' title='bbox 1944 1781 2188 1844; x_wconf 88' lang='lat' dir='ltr'><strong>nullam</strong></span> <span class='ocrx_word' id='word_1_106' title='bbox 2233 1805 2365 1845; x_wconf 92' lang='lat' dir='ltr'><strong>non</strong></span> <span class='ocrx_word' id='word_1_107' title='bbox 2413 1782 2752 1845; x_wconf 87' lang='lat' dir='ltr'><strong>scientiam</strong></span> <span class='ocrx_word' id='word_1_108' title='bbox 2796 1790 3056 1862; x_wconf 86' lang='lat' dir='ltr'><strong>tenere,</strong></span> 
     </span>
     <span class='ocr_line' id='line_1_13' title="bbox 560 1892 3058 1983; baseline -0.001 -23"><span class='ocrx_word' id='word_1_109' title='bbox 560 1896 829 1983; x_wconf 89' lang='lat' dir='ltr'><strong>pulchre</strong></span> <span class='ocrx_word' id='word_1_110' title='bbox 878 1918 927 1959; x_wconf 92' lang='lat' dir='ltr'><strong>s.</strong></span> <span class='ocrx_word' id='word_1_111' title='bbox 972 1892 1373 1978; x_wconf 85' lang='lat' dir='ltr'><strong>Augustinus</strong></span> <span class='ocrx_word' id='word_1_112' title='bbox 1407 1895 1712 1978; x_wconf 84' lang='lat' dir='ltr'><strong>exponit:</strong></span> <span class='ocrx_word' id='word_1_113' title='bbox 1759 1893 2146 1979; x_wconf 87' lang='lat' dir='ltr'><strong>plerumque</strong></span> <span class='ocrx_word' id='word_1_114' title='bbox 2179 1917 2218 1956; x_wconf 88' lang='lat' dir='ltr'><strong>a</strong></span> <span class='ocrx_word' id='word_1_115' title='bbox 2249 1916 2446 1957; x_wconf 90' lang='lat' dir='ltr'><strong>sensu</strong></span> <span class='ocrx_word' id='word_1_116' title='bbox 2490 1895 2772 1958; x_wconf 85' lang='lat' dir='ltr'><strong>auctoris</strong></span> <span class='ocrx_word' id='word_1_117' title='bbox 2819 1893 3058 1958; x_wconf 87' lang='lat' dir='ltr'><strong>devius</strong></span> 
     </span>
     <span class='ocr_line' id='line_1_14' title="bbox 560 2005 3058 2091; baseline -0.001 -19"><span class='ocrx_word' id='word_1_118' title='bbox 560 2008 823 2073; x_wconf 87' lang='lat' dir='ltr'><strong>aberrat</strong></span> <span class='ocrx_word' id='word_1_119' title='bbox 881 2008 1225 2091; x_wconf 79' lang='lat' dir='ltr'><strong>interpreS,</strong></span> <span class='ocrx_word' id='word_1_120' title='bbox 1287 2007 1337 2069; x_wconf 91' lang='lat' dir='ltr'><strong>si</strong></span> <span class='ocrx_word' id='word_1_121' title='bbox 1399 2028 1533 2069; x_wconf 89' lang='lat' dir='ltr'><strong>non</strong></span> <span class='ocrx_word' id='word_1_122' title='bbox 1596 2007 1680 2069; x_wconf 87' lang='lat' dir='ltr'><strong>sit</strong></span> <span class='ocrx_word' id='word_1_123' title='bbox 1726 2005 2156 2070; x_wconf 89' lang='lat' dir='ltr'><strong>doctissimus.</strong></span> <span class='ocrx_word' id='word_1_124' title='bbox 2235 2005 2450 2084; x_wconf 74' lang='lat' dir='ltr'><strong>Quam</strong></span> <span class='ocrx_word' id='word_1_125' title='bbox 2513 2015 2730 2069; x_wconf 87' lang='lat' dir='ltr'><strong>autem</strong></span> <span class='ocrx_word' id='word_1_126' title='bbox 2774 2028 2936 2069; x_wconf 89' lang='lat' dir='ltr'><strong>vere</strong></span> <span class='ocrx_word' id='word_1_127' title='bbox 2982 2005 3058 2069; x_wconf 89' lang='lat' dir='ltr'><strong>id</strong></span> 
     </span>
     <span class='ocr_line' id='line_1_15' title="bbox 558 2118 3054 2204; baseline -0.002 -17"><span class='ocrx_word' id='word_1_128' title='bbox 558 2123 793 2201; x_wconf 86' lang='lat' dir='ltr'><strong>edicat,</strong></span> <span class='ocrx_word' id='word_1_129' title='bbox 857 2120 1160 2183; x_wconf 89' lang='lat' dir='ltr'><strong>scientias</strong></span> <span class='ocrx_word' id='word_1_130' title='bbox 1208 2118 1496 2202; x_wconf 83' lang='lat' dir='ltr'><strong>singulas</strong></span> <span class='ocrx_word' id='word_1_131' title='bbox 1558 2141 1948 2204; x_wconf 88' lang='lat' dir='ltr'><strong>percurrens</strong></span> <span class='ocrx_word' id='word_1_132' title='bbox 2007 2118 2204 2203; x_wconf 89' lang='lat' dir='ltr'><strong>longo</strong></span> <span class='ocrx_word' id='word_1_133' title='bbox 2265 2141 2564 2183; x_wconf 89' lang='lat' dir='ltr'><strong>sermone</strong></span> <span class='ocrx_word' id='word_1_134' title='bbox 2611 2141 2731 2183; x_wconf 91' lang='lat' dir='ltr'><strong>nos</strong></span> <span class='ocrx_word' id='word_1_135' title='bbox 2777 2119 3054 2201; x_wconf 81' lang='lat' dir='ltr'><strong>edocet3</strong></span> 
     </span>
     <span class='ocr_line' id='line_1_16' title="bbox 558 2230 3056 2319; baseline -0.002 -21"><span class='ocrx_word' id='word_1_136' title='bbox 558 2233 868 2319; x_wconf 91' lang='lat' dir='ltr'><strong>iubetque</strong></span> <span class='ocrx_word' id='word_1_137' title='bbox 918 2254 1141 2295; x_wconf 87' lang='lat' dir='ltr'><strong>earum</strong></span> <span class='ocrx_word' id='word_1_138' title='bbox 1202 2232 1497 2295; x_wconf 90' lang='lat' dir='ltr'><strong>notitiam</strong></span> <span class='ocrx_word' id='word_1_139' title='bbox 1551 2232 1741 2296; x_wconf 91' lang='lat' dir='ltr'><strong>nobis</strong></span> <span class='ocrx_word' id='word_1_140' title='bbox 1806 2253 2188 2316; x_wconf 85' lang='lat' dir='ltr'><strong>comparare</strong></span> <span class='ocrx_word' id='word_1_141' title='bbox 2234 2230 2340 2295; x_wconf 91' lang='lat' dir='ltr'><strong>vel</strong></span> <span class='ocrx_word' id='word_1_142' title='bbox 2385 2231 2468 2296; x_wconf 87' lang='lat' dir='ltr'><strong>ab</strong></span> <span class='ocrx_word' id='word_1_143' title='bbox 2515 2233 2670 2317; x_wconf 91' lang='lat' dir='ltr'><strong>ipsis</strong></span> <span class='ocrx_word' id='word_1_144' title='bbox 2715 2230 3056 2296; x_wconf 89' lang='lat' dir='ltr'><strong>veteribus</strong></span> 
     </span>
     <span class='ocr_line' id='line_1_17' title="bbox 556 2344 3055 2433; baseline -0.002 -22"><span class='ocrx_word' id='word_1_145' title='bbox 556 2346 981 2433; x_wconf 87' lang='lat' dir='ltr'><strong>scriptoribus</strong></span> <span class='ocrx_word' id='word_1_146' title='bbox 1028 2344 1330 2427; x_wconf 88' lang='lat' dir='ltr'><strong>classicis,</strong></span> <span class='ocrx_word' id='word_1_147' title='bbox 1380 2346 1490 2430; x_wconf 92' lang='lat' dir='ltr'><strong>qui</strong></span> <span class='ocrx_word' id='word_1_148' title='bbox 1521 2346 1575 2407; x_wconf 90' lang='lat' dir='ltr'><strong>si</strong></span> <span class='ocrx_word' id='word_1_149' title='bbox 1606 2367 1738 2430; x_wconf 90' lang='lat' dir='ltr'><strong>qua</strong></span> <span class='ocrx_word' id='word_1_150' title='bbox 1782 2344 1946 2408; x_wconf 88' lang='lat' dir='ltr'><strong>forte</strong></span> <span class='ocrx_word' id='word_1_151' title='bbox 1992 2367 2153 2409; x_wconf 89' lang='lat' dir='ltr'><strong>vera</strong></span> <span class='ocrx_word' id='word_1_152' title='bbox 2185 2354 2250 2408; x_wconf 94' lang='lat' dir='ltr'><strong>et</strong></span> <span class='ocrx_word' id='word_1_153' title='bbox 2280 2344 2432 2408; x_wconf 90' lang='lat' dir='ltr'><strong>fidei</strong></span> <span class='ocrx_word' id='word_1_154' title='bbox 2476 2354 2739 2408; x_wconf 88' lang='lat' dir='ltr'><strong>nos-trae</strong></span> <span class='ocrx_word' id='word_1_155' title='bbox 2786 2366 3055 2408; x_wconf 87' lang='lat' dir='ltr'><strong>accom-</strong></span> 
     </span>
     <span class='ocr_line' id='line_1_18' title="bbox 542 2457 3055 2540; baseline -0.002 -17"><span class='ocrx_word' id='word_1_156' title='bbox 542 2460 823 2539; x_wconf 85' lang='lat' dir='ltr'><strong>modata</strong></span> <span class='ocrx_word' id='word_1_157' title='bbox 869 2458 1223 2522; x_wconf 86' lang='lat' dir='ltr'><strong>dixerunt.</strong></span> <span class='ocrx_word' id='word_1_158' title='bbox 1259 2506 1273 2521; x_wconf 94' lang='lat'><strong>.</strong></span> <span class='ocrx_word' id='word_1_159' title='bbox 1308 2506 1323 2521; x_wconf 95' lang='lat'><strong>.</strong></span> <span class='ocrx_word' id='word_1_160' title='bbox 1357 2480 1490 2521; x_wconf 94' lang='lat' dir='ltr'><strong>non</strong></span> <span class='ocrx_word' id='word_1_161' title='bbox 1536 2457 1746 2522; x_wconf 91' lang='lat' dir='ltr'><strong>solum</strong></span> <span class='ocrx_word' id='word_1_162' title='bbox 1792 2457 2208 2523; x_wconf 87' lang='lat' dir='ltr'><strong>formidanda</strong></span> <span class='ocrx_word' id='word_1_163' title='bbox 2251 2480 2384 2521; x_wconf 92' lang='lat' dir='ltr'><strong>non</strong></span> <span class='ocrx_word' id='word_1_164' title='bbox 2431 2466 2600 2540; x_wconf 90' lang='lat' dir='ltr'><strong>sunt,</strong></span> <span class='ocrx_word' id='word_1_165' title='bbox 2655 2458 2771 2521; x_wconf 91' lang='lat' dir='ltr'><strong>sed</strong></span> <span class='ocrx_word' id='word_1_166' title='bbox 2818 2457 2904 2521; x_wconf 87' lang='lat' dir='ltr'><strong>ab</strong></span> <span class='ocrx_word' id='word_1_167' title='bbox 2957 2458 3055 2520; x_wconf 88' lang='lat' dir='ltr'><strong>eis</strong></span> 
     </span>
     <span class='ocr_line' id='line_1_19' title="bbox 555 2569 3050 2656; baseline -0.001 -20"><span class='ocrx_word' id='word_1_168' title='bbox 555 2574 771 2656; x_wconf 87' lang='lat' dir='ltr'><strong>etiam,</strong></span> <span class='ocrx_word' id='word_1_169' title='bbox 818 2582 1129 2656; x_wconf 87' lang='lat' dir='ltr'><strong>tanquam</strong></span> <span class='ocrx_word' id='word_1_170' title='bbox 1176 2572 1427 2634; x_wconf 90' lang='lat' dir='ltr'><strong>iniustis</strong></span> <span class='ocrx_word' id='word_1_171' title='bbox 1465 2570 1953 2656; x_wconf 88' lang='lat' dir='ltr'><strong>possessoribus</strong></span> <span class='ocrx_word' id='word_1_172' title='bbox 1983 2572 2049 2633; x_wconf 91' lang='lat' dir='ltr'><strong>in</strong></span> <span class='ocrx_word' id='word_1_173' title='bbox 2079 2594 2270 2634; x_wconf 90' lang='lat' dir='ltr'><strong>usum</strong></span> <span class='ocrx_word' id='word_1_174' title='bbox 2302 2579 2594 2634; x_wconf 91' lang='lat' dir='ltr'><strong>nostrum</strong></span> <span class='ocrx_word' id='word_1_175' title='bbox 2629 2569 3050 2633; x_wconf 85' lang='lat' dir='ltr'><strong>vindicanda.</strong></span> 
     </span>
     <span class='ocr_line' id='line_1_20' title="bbox 555 2683 3053 2770; baseline -0.002 -20"><span class='ocrx_word' id='word_1_176' title='bbox 555 2686 743 2765; x_wconf 74' lang='lat' dir='ltr'><strong>Quae</strong></span> <span class='ocrx_word' id='word_1_177' title='bbox 814 2693 1029 2748; x_wconf 88' lang='lat' dir='ltr'><strong>autem</strong></span> <span class='ocrx_word' id='word_1_178' title='bbox 1102 2684 1182 2748; x_wconf 88' lang='lat' dir='ltr'><strong>de</strong></span> <span class='ocrx_word' id='word_1_179' title='bbox 1252 2684 1677 2770; x_wconf 90' lang='lat' dir='ltr'><strong>scriptoribus</strong></span> <span class='ocrx_word' id='word_1_180' title='bbox 1747 2684 2032 2750; x_wconf 86' lang='lat' dir='ltr'><strong>classicis</strong></span> <span class='ocrx_word' id='word_1_181' title='bbox 2091 2683 2266 2766; x_wconf 90' lang='lat' dir='ltr'><strong>dicit,</strong></span> <span class='ocrx_word' id='word_1_182' title='bbox 2331 2683 2413 2748; x_wconf 91' lang='lat' dir='ltr'><strong>de</strong></span> <span class='ocrx_word' id='word_1_183' title='bbox 2476 2685 2708 2748; x_wconf 90' lang='lat' dir='ltr'><strong>ceteris</strong></span> <span class='ocrx_word' id='word_1_184' title='bbox 2779 2706 3053 2769; x_wconf 90' lang='lat' dir='ltr'><strong>quoque</strong></span> 
     </span>
     <span class='ocr_line' id='line_1_21' title="bbox 553 2795 3054 2883; baseline -0.001 -21"><span class='ocrx_word' id='word_1_185' title='bbox 553 2799 859 2881; x_wconf 89' lang='lat' dir='ltr'><strong>scientiis,</strong></span> <span class='ocrx_word' id='word_1_186' title='bbox 909 2819 1077 2882; x_wconf 84' lang='lat' dir='ltr'><strong>quae</strong></span> <span class='ocrx_word' id='word_1_187' title='bbox 1124 2797 1211 2860; x_wconf 89' lang='lat' dir='ltr'><strong>ad</strong></span> <span class='ocrx_word' id='word_1_188' title='bbox 1256 2797 1320 2862; x_wconf 83' lang='lat' dir='ltr'><strong>S.</strong></span> <span class='ocrx_word' id='word_1_189' title='bbox 1368 2796 1730 2862; x_wconf 87' lang='lat' dir='ltr'><strong>Bibliorum</strong></span> <span class='ocrx_word' id='word_1_190' title='bbox 1786 2799 2390 2883; x_wconf 88' lang='lat' dir='ltr'><strong>interpretationem</strong></span> <span class='ocrx_word' id='word_1_191' title='bbox 2439 2797 2805 2879; x_wconf 87' lang='lat' dir='ltr'><strong>conferunt,</strong></span> <span class='ocrx_word' id='word_1_192' title='bbox 2870 2795 3054 2861; x_wconf 85' lang='lat' dir='ltr'><strong>dicta</strong></span> 
     </span>
     <span class='ocr_line' id='line_1_22' title="bbox 554 2909 3052 2996; baseline -0.001 -22"><span class='ocrx_word' id='word_1_193' title='bbox 554 2933 696 2976; x_wconf 89' lang='lat' dir='ltr'><strong>essc</strong></span> <span class='ocrx_word' id='word_1_194' title='bbox 758 2920 990 2996; x_wconf 89' lang='lat' dir='ltr'><strong>sponte</strong></span> <span class='ocrx_word' id='word_1_195' title='bbox 1052 2933 1169 2975; x_wconf 87' lang='lat' dir='ltr'><strong>sua</strong></span> <span class='ocrx_word' id='word_1_196' title='bbox 1224 2910 1670 2995; x_wconf 90' lang='lat' dir='ltr'><strong>intelliguntur</strong></span> <span class='ocrx_word' id='word_1_197' title='bbox 1688 2913 1731 2972; x_wconf 79' lang='lat'><strong>2.</strong></span> <span class='ocrx_word' id='word_1_198' title='bbox 1808 2909 1917 2974; x_wconf 91' lang='lat' dir='ltr'><strong>Ad</strong></span> <span class='ocrx_word' id='word_1_199' title='bbox 1975 2920 2154 2974; x_wconf 91' lang='lat' dir='ltr'><strong>recte</strong></span> <span class='ocrx_word' id='word_1_200' title='bbox 2218 2909 2676 2995; x_wconf 88' lang='lat' dir='ltr'><strong>intelligendas</strong></span> <span class='ocrx_word' id='word_1_201' title='bbox 2724 2919 2790 2974; x_wconf 92' lang='lat' dir='ltr'><strong>et</strong></span> <span class='ocrx_word' id='word_1_202' title='bbox 2839 2909 3052 2996; x_wconf 83' lang='lat' dir='ltr'><strong>expli-</strong></span> 
     </span>
     <span class='ocr_line' id='line_1_23' title="bbox 500 3021 3052 3110; baseline -0.001 -23"><span class='ocrx_word' id='word_1_203' title='bbox 500 3102 506 3110; x_wconf 36' lang='lat'>·</span> <span class='ocrx_word' id='word_1_204' title='bbox 554 3022 799 3087; x_wconf 84' lang='lat' dir='ltr'><strong>candas</strong></span> <span class='ocrx_word' id='word_1_205' title='bbox 848 3023 913 3088; x_wconf 85' lang='lat' dir='ltr'><strong>S.</strong></span> <span class='ocrx_word' id='word_1_206' title='bbox 963 3022 1331 3107; x_wconf 85' lang='lat' dir='ltr'><strong>Scripturas</strong></span> <span class='ocrx_word' id='word_1_207' title='bbox 1390 3046 1552 3108; x_wconf 91' lang='lat' dir='ltr'><strong>opus</strong></span> <span class='ocrx_word' id='word_1_208' title='bbox 1611 3033 1712 3087; x_wconf 91' lang='lat' dir='ltr'><strong>est</strong></span> <span class='ocrx_word' id='word_1_209' title='bbox 1765 3023 2034 3087; x_wconf 89' lang='lat' dir='ltr'><strong>tandem</strong></span> <span class='ocrx_word' id='word_1_210' title='bbox 2095 3022 2340 3086; x_wconf 90' lang='lat' dir='ltr'><strong>multa</strong></span> <span class='ocrx_word' id='word_1_211' title='bbox 2401 3024 2803 3086; x_wconf 85' lang='lat' dir='ltr'><strong>oratione:</strong></span> <span class='ocrx_word' id='word_1_212' title='bbox 2872 3021 3052 3104; x_wconf 89' lang='lat' dir='ltr'><strong>,Non</strong></span> 
     </span>
     <span class='ocr_line' id='line_1_24' title="bbox 552 3115 3052 3220; baseline 0 -22"><span class='ocrx_word' id='word_1_213' title='bbox 552 3134 761 3200; x_wconf 92' lang='lat' dir='ltr'><strong>solum</strong></span> <span class='ocrx_word' id='word_1_214' title='bbox 809 3135 1207 3199; x_wconf 89' lang='lat' dir='ltr'><strong>admonendi</strong></span> <span class='ocrx_word' id='word_1_215' title='bbox 1252 3144 1419 3217; x_wconf 92' lang='lat' dir='ltr'><strong>sunt,</strong></span> <span class='ocrx_word' id='word_1_216' title='bbox 1465 3134 1637 3199; x_wconf 93' lang='lat' dir='ltr'><strong>belle</strong></span> <span class='ocrx_word' id='word_1_217' title='bbox 1683 3135 1856 3199; x_wconf 90' lang='lat' dir='ltr'><strong>idem</strong></span> <span class='ocrx_word' id='word_1_218' title='bbox 1903 3135 2202 3199; x_wconf 90' lang='lat' dir='ltr'><strong>hortatur</strong></span> <span class='ocrx_word' id='word_1_219' title='bbox 2243 3134 2525 3220; x_wconf 87' lang='lat' dir='ltr'><strong>Magnus</strong></span> <span class='ocrx_word' id='word_1_220' title='bbox 2569 3115 2984 3219; x_wconf 84' lang='lat' dir='ltr'><strong>Augustinus</strong></span> <span class='ocrx_word' id='word_1_221' title='bbox 3004 3139 3052 3216; x_wconf 82' lang='lat'><strong>3,</strong></span> 
     </span>
     <span class='ocr_line' id='line_1_25' title="bbox 552 3247 3053 3334; baseline 0 -22"><span class='ocrx_word' id='word_1_222' title='bbox 552 3248 823 3312; x_wconf 90' lang='lat' dir='ltr'><strong>studiosi</strong></span> <span class='ocrx_word' id='word_1_223' title='bbox 855 3248 1346 3313; x_wconf 91' lang='lat' dir='ltr'><strong>Venerabilium</strong></span> <span class='ocrx_word' id='word_1_224' title='bbox 1379 3247 1894 3334; x_wconf 69' lang='lat' dir='ltr'><strong>Scripturarum,</strong></span> <span class='ocrx_word' id='word_1_225' title='bbox 1916 3257 1987 3312; x_wconf 88' lang='lat' dir='ltr'><strong>ut</strong></span> <span class='ocrx_word' id='word_1_226' title='bbox 2017 3250 2082 3311; x_wconf 92' lang='lat' dir='ltr'><strong>in</strong></span> <span class='ocrx_word' id='word_1_227' title='bbox 2115 3247 2465 3333; x_wconf 86' lang='lat' dir='ltr'><strong>Scripturis</strong></span> <span class='ocrx_word' id='word_1_228' title='bbox 2509 3247 2764 3312; x_wconf 89' lang='lat' dir='ltr'><strong>Sanctis</strong></span> <span class='ocrx_word' id='word_1_229' title='bbox 2796 3270 3053 3332; x_wconf 82' lang='lat' dir='ltr'><strong>genera</strong></span> 
     </span>
     <span class='ocr_line' id='line_1_26' title="bbox 548 3359 3053 3446; baseline 0 -22"><span class='ocrx_word' id='word_1_230' title='bbox 548 3359 952 3424; x_wconf 90' lang='lat' dir='ltr'><strong>locutionum</strong></span> <span class='ocrx_word' id='word_1_231' title='bbox 978 3363 1205 3443; x_wconf 87' lang='lat' dir='ltr'><strong>sciant,</strong></span> <span class='ocrx_word' id='word_1_232' title='bbox 1232 3370 1298 3424; x_wconf 91' lang='lat' dir='ltr'><strong>et</strong></span> <span class='ocrx_word' id='word_1_233' title='bbox 1324 3360 1653 3445; x_wconf 90' lang='lat' dir='ltr'><strong>quomodo</strong></span> <span class='ocrx_word' id='word_1_234' title='bbox 1681 3360 1856 3445; x_wconf 86' lang='lat' dir='ltr'><strong>apud</strong></span> <span class='ocrx_word' id='word_1_235' title='bbox 1882 3384 1992 3424; x_wconf 89' lang='lat' dir='ltr'><strong>eas</strong></span> <span class='ocrx_word' id='word_1_236' title='bbox 2019 3360 2263 3446; x_wconf 82' lang='lat' dir='ltr'><strong>aliquid</strong></span> <span class='ocrx_word' id='word_1_237' title='bbox 2289 3360 2417 3424; x_wconf 90' lang='lat' dir='ltr'><strong>dici</strong></span> <span class='ocrx_word' id='word_1_238' title='bbox 2443 3360 2670 3442; x_wconf 89' lang='lat' dir='ltr'><strong>soleat,</strong></span> <span class='ocrx_word' id='word_1_239' title='bbox 2696 3359 3053 3444; x_wconf 84' lang='lat' dir='ltr'><strong>vigilanter</strong></span> 
     </span>
     <span class='ocr_line' id='line_1_27' title="bbox 550 3472 3048 3559; baseline 0 -23"><span class='ocrx_word' id='word_1_240' title='bbox 550 3472 896 3536; x_wconf 87' lang='lat' dir='ltr'><strong>advertant</strong></span> <span class='ocrx_word' id='word_1_241' title='bbox 940 3475 1442 3558; x_wconf 86' lang='lat' dir='ltr'><strong>memoriterque</strong></span> <span class='ocrx_word' id='word_1_242' title='bbox 1487 3474 1850 3555; x_wconf 78' lang='lat' dir='ltr'><strong>retineant3</strong></span> <span class='ocrx_word' id='word_1_243' title='bbox 1897 3496 2125 3537; x_wconf 91' lang='lat' dir='ltr'><strong>verum</strong></span> <span class='ocrx_word' id='word_1_244' title='bbox 2175 3475 2370 3537; x_wconf 89' lang='lat' dir='ltr'><strong>etiam</strong></span> <span class='ocrx_word' id='word_1_245' title='bbox 2418 3474 2595 3559; x_wconf 89' lang='lat' dir='ltr'><strong>quod</strong></span> <span class='ocrx_word' id='word_1_246' title='bbox 2643 3483 2743 3537; x_wconf 91' lang='lat' dir='ltr'><strong>est</strong></span> <span class='ocrx_word' id='word_1_247' title='bbox 2788 3475 3048 3558; x_wconf 89' lang='lat' dir='ltr'><strong>praeci-</strong></span> 
     </span>
     <span class='ocr_line' id='line_1_28' title="bbox 548 3586 3048 3670; baseline 0.001 -22"><span class='ocrx_word' id='word_1_248' title='bbox 548 3608 753 3670; x_wconf 89' lang='lat' dir='ltr'><strong>puum</strong></span> <span class='ocrx_word' id='word_1_249' title='bbox 817 3595 882 3648; x_wconf 91' lang='lat' dir='ltr'><strong>et</strong></span> <span class='ocrx_word' id='word_1_250' title='bbox 940 3587 1224 3649; x_wconf 85' lang='lat' dir='ltr'><strong>maxime</strong></span> <span class='ocrx_word' id='word_1_251' title='bbox 1282 3588 1756 3668; x_wconf 86' lang='lat' dir='ltr'><strong>necessarium,</strong></span> <span class='ocrx_word' id='word_1_252' title='bbox 1827 3595 2051 3650; x_wconf 88' lang='lat' dir='ltr'><strong>orent</strong></span> <span class='ocrx_word' id='word_1_253' title='bbox 2110 3595 2188 3650; x_wconf 89' lang='lat' dir='ltr'><strong>ut</strong></span> <span class='ocrx_word' id='word_1_254' title='bbox 2254 3586 2746 3670; x_wconf 89' lang='lat' dir='ltr'><strong>intelligant,</strong></span> <span class='ocrx_word' id='word_1_255' title='bbox 2820 3586 2890 3648; x_wconf 88' lang='lat' dir='ltr'><strong>in</strong></span> <span class='ocrx_word' id='word_1_256' title='bbox 2951 3587 3048 3650; x_wconf 87' lang='lat' dir='ltr'><strong>eis</strong></span> 
     </span>
     <span class='ocr_line' id='line_1_29' title="bbox 551 3697 3042 3784; baseline 0 -24"><span class='ocrx_word' id='word_1_257' title='bbox 551 3700 794 3783; x_wconf 90' lang='lat' dir='ltr'><strong>quippe</strong></span> <span class='ocrx_word' id='word_1_258' title='bbox 825 3698 1082 3781; x_wconf 69' lang='lat' dir='ltr'><strong>Litoris,</strong></span> <span class='ocrx_word' id='word_1_259' title='bbox 1118 3720 1393 3784; x_wconf 88' lang='lat' dir='ltr'><strong>quarum</strong></span> <span class='ocrx_word' id='word_1_260' title='bbox 1426 3698 1696 3763; x_wconf 89' lang='lat' dir='ltr'><strong>studiosi</strong></span> <span class='ocrx_word' id='word_1_261' title='bbox 1729 3708 1896 3782; x_wconf 89' lang='lat' dir='ltr'><strong>sunt,</strong></span> <span class='ocrx_word' id='word_1_262' title='bbox 1942 3697 2202 3783; x_wconf 87' lang='lat' dir='ltr'><strong>legunt:</strong></span> <span class='ocrx_word' id='word_1_263' title='bbox 2253 3701 2615 3784; x_wconf 86' lang='lat' dir='ltr'><strong>quoniam</strong></span> <span class='ocrx_word' id='word_1_264' title='bbox 2649 3698 3042 3761; x_wconf 88' lang='lat' dir='ltr'><strong>Dominus</strong></span> 
     </span>
     <span class='ocr_line' id='line_1_30' title="bbox 550 3809 3037 3896; baseline 0 -23"><span class='ocrx_word' id='word_1_265' title='bbox 550 3809 680 3873; x_wconf 90' lang='lat' dir='ltr'><strong>dat</strong></span> <span class='ocrx_word' id='word_1_266' title='bbox 742 3810 1216 3896; x_wconf 90' lang='lat' dir='ltr'><strong>sapientiam</strong></span> <span class='ocrx_word' id='word_1_267' title='bbox 1264 3821 1338 3875; x_wconf 93' lang='lat' dir='ltr'><strong>et</strong></span> <span class='ocrx_word' id='word_1_268' title='bbox 1384 3835 1423 3874; x_wconf 92' lang='lat' dir='ltr'><strong>a</strong></span> <span class='ocrx_word' id='word_1_269' title='bbox 1468 3810 1676 3874; x_wconf 92' lang='lat' dir='ltr'><strong>facie</strong></span> <span class='ocrx_word' id='word_1_270' title='bbox 1741 3813 1908 3874; x_wconf 90' lang='lat' dir='ltr'><strong>eius</strong></span> <span class='ocrx_word' id='word_1_271' title='bbox 1969 3813 2308 3875; x_wconf 88' lang='lat' dir='ltr'><strong>scientia</strong></span> <span class='ocrx_word' id='word_1_272' title='bbox 2369 3820 2442 3875; x_wconf 91' lang='lat' dir='ltr'><strong>et</strong></span> <span class='ocrx_word' id='word_1_273' title='bbox 2496 3810 3037 3892; x_wconf 76' lang='lat' dir='ltr'><strong>intellectus4,</strong></span> 
     </span>
     <span class='ocr_line' id='line_1_31' title="bbox 548 3923 2956 4010; baseline 0 -25"><span class='ocrx_word' id='word_1_274' title='bbox 548 3946 587 3985; x_wconf 84' lang='lat' dir='ltr'><strong>a</strong></span> <span class='ocrx_word' id='word_1_275' title='bbox 638 3944 764 4006; x_wconf 90' lang='lat' dir='ltr'><strong>quo</strong></span> <span class='ocrx_word' id='word_1_276' title='bbox 815 3933 883 3986; x_wconf 90' lang='lat' dir='ltr'><strong>et</strong></span> <span class='ocrx_word' id='word_1_277' title='bbox 925 3925 1137 4009; x_wconf 89' lang='lat' dir='ltr'><strong>ipsum</strong></span> <span class='ocrx_word' id='word_1_278' title='bbox 1186 3923 1489 4006; x_wconf 92' lang='lat' dir='ltr'><strong>studium,</strong></span> <span class='ocrx_word' id='word_1_279' title='bbox 1537 3925 1589 3986; x_wconf 91' lang='lat' dir='ltr'><strong>si</strong></span> <span class='ocrx_word' id='word_1_280' title='bbox 1635 3925 1878 4009; x_wconf 89' lang='lat' dir='ltr'><strong>pietate</strong></span> <span class='ocrx_word' id='word_1_281' title='bbox 1925 3924 2294 4009; x_wconf 90' lang='lat' dir='ltr'><strong>praeditum</strong></span> <span class='ocrx_word' id='word_1_282' title='bbox 2343 3933 2458 4006; x_wconf 90' lang='lat' dir='ltr'><strong>est,</strong></span> <span class='ocrx_word' id='word_1_283' title='bbox 2505 3928 2956 4010; x_wconf 63' lang='lat' dir='ltr'><strong>acceperunt!</strong></span> 
     </span>
    </p>
   </div>
   <div class='ocr_carea' id='block_1_3' title="bbox 548 4032 763 4038">
    <p class='ocr_par' dir='ltr' id='par_1_3' title="bbox 548 4032 763 4038">
     <span class='ocr_line' id='line_1_32' title="bbox 548 4032 763 4038; baseline 0 0"><span class='ocrx_word' id='word_1_284' title='bbox 548 4032 763 4038; x_wconf 95' lang='lat' dir='ltr'><strong> </strong></span> 
     </span>
    </p>
   </div>
   <div class='ocr_carea' id='block_1_4' title="bbox 779 4032 959 4038">
    <p class='ocr_par' dir='ltr' id='par_1_4' title="bbox 779 4032 959 4038">
     <span class='ocr_line' id='line_1_33' title="bbox 779 4032 959 4038; baseline 0 0"><span class='ocrx_word' id='word_1_285' title='bbox 779 4032 959 4038; x_wconf 95' lang='lat' dir='ltr'><strong> </strong></span> 
     </span>
    </p>
   </div>
   <div class='ocr_carea' id='block_1_5' title="bbox 544 4064 3045 4563">
    <p class='ocr_par' dir='ltr' id='par_1_5' title="bbox 544 4064 3045 4563">
     <span class='ocr_line' id='line_1_34' title="bbox 759 4064 3045 4130; baseline 0 -16"><span class='ocrx_word' id='word_1_286' title='bbox 759 4065 797 4128; x_wconf 91' lang='lat'><strong>¹)</strong></span> <span class='ocrx_word' id='word_1_287' title='bbox 832 4065 918 4114; x_wconf 90' lang='lat' dir='ltr'><strong>De</strong></span> <span class='ocrx_word' id='word_1_288' title='bbox 956 4065 1272 4114; x_wconf 79' lang='lat' dir='ltr'><strong>auctoritate</strong></span> <span class='ocrx_word' id='word_1_289' title='bbox 1310 4079 1350 4114; x_wconf 76' lang='lat' dir='ltr'><strong>S.</strong></span> <span class='ocrx_word' id='word_1_290' title='bbox 1390 4066 1609 4114; x_wconf 84' lang='lat' dir='ltr'><strong>Patrum</strong></span> <span class='ocrx_word' id='word_1_291' title='bbox 1646 4066 1700 4113; x_wconf 86' lang='lat' dir='ltr'><strong>in</strong></span> <span class='ocrx_word' id='word_1_292' title='bbox 1740 4064 2071 4130; x_wconf 85' lang='lat' dir='ltr'><strong>explicandis</strong></span> <span class='ocrx_word' id='word_1_293' title='bbox 2121 4065 2174 4115; x_wconf 84' lang='lat' dir='ltr'><strong>S.</strong></span> <span class='ocrx_word' id='word_1_294' title='bbox 2215 4066 2267 4115; x_wconf 83' lang='lat' dir='ltr'><strong>S.</strong></span> <span class='ocrx_word' id='word_1_295' title='bbox 2307 4065 2608 4130; x_wconf 80' lang='lat' dir='ltr'><strong>disputant:</strong></span> <span class='ocrx_word' id='word_1_296' title='bbox 2657 4065 2718 4113; x_wconf 90' lang='lat' dir='ltr'><strong>B.</strong></span> <span class='ocrx_word' id='word_1_297' title='bbox 2761 4065 3045 4114; x_wconf 83' lang='lat' dir='ltr'><strong>Germon</strong></span> 
     </span>
     <span class='ocr_line' id='line_1_35' title="bbox 547 4151 3043 4216; baseline 0 -16"><span class='ocrx_word' id='word_1_298' title='bbox 547 4151 597 4200; x_wconf 82' lang='lat' dir='ltr'><strong>S.</strong></span> <span class='ocrx_word' id='word_1_299' title='bbox 635 4151 706 4212; x_wconf 64' lang='lat' dir='ltr'><strong>J„</strong></span> <span class='ocrx_word' id='word_1_300' title='bbox 746 4151 811 4200; x_wconf 91' lang='lat' dir='ltr'><strong>de</strong></span> <span class='ocrx_word' id='word_1_301' title='bbox 848 4156 1011 4200; x_wconf 87' lang='lat' dir='ltr'><strong>veter.</strong></span> <span class='ocrx_word' id='word_1_302' title='bbox 1050 4151 1247 4200; x_wconf 86' lang='lat' dir='ltr'><strong>haeret.</strong></span> <span class='ocrx_word' id='word_1_303' title='bbox 1287 4151 1404 4200; x_wconf 90' lang='lat' dir='ltr'><strong>cod.</strong></span> <span class='ocrx_word' id='word_1_304' title='bbox 1444 4151 1573 4200; x_wconf 89' lang='lat' dir='ltr'><strong>eccl.</strong></span> <span class='ocrx_word' id='word_1_305' title='bbox 1612 4157 1846 4216; x_wconf 89' lang='lat' dir='ltr'><strong>corrupt.</strong></span> <span class='ocrx_word' id='word_1_306' title='bbox 1884 4153 2006 4201; x_wconf 85' lang='lat' dir='ltr'><strong>Par.</strong></span> <span class='ocrx_word' id='word_1_307' title='bbox 2047 4154 2197 4201; x_wconf 79' lang='lat'><strong>1713.</strong></span> <span class='ocrx_word' id='word_1_308' title='bbox 2246 4169 2296 4216; x_wconf 89' lang='lat' dir='ltr'><strong>p.</strong></span> <span class='ocrx_word' id='word_1_309' title='bbox 2336 4155 2455 4202; x_wconf 82' lang='lat'><strong>558.</strong></span> <span class='ocrx_word' id='word_1_310' title='bbox 2493 4168 2534 4201; x_wconf 78' lang='lat' dir='ltr'><strong>s,</strong></span> <span class='ocrx_word' id='word_1_311' title='bbox 2593 4153 2658 4200; x_wconf 87' lang='lat' dir='ltr'><strong>F.</strong></span> <span class='ocrx_word' id='word_1_312' title='bbox 2694 4152 3043 4202; x_wconf 88' lang='lat' dir='ltr'><strong>Bonaven·</strong></span> 
     </span>
     <span class='ocr_line' id='line_1_36' title="bbox 544 4237 3042 4304; baseline 0 -18"><span class='ocrx_word' id='word_1_313' title='bbox 544 4244 691 4287; x_wconf 85' lang='lat' dir='ltr'><strong>tura</strong></span> <span class='ocrx_word' id='word_1_314' title='bbox 740 4254 818 4286; x_wconf 84' lang='lat' dir='ltr'><strong>ex.</strong></span> <span class='ocrx_word' id='word_1_315' title='bbox 870 4238 981 4286; x_wconf 89' lang='lat' dir='ltr'><strong>ord.</strong></span> <span class='ocrx_word' id='word_1_316' title='bbox 1022 4237 1247 4298; x_wconf 84' lang='lat' dir='ltr'><strong>Cartus.‚</strong></span> <span class='ocrx_word' id='word_1_317' title='bbox 1299 4237 1365 4286; x_wconf 88' lang='lat' dir='ltr'><strong>de</strong></span> <span class='ocrx_word' id='word_1_318' title='bbox 1414 4239 1617 4302; x_wconf 82' lang='lat' dir='ltr'><strong>optima</strong></span> <span class='ocrx_word' id='word_1_319' title='bbox 1665 4238 1916 4288; x_wconf 88' lang='lat' dir='ltr'><strong>methodo</strong></span> <span class='ocrx_word' id='word_1_320' title='bbox 1966 4238 2068 4304; x_wconf 88' lang='lat' dir='ltr'><strong>leg.</strong></span> <span class='ocrx_word' id='word_1_321' title='bbox 2116 4238 2265 4287; x_wconf 84' lang='lat' dir='ltr'><strong>Eccl.</strong></span> <span class='ocrx_word' id='word_1_322' title='bbox 2316 4239 2459 4288; x_wconf 83' lang='lat' dir='ltr'><strong>Patr.</strong></span> <span class='ocrx_word' id='word_1_323' title='bbox 2496 4238 2633 4303; x_wconf 86' lang='lat' dir='ltr'><strong>Aug.</strong></span> <span class='ocrx_word' id='word_1_324' title='bbox 2684 4239 2844 4288; x_wconf 87' lang='lat' dir='ltr'><strong>Vind.</strong></span> <span class='ocrx_word' id='word_1_325' title='bbox 2888 4240 3042 4289; x_wconf 79' lang='lat'><strong>1756.</strong></span> 
     </span>
     <span class='ocr_line' id='line_1_37' title="bbox 549 4322 3041 4390; baseline 0.001 -18"><span class='ocrx_word' id='word_1_326' title='bbox 549 4339 600 4388; x_wconf 92' lang='lat' dir='ltr'><strong>p.</strong></span> <span class='ocrx_word' id='word_1_327' title='bbox 641 4326 723 4372; x_wconf 87' lang='grc'><strong>23.</strong></span> <span class='ocrx_word' id='word_1_328' title='bbox 762 4341 803 4373; x_wconf 89' lang='lat' dir='ltr'><strong>s.</strong></span> <span class='ocrx_word' id='word_1_329' title='bbox 866 4324 928 4373; x_wconf 92' lang='lat' dir='ltr'><strong>A.</strong></span> <span class='ocrx_word' id='word_1_330' title='bbox 966 4324 1017 4373; x_wconf 89' lang='lat' dir='ltr'><strong>J.</strong></span> <span class='ocrx_word' id='word_1_331' title='bbox 1055 4322 1335 4386; x_wconf 88' lang='lat' dir='ltr'><strong>Dorsch‚</strong></span> <span class='ocrx_word' id='word_1_332' title='bbox 1387 4324 1453 4373; x_wconf 89' lang='lat' dir='ltr'><strong>de</strong></span> <span class='ocrx_word' id='word_1_333' title='bbox 1500 4323 1831 4374; x_wconf 69' lang='lat' dir='ltr'><strong>Auctor-itate</strong></span> <span class='ocrx_word' id='word_1_334' title='bbox 1882 4324 1935 4374; x_wconf 84' lang='lat' dir='ltr'><strong>S.</strong></span> <span class='ocrx_word' id='word_1_335' title='bbox 1987 4325 2039 4374; x_wconf 81' lang='lat' dir='ltr'><strong>S.</strong></span> <span class='ocrx_word' id='word_1_336' title='bbox 2088 4325 2368 4383; x_wconf 84' lang='lat' dir='ltr'><strong>Ecclesiae</strong></span> <span class='ocrx_word' id='word_1_337' title='bbox 2417 4325 2652 4374; x_wconf 84' lang='lat' dir='ltr'><strong>Patrum.</strong></span> <span class='ocrx_word' id='word_1_338' title='bbox 2701 4323 2844 4390; x_wconf 87' lang='lat' dir='ltr'><strong>Mog.</strong></span> <span class='ocrx_word' id='word_1_339' title='bbox 2886 4327 3041 4375; x_wconf 82' lang='grc'><strong>1781.</strong></span> 
     </span>
     <span class='ocr_line' id='line_1_38' title="bbox 544 4410 3040 4475; baseline 0.002 -17"><span class='ocrx_word' id='word_1_340' title='bbox 544 4426 593 4475; x_wconf 93' lang='lat' dir='ltr'><strong>p.</strong></span> <span class='ocrx_word' id='word_1_341' title='bbox 634 4411 718 4458; x_wconf 85' lang='grc'><strong>27.</strong></span> <span class='ocrx_word' id='word_1_342' title='bbox 757 4412 821 4460; x_wconf 84' lang='lat' dir='ltr'><strong>s.&#39;</strong></span> <span class='ocrx_word' id='word_1_343' title='bbox 853 4410 905 4460; x_wconf 86' lang='lat' dir='ltr'><strong>J.</strong></span> <span class='ocrx_word' id='word_1_344' title='bbox 942 4410 1159 4472; x_wconf 84' lang='lat' dir='ltr'><strong>Pletz,</strong></span> <span class='ocrx_word' id='word_1_345' title='bbox 1199 4412 1254 4460; x_wconf 92' lang='lat' dir='ltr'><strong>in</strong></span> <span class='ocrx_word' id='word_1_346' title='bbox 1290 4411 1341 4460; x_wconf 88' lang='lat' dir='ltr'><strong>J.</strong></span> <span class='ocrx_word' id='word_1_347' title='bbox 1378 4410 1533 4460; x_wconf 85' lang='lat' dir='ltr'><strong>Frint</strong></span> <span class='ocrx_word' id='word_1_348' title='bbox 1569 4411 1641 4460; x_wconf 84' lang='lat' dir='ltr'><strong>th.</strong></span> <span class='ocrx_word' id='word_1_349' title='bbox 1681 4412 1934 4461; x_wconf 87' lang='lat' dir='ltr'><strong>Zeitschr.</strong></span> <span class='ocrx_word' id='word_1_350' title='bbox 1973 4411 2148 4462; x_wconf 88' lang='lat' dir='ltr'><strong>Wien.</strong></span> <span class='ocrx_word' id='word_1_351' title='bbox 2178 4414 2328 4461; x_wconf 83' lang='grc'><strong>1824.</strong></span> <span class='ocrx_word' id='word_1_352' title='bbox 2367 4414 2416 4462; x_wconf 85' lang='lat'><strong>5.</strong></span> <span class='ocrx_word' id='word_1_353' title='bbox 2453 4412 2574 4462; x_wconf 91' lang='lat' dir='ltr'><strong>XII.</strong></span> <span class='ocrx_word' id='word_1_354' title='bbox 2612 4411 2762 4462; x_wconf 92' lang='lat' dir='ltr'><strong>XIII.</strong></span> <span class='ocrx_word' id='word_1_355' title='bbox 2809 4413 2896 4460; x_wconf 91' lang='lat' dir='ltr'><strong>W.</strong></span> <span class='ocrx_word' id='word_1_356' title='bbox 2922 4413 3040 4462; x_wconf 89' lang='lat' dir='ltr'><strong>Ko-</strong></span> 
     </span>
     <span class='ocr_line' id='line_1_39' title="bbox 544 4496 3040 4563; baseline 0.002 -19"><span class='ocrx_word' id='word_1_357' title='bbox 544 4496 763 4558; x_wconf 85' lang='lat' dir='ltr'><strong>zelka‚</strong></span> <span class='ocrx_word' id='word_1_358' title='bbox 800 4498 855 4545; x_wconf 90' lang='lat' dir='ltr'><strong>in</strong></span> <span class='ocrx_word' id='word_1_359' title='bbox 891 4497 1040 4546; x_wconf 89' lang='lat' dir='ltr'><strong>Pletz</strong></span> <span class='ocrx_word' id='word_1_360' title='bbox 1077 4514 1129 4546; x_wconf 86' lang='lat'><strong>11.</strong></span> <span class='ocrx_word' id='word_1_361' title='bbox 1166 4497 1239 4546; x_wconf 89' lang='lat' dir='ltr'><strong>th.</strong></span> <span class='ocrx_word' id='word_1_362' title='bbox 1278 4497 1533 4547; x_wconf 88' lang='lat' dir='ltr'><strong>Zeitschr.</strong></span> <span class='ocrx_word' id='word_1_363' title='bbox 1572 4499 1745 4547; x_wconf 91' lang='lat' dir='ltr'><strong>Wien.</strong></span> <span class='ocrx_word' id='word_1_364' title='bbox 1784 4500 1934 4548; x_wconf 88' lang='lat'><strong>1833.</strong></span> <span class='ocrx_word' id='word_1_365' title='bbox 1969 4499 2057 4548; x_wconf 94' lang='lat' dir='ltr'><strong>VI.</strong></span> <span class='ocrx_word' id='word_1_366' title='bbox 2093 4499 2195 4563; x_wconf 86' lang='lat' dir='ltr'><strong>Ep.</strong></span> <span class='ocrx_word' id='word_1_367' title='bbox 2232 4499 2283 4549; x_wconf 80' lang='lat' dir='ltr'><strong>J.</strong></span> <span class='ocrx_word' id='word_1_368' title='bbox 2320 4498 2612 4561; x_wconf 83' lang='lat' dir='ltr'><strong>Fessler,</strong></span> <span class='ocrx_word' id='word_1_369' title='bbox 2663 4499 3040 4549; x_wconf 85' lang='lat' dir='ltr'><strong>Institutiones</strong></span> 
     </span>
    </p>
   </div>
   <div class='ocr_carea' id='block_1_6' title="bbox 472 4582 3036 4648">
    <p class='ocr_par' dir='ltr' id='par_1_6' title="bbox 472 4582 3036 4648">
     <span class='ocr_line' id='line_1_40' title="bbox 472 4582 3036 4648; baseline 0.002 -14"><span class='ocrx_word' id='word_1_370' title='bbox 472 4617 487 4634; x_wconf 83' lang='grc'><strong>.</strong></span> <span class='ocrx_word' id='word_1_371' title='bbox 543 4582 899 4647; x_wconf 79' lang='lat' dir='ltr'><strong>Patrologiae.</strong></span> <span class='ocrx_word' id='word_1_372' title='bbox 950 4583 1140 4648; x_wconf 88' lang='lat' dir='ltr'><strong>Oenip.</strong></span> <span class='ocrx_word' id='word_1_373' title='bbox 1183 4585 1333 4634; x_wconf 86' lang='lat'><strong>1850.</strong></span> <span class='ocrx_word' id='word_1_374' title='bbox 1382 4600 1433 4648; x_wconf 89' lang='lat' dir='ltr'><strong>p.</strong></span> <span class='ocrx_word' id='word_1_375' title='bbox 1475 4585 1590 4634; x_wconf 87' lang='grc'><strong>128.</strong></span> <span class='ocrx_word' id='word_1_376' title='bbox 1631 4601 1674 4634; x_wconf 89' lang='lat' dir='ltr'><strong>s.</strong></span> <span class='ocrx_word' id='word_1_377' title='bbox 1748 4584 1787 4648; x_wconf 82' lang='lat'><strong>²)</strong></span> <span class='ocrx_word' id='word_1_378' title='bbox 1829 4583 1908 4634; x_wconf 86' lang='lat' dir='ltr'><strong>Cf.</strong></span> <span class='ocrx_word' id='word_1_379' title='bbox 1946 4585 2030 4634; x_wconf 92' lang='lat' dir='ltr'><strong>De</strong></span> <span class='ocrx_word' id='word_1_380' title='bbox 2068 4585 2311 4634; x_wconf 86' lang='lat' dir='ltr'><strong>doctrina</strong></span> <span class='ocrx_word' id='word_1_381' title='bbox 2348 4585 2539 4636; x_wconf 87' lang='lat' dir='ltr'><strong>Christ.</strong></span> <span class='ocrx_word' id='word_1_382' title='bbox 2577 4586 2648 4648; x_wconf 95' lang='lat' dir='ltr'><strong>II,</strong></span> <span class='ocrx_word' id='word_1_383' title='bbox 2690 4588 2772 4634; x_wconf 88' lang='lat'><strong>13.</strong></span> <span class='ocrx_word' id='word_1_384' title='bbox 2811 4587 3036 4638; x_wconf 69' lang='lat'><strong>29—40.</strong></span> 
     </span>
    </p>
   </div>
   <div class='ocr_carea' id='block_1_7' title="bbox 544 4669 2597 4738">
    <p class='ocr_par' dir='ltr' id='par_1_7' title="bbox 544 4669 2597 4738">
     <span class='ocr_line' id='line_1_41' title="bbox 544 4669 2597 4738; baseline 0.002 -22"><span class='ocrx_word' id='word_1_385' title='bbox 544 4683 594 4736; x_wconf 91' lang='lat' dir='ltr'><strong>p.</strong></span> <span class='ocrx_word' id='word_1_386' title='bbox 635 4671 717 4716; x_wconf 86' lang='lat'><strong>44.</strong></span> <span class='ocrx_word' id='word_1_387' title='bbox 756 4684 797 4718; x_wconf 77' lang='lat' dir='ltr'><strong>S.</strong></span> <span class='ocrx_word' id='word_1_388' title='bbox 838 4671 920 4717; x_wconf 84' lang='lat'><strong>64.</strong></span> <span class='ocrx_word' id='word_1_389' title='bbox 958 4685 998 4718; x_wconf 83' lang='lat' dir='ltr'><strong>s.</strong></span> <span class='ocrx_word' id='word_1_390' title='bbox 1074 4670 1115 4733; x_wconf 84' lang='lat'><strong>3)</strong></span> <span class='ocrx_word' id='word_1_391' title='bbox 1155 4671 1237 4718; x_wconf 91' lang='lat' dir='ltr'><strong>De</strong></span> <span class='ocrx_word' id='word_1_392' title='bbox 1276 4669 1441 4719; x_wconf 81' lang='lat' dir='ltr'><strong>doctr.</strong></span> <span class='ocrx_word' id='word_1_393' title='bbox 1484 4669 1604 4719; x_wconf 91' lang='lat' dir='ltr'><strong>Chr.</strong></span> <span class='ocrx_word' id='word_1_394' title='bbox 1646 4671 1742 4732; x_wconf 90' lang='lat'><strong>111,</strong></span> <span class='ocrx_word' id='word_1_395' title='bbox 1783 4673 1864 4720; x_wconf 82' lang='lat'><strong>37.</strong></span> <span class='ocrx_word' id='word_1_396' title='bbox 1905 4687 1954 4736; x_wconf 91' lang='lat' dir='ltr'><strong>p.</strong></span> <span class='ocrx_word' id='word_1_397' title='bbox 1996 4673 2111 4720; x_wconf 86' lang='lat'><strong>114.</strong></span> <span class='ocrx_word' id='word_1_398' title='bbox 2187 4673 2228 4737; x_wconf 78' lang='lat'><strong>⁴)</strong></span> <span class='ocrx_word' id='word_1_399' title='bbox 2267 4672 2424 4722; x_wconf 84' lang='lat' dir='ltr'><strong>Prov.</strong></span> <span class='ocrx_word' id='word_1_400' title='bbox 2463 4675 2511 4738; x_wconf 82' lang='lat'><strong>2,</strong></span> <span class='ocrx_word' id='word_1_401' title='bbox 2551 4673 2597 4721; x_wconf 83' lang='lat'><strong>6.</strong></span> 
     </span>
    </p>
   </div>
   <div class='ocr_carea' id='block_1_8' title="bbox 3268 236 3273 913">
    <p class='ocr_par' dir='ltr' id='par_1_8' title="bbox 3268 236 3273 913">
     <span class='ocr_line' id='line_1_42' title="bbox 3268 236 3273 913; baseline 0 0"><span class='ocrx_word' id='word_1_402' title='bbox 3268 236 3273 913; x_wconf 95' lang='lat' dir='ltr'><strong> </strong></span> 
     </span>
    </p>
   </div>
  </div>
 </body>
</html>
