3309 5300
1063 449 1079 461 ,,
1120 395 1473 474 Βιβλιογραφία
1505 412 1865 455 Hermeneuticae
1893 414 1934 453 S.
2631 398 2759 466 255

276 584 641 650 Graveson,
690 590 840 639 tract.
888 588 953 637 de
1005 589 1283 654 Scriptura
1320 588 1373 637 S.
1410 589 1563 638 Rom.
1603 591 1754 639 1715.
1817 591 1849 621 ⁹*
1883 590 1936 639 J.
1973 588 2173 640 Ulloa
2209 588 2262 639 S.
2300 590 2379 652 J.,
2415 590 2662 640 Decades
2709 608 2760 657 q.

274 674 654 738 principiorum
706 691 802 740 pro
837 674 1062 739 intellig.
1102 673 1154 723 S.
1192 674 1247 723 S.
1286 675 1589 739 Tyrnaviae
1631 677 1782 724 1717.
1825 676 1888 726 A.
1927 676 1994 725 H.
2033 676 2326 739 Franke,
2364 677 2759 727 Praelectiones

274 762 707 811 hermeneuticae
743 761 867 811 Hal.
908 763 1059 811 1717.
1096 776 1207 827 1·οΡ.
1249 763 1398 811 1723.
1458 762 1510 813 J.
1548 763 1599 811 J.
1635 762 1998 825 Rambach,
2040 763 2406 814 Institutiones
2452 764 2760 814 hermeneu-

274 850 404 897 ticae
454 847 687 910 Sacrae,
745 862 862 897 cum
910 848 1078 912 praef.
1114 847 1159 896 1.
1204 848 1292 897 Fr.
1330 848 1553 897 Buddei.
1599 848 1722 897 Jen.
1764 850 1914 898 1723.
1956 849 2016 898 Ρ.
2055 849 2147 899 alt.
2184 866 2226 899 s.
2265 854 2301 899 1.
2336 850 2760 901 Exercitationes

272 934 718 984 hermeneuticae.
755 935 931 984 Brem.
972 936 1121 984 1728.
1185 934 1499 985 emend..ib.
1539 936 1690 984 1741.
1731 935 1811 985 0(1.
1850 936 1994 985 VIII.
2033 950 2082 985 a.
2123 938 2272 986 1764.
2333 938 2366 969 ’κ’
2399 936 2463 986 G.
2501 937 2762 987 Cartier

276 1020 333 1071 0.
380 1018 431 1069 S.
477 1020 572 1082 Β.,
626 1026 883 1071 tractatus
932 1022 998 1070 de
1036 1020 1088 1070 S.
1128 1020 1181 1069 S.
1224 1020 1359 1086 Aug.
1406 1020 1563 1071 Vind.
1606 1022 1756 1071 1724.
1827 1022 1880 1071 J.
1916 1022 1990 1071 M.
2030 1022 2350 1087 Chladen,
2397 1024 2558 1073 Joan.
2604 1023 2760 1074 Insti-

277 1108 503 1157 tutiones
554 1111 867 1175 exegeticae
902 1110 1051 1157 Witt.
1091 1110 1243 1157 1725.
1304 1110 1367 1157 L.
1404 1108 1697 1171 Bohner,
1737 1108 2031 1159 Comment.
2071 1110 2136 1160 de
2173 1126 2292 1174 gen.
2345 1110 2398 1160 S.
2437 1110 2761 1176 Scripturam

272 1193 410 1243 intel.
448 1199 551 1243 rat.
582 1195 774 1246 Altorf.
804 1197 954 1245 1727.
1004 1195 1057 1244 J.
1081 1195 1145 1244 A.
1172 1195 1511 1257 Turretin,
1548 1196 1632 1244 De
1672 1196 1725 1245 S.
1753 1194 2056 1261 Scripturae
2094 1197 2313 1261 interpr.
2339 1197 2497 1247 meth.
2525 1197 2761 1262 Trajecti

275 1282 595 1331 'samiorum
637 1284 786 1332 1728.
826 1281 1031 1331 emend.
1072 1281 1135 1331 G.
1170 1280 1231 1330 A.
1270 1281 1448 1331 Teller
1482 1282 1674 1331 Franc.
1714 1282 1782 1331 ad
1816 1282 1998 1331 Viadr.
2038 1284 2187 1335 1776.
2248 1283 2300 1332 J.
2338 1284 2586 1349 Lange,
2626 1285 2760 1334 Her-

274 1370 571 1417 meneutica
624 1367 678 1417 S.
714 1368 837 1418 Hal.
878 1370 1029 1418 1733.
1070 1368 1129 1417 O.
1166 1367 1403 1430 Wolle‚
1452 1367 1867 1417 Hermeneutica
1909 1370 2048 1418 Novi
2089 1370 2360 1419 Foederis.
2408 1370 2556 1435 Lips.
2604 1373 2756 1421 1736.

274 1457 305 1487 ‘³
338 1454 615 1519 Georgii
651 1470 685 1505 a
724 1454 776 1505 S.
813 1454 1133 1519 Josepho,
1170 1454 1341 1504 Prael.
1380 1456 1585 1520 isagog.
1620 1456 1826 1505 Ratisb.
1867 1458 2021 1506 1739.
2076 1457 2126 1505 J.
2165 1457 2235 1506 H.
2273 1456 2540 1519 Seelen,
2578 1458 2760 1507 Herm.

276 1542 323 1592 S.
348 1558 464 1607 exp.
491 1542 637 1592 Lub.
666 1544 817 1592 1740.
868 1542 921 1593 S.
947 1542 999 1591 J.
1026 1542 1491 1607 Baumgarten‚
1530 1542 1836 1591 Unterricht
1872 1558 1978 1593 von
2015 1544 2326 1609 Auslegung
2351 1544 2443 1593 der
2467 1544 2518 1593 h.
2547 1543 2758 1594 Schrift.

272 1626 389 1677 Hal.
416 1630 573 1677 1742.
613 1645 725 1693 rep.
766 1630 918 1677 1745.
959 1629 1109 1677 1751.
1150 1644 1271 1677 cum
1306 1628 1426 1678 add.
1475 1630 1527 1678 J.
1566 1628 1623 1677 C.
1661 1629 1922 1690 Bertram,
1962 1630 2114 1678 1769.
2172 1628 2230 1678 C.
2271 1628 2334 1678 G.
2371 1630 2759 1693 Hoffmann,

272 1715 395 1763 Inst.
441 1714 635 1765 Theol.
682 1721 884 1781 exeget.
938 1716 1089 1765 1754.
1160 1714 1192 1744 ’ἓ
1232 1716 1296 1764 N.
1345 1714 1614 1776 Zillich,
1665 1714 1718 1764 S.
1765 1715 1813 1766 J.
1857 1715 2132 1780 Principia
2177 1715 2282 1765 did.
2328 1717 2384 1765 in
2425 1718 2568 1767 univ,
2609 1718 2661 1767 S.
2703 1717 2756 1767 S.

274 1801 499 1851 Wirceb.
542 1803 697 1852 1758.
760 1802 819 1852 C.
855 1803 917 1851 Τ.
956 1800 1151 1863 Seidel,
1186 1801 1416 1851 Anweis.
1457 1819 1502 1851 z.
1542 1802 1693 1851 Erkl.
1733 1801 1784 1851 d.
1819 1802 1870 1851 h.
1909 1801 2122 1852 Schrift.
2159 1803 2337 1853 Halle.
2377 1806 2526 1854 1759.

468 1889 537 1937 V.
579 1889 845 1939 Extremis
904 1889 1108 1939 saeculi
1160 1890 1358 1939 XVIII.
1413 1890 1715 1951 decenniis,
1771 1894 1826 1939 et
1884 1891 2065 1954 primis
2119 1891 2263 1939 XIX.
2320 1892 2474 1940 annis
2529 1891 2756 1940 invaluit

276 1974 510 2024 doctriua
576 1976 1037 2038 Naturalismi,
1097 1976 1388 2025 Theismi
1447 1981 1607 2041 atque
1677 1970 2151 2026 Ratio‘nalismi
2221 1978 2359 2026 inter
2416 1976 2758 2027 Acatholicos

275 2061 513 2127 Angliae,
559 2061 784 2126 Galliae,
824 2060 1158 2125 Germaniae,
1204 2062 1535 2127 aliarumque
1577 2064 1829 2128 Europae
1865 2064 2258 2127 provinciarum
2300 2063 2626 2129 Theologos;
2664 2064 2762 2114 sed

277 2154 325 2197 et
359 2148 672 2199 Catholicos
710 2164 808 2209 sua
850 2151 1168 2215 contagione
1215 2150 1416 2199 infecit.
1488 2149 1694 2198 Horum
1742 2164 1994 2215 perversa
2041 2149 2446 2199 Revelationem
2492 2150 2759 2201 tractandi

276 2237 419 2298 ratio,
476 2236 533 2286 S.
584 2236 911 2301 Scripturam
962 2238 1041 2285 ita
1093 2238 1442 2301 interpretata
1497 2240 1600 2285 est:
1663 2240 1724 2285 ut
1776 2236 1833 2284 in
1891 2252 2168 2286 numerum
2226 2238 2442 2286 tandem
2504 2238 2760 2287 librorum

276 2323 623 2373 humanorum
674 2323 1029 2388 redigeretur,
1078 2306 1220 2389 .quos
1268 2323 1344 2388 pii
1392 2322 1605 2389 quidem
1652 2324 1782 2385 viri,
1823 2322 1928 2372 ¹sed
1976 2324 2134 2373 rudes
2181 2325 2519 2389 scripserunt.
2580 2325 2646 2374 In
2693 2326 2758 2374 iis

277 2409 601 2473 explicandis
627 2408 679 2459 S.
706 2408 759 2459 S.
786 2410 1043 2475 quidquid
1082 2426 1231 2476 „sup
1245 2426 1355 2460 ern
1368 2414 1511 2459 atur
1522 2408 1654 2459 ale“
1695 2409 1915 2471 redolet,
1954 2414 2048 2459 aut
2076 2410 2236 2475 plane
2262 2410 2625 2474 eliminarunt3
2664 2416 2758 2461 aut

276 2496 365 2545 tali
386 2497 551 2546 modo
576 2498 874 2560 sumebant,
910 2502 969 2547 ut
996 2498 1177 2563 captui
1200 2498 1418 2547 rationis
1448 2496 1714 2547 humanae
1741 2524 1808 2532 -—-
1833 2511 1994 2562 quam
2031 2498 2198 2547 solam
2235 2498 2464 2547 iudicem
2499 2499 2755 2563 interpre-

274 2585 481 2633 tationis
540 2590 789 2646 statuere,
828 2614 896 2621 -
933 2584 1387 2635 accommodatum
1428 2584 1581 2633 foret.
1650 2584 1900 2633 Ceterum
1934 2585 2091 2633 istam
2126 2585 2369 2650 frigidam
2409 2585 2461 2634 S.
2501 2586 2553 2635 S.
2597 2601 2757 2650 expo·

276 2673 531 2734 0111000111,
568 2671 749 2722 formis
786 2672 1169 2738 philosophicis
1201 2687 1362 2737 saepe
1388 2673 1732 2738 propositam,
1771 2672 1949 2737 legere
1987 2674 2274 2722 maximum
2311 2673 2485 2722 adfert
2507 2674 2757 2723 taedium.

274 2759 645 2824 Propagarunt
682 2763 735 2808 01
770 2758 1119 2808 excoluerunt
1155 2760 1431 2809 exitiosam
1466 2759 1605 2808 hanc
1644 2759 1696 2809 S.
1733 2759 1785 2808 S.
1813 2759 2245 2824 explicationem:
2285 2759 2344 2808 C.
2381 2761 2469 2810 Fr.
2507 2760 2756 2822 Bahrdt

278 2844 600 2908 Giessensis3
637 2845 691 2894 J.
726 2846 793 2895 D.
830 2845 1177 2895 Michaelis
1215 2851 1277 2895 et
1310 2847 1363 2896 J.
1402 2845 1465 2895 G.
1502 2846 1844 2910 Eichhorn,
1875 2845 2278 2912 Gottingenses3
2317 2847 2368 2896 J.
2403 2847 2466 2896 G.
2505 2852 2558 2896 et
2592 2847 2660 2899 E.
2693 2847 2755 2896 F'.

278 2931 333 2980 C.
366 2932 837 2982 Rosenmiiller
872 2939 1031 2998 atque
1083 2932 1143 2982 C.
1180 2932 1279 2982 Th.
1316 2933 1630 2996 Kuinoel,
1669 2934 2002 2998 Lipsienses3
2053 2933 2377 2983 Gesenius
2413 2933 2666 2984 Halensis
2705 2940 2759 2984 et

275 3019 333 3067 L.
368 3019 433 3068 de
472 3019 687 3068 Wette
742 3019 1105 3070 Berolinensis
1158 3020 1513 3070 Professores.
1588 3019 1854 3085 Opposuit
1901 3035 1959 3068 se
2003 3019 2218 3085 quidem
2254 3021 2310 3069 in
2347 3021 2634 3070 Germania
2668 3022 2757 3070 isti

274 3107 613 3171 interpretum
650 3108 848 3171 generi,
886 3107 1032 3156 aliud
1067 3111 1519 3172 propugnatorum
1558 3105 1610 3154 S.
1638 3106 1691 3156 8.
1722 3107 1864 3172 quod
1903 3107 2388 3168 „Pietisticum“
2429 3106 2754 3172 adpellatur3

277 3197 507 3242 attamen
542 3209 653 3242 non
688 3193 911 3243 multum
944 3194 1196 3259 profecit:
1240 3195 1479 3258 inprimis
1517 3195 1643 3258 quia
1679 3193 1924 3242 nonnulli
1961 3209 2096 3258 quos
2136 3194 2516 3255 „Pietistas“
2557 3194 2754 3256 dicunt,

278 3295 482 3330 omnem
518 3282 797 3330 scientiam
842 3286 1173 3346 respuerunt.
1245 3280 1643 3346 Antesignanus
1687 3280 2160 3330 Rationalistarum
2195 3282 2311 3330 iure
2348 3280 2573 3331 habetur
2608 3282 2645 3330 J
2649 3317 2662 3330 .
2703 3281 2755 3332 S.

278 3367 553 3430 Semler,
608 3369 835 3432 scriptor
869 3368 1139 3430 librorum,
1189 3368 1281 3433 qui
1317 3367 1557 3432 plurimis
1614 3368 1882 3418 erroribus
1932 3367 2112 3417 referti
2167 3372 2315 3417 sunt:
2367 3361 2758 3434 Vorbereitung

278 3469 365 3502 zur
416 3454 823 3520 theologischen
868 3455 1271 3504 Hermeneutik.
1324 3453 1450 3503 Hal.
1499 3457 1648 3504 1—4.
1699 3457 2058 3505 1760—1769.
2130 3456 2434 3520 Apparatus
2486 3456 2555 3506 ad
2603 3455 2755 3506 liber.

276 3541 337 3589 N.
371 3542 432 3591 Τ.
471 3543 690 3606 interpr.
727 3542 799 3591 ib.
841 3543 990 3591 1767.
1027 3542 1079 3591 .Ι.
1116 3542 1179 3591 A.
1217 3543 1507 3604 Ernesti,
1546 3543 1814 3592 Institutio
1870 3544 2176 3607 interpretis
2212 3543 2276 3592 N.
2313 3543 2374 3592 Τ.
2412 3544 2562 3608 Lips.
2604 3544 2752 3593 1761.

282 3630 424 3678 1765.
477 3628 560 3678 ed.
600 3645 685 3694 qu.
723 3629 905 3678 Havn.
946 3630 1097 3679 1776.
1152 3629 1353 3690 Quinta
1400 3635 1509 3679 not.
1550 3630 1607 3679 C.
1645 3629 1708 3678 F.
1744 3630 1972 3679 Ammon
2015 3634 2154 3679 auct.
2203 3631 2352 3694 Lips.
2391 3632 2542 3680 1800.
2601 3631 2654 3679 J.
2693 3631 2755 3680 G.

278 3715 575 3777 Tollner,
615 3715 901 3765 Grundriss
939 3717 1043 3765 ein.
1078 3715 1483 3765 Hermeneutik.
1522 3715 1804 3765 Ziillichau
1842 3718 1992 3766 1765.
2028 3717 2081 3766 .Ι.
2117 3717 2184 3766 Ε.
2245 3717 2562 3778 Pfeiffer,
2597 3717 2754 3767 Insti-

280 3803 509 3852 tutiones
552 3802 1001 3852 Hermeneuticae
1038 3803 1090 3852 S.
1126 3802 1347 3868 Erlang.
1387 3804 1537 3852 1771.
1609 3803 1675 3852 In
1711 3803 1940 3853 lectione
1975 3805 2136 3870 igitur
2171 3805 2392 3854 istorum
2435 3809 2754 3854 commenta-

281 3890 469 3940 riorum
508 3905 715 3939 summa
752 3890 965 3939 cautela
1000 3889 1302 3940 adhibenda
1338 3891 1451 3938 erit.

482 3977 640 4038 Quod
677 3976 747 4026 ad
785 3976 1089 4027 Catholicos
1144 3978 1347 4039 attinet,
1392 3993 1461 4026 ne
1496 3976 1639 4026 ultra
1689 3984 1752 4026 ac
1797 3993 2112 4028 concessum
2158 3983 2240 4028 est
2288 3993 2564 4028 excurrere
2612 3977 2754 4029 vide·

280 4077 441 4126 amur,
497 4065 673 4114 missis
728 4063 846 4114 aliis
900 4080 1267 4114 recensemus:
1340 4063 1373 4094 θ’·
1396 4065 1458 4114 F.
1496 4065 1588 4113 Ko
1599 4064 1692 4129 pf,
1747 4065 2051 4114 tirocinium
2099 4065 2151 4115 S.
2201 4065 2252 4115 S.
2301 4065 2439 4131 Aug.
2493 4066 2556 4115 V.
2603 4067 2754 4116 1763.

280 4149 379 4200 ⁴⁵25.
417 4152 488 4200 M.
528 4151 873 4217 Engstler‚
912 4152 1083 4201 Instit.
1122 4151 1174 4201 S.
1214 4151 1267 4201 S.
1302 4152 1495 4201 Vienn.
1546 4153 1696 4201 1775.
1770 4151 1926 4201 *Tu
1964 4151 2357 4215 Holtzclau,
2405 4153 2456 4202 S.
2494 4153 2546 4202 J.
2584 4153 2756 4202 Instit.

279 4238 529 4304 Scriptur.
566 4239 732 4288 Wirc.
772 4239 923 4289 1775.
982 4238 1015 4269 '³⁶
1039 4238 1091 4287 J.
1128 4239 1179 4288 J.
1218 4240 1315 4289 Mo
1330 4247 1673 4304 nsperger,
1711 4239 2078 4289 Institutiones
2115 4237 2556 4289 Hermeneutices
2590 4239 2656 4290 V.
2692 4239 2755 4290 T.

282 4328 325 4374 2.
349 4341 399 4374 v.
423 4325 653 4375 Vindob.
684 4327 833 4375 1776.
864 4329 907 4375 7.
935 4343 1045 4391 rep.
1076 4327 1227 4376 1781.
1273 4324 1306 4356 '³¹'
1329 4325 1392 4375 A.
1418 4321 1712 4392 Du'quet,
1751 4326 1956 4392 Regeln
1992 4341 2036 4376 z.
2063 4327 2331 4376 Verstand
2367 4326 2418 4376 d.
2454 4326 2506 4376 h.
2545 4326 2756 4377 Schrift.

282 4428 325 4462 a.
360 4414 408 4462 d.
453 4415 647 4463 Franz.
702 4414 876 4463 Wien.
936 4416 1085 4464 1777.
1158 4412 1292 4463 *Sa
1340 4413 1553 4479 Hayd‚
1608 4414 1812 4464 Introd.
1867 4414 2101 4467 hermen.
2155 4415 2213 4463 in
2261 4414 2314 4464 S.
2359 4414 2424 4464 N.
2470 4415 2532 4464 Τ.
2577 4414 2640 4462 L.
2686 4414 2756 4464 L.

280 4500 504 4551 Vindob.
556 4502 706 4550 1777.
780 4502 812 4533 ’κ’
836 4501 906 4549 Η.
943 4500 1169 4563 Frida,
1224 4501 1590 4551 Institutiones
1644 4502 2090 4550 Hermeneuticae
2135 4502 2198 4550 V.
2246 4502 2306 4550 T.
2353 4501 2509 4566 Prag.
2560 4497 2752 4566 [1777.]

282 4587 313 4618 ἴ·
336 4587 387 4637 8.
424 4586 796 4649 Seemiller,
852 4587 1220 4638 Institutiones
1276 4587 1347 4636 ad
1400 4587 1891 4652 interpretationem
1945 4589 1998 4639 S.
2037 4589 2360 4654 Scripturas.
2415 4587 2550 4654 Aug.
2598 4587 2753 4639 vind.
