3309 5300
1024 386 1264 432 obiectum,
1295 385 1467 432 divisio.
1496 385 1609 426 ratio
1637 383 1949 425 commentarii.
2703 371 2752 436 5

262 561 711 626 adhibendum.
757 561 1037 624 Latinae
1070 569 1288 623 autem
1327 559 1588 643 linguae
1619 581 1774 623 usus
1807 559 2231 645 scriptoribus
2265 557 2598 644 librorum,
2640 563 2751 648 qui

259 672 675 758 Theologiam
724 672 978 737 erudite
1027 681 1383 757 exponunt,
1416 673 1572 735 vitio
1605 671 1784 735 haud
1814 673 1981 734 verti
2026 694 2240 756 posse,
2291 670 2486 736 facile
2521 695 2754 737 omnes

262 785 637 850 concedent.
662 785 1021 848 Enimvero
1042 785 1333 870 quisquis
1356 807 1497 847 rem
1522 782 1720 869 paulo
1745 782 2117 868 diligentius
2145 783 2551 868 expenderit,
2577 784 2751 868 ultro

261 898 684 980 confitebitur,
732 921 782 962 S.
814 897 1043 960 Patres
1087 906 1152 960 et
1184 894 1549 980 Scriptores
1578 895 2084 960 Ecclesiasticos
2135 917 2283 958 cum
2332 895 2579 960 credito
2629 896 2752 960 sibi

258 1011 679 1096 interpretum
724 1031 997 1072 munere
1045 1009 1503 1092 fungerentur3
1560 1007 1802 1071 idonea
1845 1009 2133 1071 maxime
2185 1009 2379 1071 etiam
2424 1008 2752 1073 vocabula

259 1123 577 1185 invexisse
638 1144 761 1208 pro
819 1120 1033 1202 rebus,
1084 1143 1247 1206 quas
1292 1119 1424 1184 fide
1472 1129 1792 1184 tenemuS.
1867 1117 2221 1184 Formulae
2270 1119 2751 1185 credendorum

258 1234 787 1318 agendorumque
836 1256 875 1296 a
907 1232 1215 1297 Conciliis
1249 1241 1313 1296 et
1342 1232 1654 1296 Romanis
1699 1230 2130 1296 Pontificibus
2175 1233 2570 1317 propositae,
2617 1233 2749 1296 hac

216 1342 219 1344 ’
256 1347 565 1431 imprimis
611 1344 837 1430 lingua
882 1347 1161 1432 scriptae
1207 1344 1549 1408 habentur.
1610 1344 1885 1416 Praeter
1916 1344 2095 1429 quod
2124 1344 2371 1408 idioma
2415 1344 2748 1408 latinum

257 1458 751 1543 ‚liturgicum‘
784 1459 864 1520 sit
893 1455 1260 1538 Ecclesiae,
1293 1454 1818 1542 praeclarissima
1849 1458 2056 1520 omnis
2090 1459 2319 1520 aetatis
2351 1459 2756 1520 monimenta

258 1569 373 1634 hoc
416 1572 565 1657 ipso
617 1592 918 1633 sermone
969 1559 1237 1632 exarata
1283 1570 1716 1654 reperiuntur.
1770 1568 1851 1632 Id
1900 1568 2181 1654 denique
2229 1578 2502 1652 constat,
2548 1570 2752 1633 nemi-

259 1705 418 1764 nem,
470 1682 587 1767 qui
631 1703 833 1744 verae
882 1681 1261 1744 eruditionis
1307 1679 1717 1764 theologicae
1763 1683 2096 1766 particeps
2145 1704 2286 1744 esse
2332 1681 2510 1764 velit,
2574 1681 2750 1768 apud

262 1803 508 1858 exteras
562 1795 759 1857 etiam
805 1801 1052 1876 genteS,
1114 1793 1345 1856 latinas
1391 1792 1611 1856 literas
1656 1794 1977 1877 ignorare.
2054 1792 2249 1856 Unde
2296 1795 2508 1878 prima
2559 1793 2753 1860 nobis

262 1929 405 1970 cura
450 1906 597 1988 fuit,
644 1928 798 1968 eum
843 1903 1134 1970 habitum
1184 1906 1521 1987 sermoniS,
1571 1925 1700 1989 quo
1747 1905 1848 1967 usi
1895 1927 2137 1986 sumus,
2186 1904 2427 1988 facere,
2477 1905 2588 1990 qui
2616 1928 2752 1970 non

261 2018 611 2082 admodum
645 2041 684 2080 a
713 2016 1065 2100 Theologis
1110 2017 1427 2102 probatae
1474 2017 1629 2080 fidei
1677 2016 1966 2080 distaret.
2013 2015 2244 2099 ,Multa
2275 2016 2414 2081 dies
2449 2026 2513 2081 et
2542 2016 2752 2082 multa

260 2128 441 2193 litura
474 2131 790 2212 coercuit,
840 2140 1032 2216 atque
1073 2129 1483 2215 praefectum
1516 2129 1737 2192 decies
1767 2151 1901 2192 non
1934 2130 2274 2212 castigavit
2305 2129 2388 2192 ad
2418 2133 2750 2214 unguem.‘

260 2241 521 2318 Interim
572 2251 886 2328 quantum
947 2243 1014 2304 in
1079 2241 1203 2304 hac
1249 2263 1319 2304 re
1366 2240 1870 2326 profecerimus,
1933 2240 2041 2303 alii
2101 2240 2410 2305 iudicent.
2484 2241 2567 2304 Id
2613 2243 2666 2305 si
2713 2265 2750 2306 e

260 2353 488 2418 iudicio
537 2353 617 2416 Β.
649 2353 729 2418 L.
774 2355 987 2417 minus
1036 2355 1317 2417 assecuti
1364 2376 1604 2435 sumuS,
1651 2355 2067 2416 meminerint
2111 2353 2286 2418 hunc
2332 2353 2438 2436 ,de
2480 2353 2546 2418 S.
2582 2353 2754 2418 Scri-

262 2475 441 2548 ptura
506 2467 779 2550 eiusque
837 2467 1393 2549 interpretatione‘
1472 2466 2035 2548 commentarium,
2111 2466 2279 2528 inter
2354 2465 2752 2551 multiplices

270 2576 627 2640 officiorum
694 2599 881 2640 curas
947 2586 1011 2640 et
1075 2577 1371 2640 dissonos
1438 2575 1597 2641 belli
1668 2576 1986 2640 clamores
2047 2576 2247 2640 fuisse
2310 2577 2752 2642 scribendum.

265 2688 603 2775 Oppressit
660 2713 780 2753 nos
825 2691 1154 2753 variarum
1200 2713 1418 2753 rerum
1480 2688 2027 2773 perficiendarum
2088 2689 2318 2773 moles,
2387 2690 2750 2774 impediere

264 2801 635 2886 quotidiana
701 2801 1151 2866 habendarum
1219 2801 1589 2865 scholarum
1656 2802 1947 2885 negotia,
2015 2811 2244 2886 totque
2313 2800 2422 2865 alii
2489 2801 2752 2867 labores

266 2914 449 2976 etiam
512 2923 777 2977 strenue
840 2912 1311 2977 contendentes
1368 2914 1678 2976 remorati
1740 2924 1923 2976 sunt:
1985 2922 2058 2977 ut
2113 2915 2165 2977 si
2212 2915 2404 2999 aequi
2452 2922 2516 2977 et
2560 2915 2750 3000 periti

262 3024 502 3089 iudices
548 3026 783 3090 horum
829 3048 1174 3089 numerum
1221 3026 1383 3089 inire
1428 3024 1672 3107 volent,
1719 3024 2046 3088 laudaturi
2090 3027 2305 3111 potius
2339 3028 2464 3089 sint
2493 3036 2752 3093 nostros

267 3147 548 3220 conatuS,
597 3160 795 3223 quam
841 3136 1139 3201 defectus
1176 3137 1557 3223 mendaque
1605 3138 2053 3222 vituperaturi.
2126 3136 2295 3201 Satis
2346 3136 2428 3201 de
2476 3138 2752 3223 disposi-

264 3248 431 3312 tione
465 3258 530 3313 et
560 3248 891 3313 scribendi
934 3272 1178 3333 genere
1222 3248 1412 3313 huius
1461 3250 1909 3313 commentarii
1950 3248 2253 3332 diximUS,
2303 3271 2504 3334 quare
2550 3249 2748 3315 lecto-

262 3381 397 3423 rem
437 3359 589 3425 ben.
652 3352 740 3423 ad
798 3360 1159 3425 subiectum
1225 3370 1680 3445 argumentum
1726 3360 2247 3447 pervolvendum
2308 3362 2748 3446 festinantem,

266 3469 497 3535 diutius
540 3472 668 3536 hoc
713 3474 781 3535 in
826 3472 1047 3537 limine
1110 3475 1424 3537 remorari
1486 3472 1672 3537 nefas
1731 3472 2048 3537 ducimus,
2123 3473 2355 3537 Liceat
2412 3473 2609 3537 modo
2656 3475 2750 3537 uti

263 3584 476 3647 verbis
518 3584 741 3669 Magni
786 3585 1309 3669 Hipponensium
1354 3584 1713 3673 Antistitis:
1776 3585 2097 3667 ,Videor
2151 3585 2337 3648 mihi
2391 3585 2747 3649 debitum

267 3694 492 3759 huius
566 3698 861 3781 operis,
946 3698 1369 3761 adiuvante
1445 3696 1785 3761 Domino
1871 3696 2348 3761 reddidisse.
2441 3695 2748 3776 Quibus

264 3828 550 3891 parum,
608 3808 744 3873 vel
795 3806 1071 3893 quibus
1127 3810 1445 3895 nimium
1494 3819 1638 3891 est,
1702 3809 1888 3872 mihi
1949 3809 2404 3892 ignoscant:
2470 3808 2750 3893 quibus

266 3929 517 3983 autem
590 3922 789 3984 satis
869 3930 1008 4000 est,
1087 3944 1239 3984 non
1315 3920 1530 4003 mihi,
1608 3920 1753 3985 sed
1827 3921 1994 3984 Deo
2073 3941 2375 3983 mecum
2451 3921 2752 4004 gratias

268 4036 534 4114 agant!
