3309 5300
1105 436 1168 477 De
1195 436 1366 477 Canone
1393 438 1436 478 S.
1465 437 1631 479 Libror.
1663 438 1770 480 Nov.
1801 440 1921 481 'l'est.
2672 432 2755 495 37

255 628 392 671 non
459 629 654 672 secus
718 631 797 673 ac
851 611 905 673 si
969 608 1264 674 Christus
1315 612 1456 697 ipse
1515 614 1871 677 etiamnum
1918 637 2031 679 eos
2076 637 2410 681 sermones
2464 640 2575 682 ore
2634 641 2751 683 suo

253 719 611 805 proferret,
660 724 770 808 qui
815 721 898 787 ab
944 722 1384 809 Evangelistis
1429 725 1794 791 traduntur.
1859 728 1994 791 Sed
2033 721 2229 793 etiam
2275 752 2346 793 se
2393 730 2752 815 confugere

255 832 340 897 ad
398 834 650 920 scripta
701 834 1170 921 Apostolorum
1190 886 1207 919 ,
1267 859 1437 923 quae
1499 836 1790 905 habebat
1852 842 2037 925 quasi
2086 841 2428 907 Ecclesiae
2472 842 2752 929 Presby-

251 947 527 1030 terium‚
574 947 696 1013 sub
746 948 1000 1014 Christo
1051 951 1337 1015 omnium
1384 951 1741 1038 Episcopo,
1811 953 1999 1018 Idem
2044 977 2239 1039 porro
2290 979 2337 1019 S.
2371 958 2512 1020 vir¹
2579 978 2751 1033 com-

251 1070 584 1125 memorat
627 1060 995 1145 Evangelia
1039 1064 1110 1125 in·
1151 1062 1454 1128 archiviis
1492 1064 1943 1130 Ecclesiarum
1989 1070 2330 1152 asservari,
2376 1069 2549 1133 unde
2598 1071 2751 1133 satis

250 1171 482 1256 liquet,
553 1176 778 1260 quanti
833 1174 1068 1238 fierent
1110 1176 1187 1239 iis
1231 1176 1636 1262 temporibus
1686 1176 1753 1241 S.
1799 1177 1983 1242 Libri
2037 1179 2117 1243 N.
2166 1180 2241 1245 T.
2264 1183 2289 1224 2
2346 1182 2751 1246 Manifestior

251 1285 300 1359 β.
334 1283 560 1349 adhuc
593 1287 947 1368 eorundem
977 1287 1490 1372 Evangeliorum
1513 1292 1758 1355 mentio
1784 1294 2106 1378 reperitur
2128 1293 2306 1378 apud
2331 1293 2395 1358 S.
2421 1294 2750 1359 ‚Iustinum

249 1396 336 1459 Μ.
355 1398 409 1459 ³:
438 1399 514 1478 ,οἱ
536 1402 645 1480 γὰρ
669 1401 980 1461 ἀπόστολοιι
1004 1402 1232 1486 inquit,
1267 1404 1324 1462 ἐν
1351 1407 1464 1475 τοῖς
1487 1408 1805 1483 γενομένοις
1828 1406 1913 1465 ὑπ’
1939 1406 2113 1466 αὺτῶν
2138 1408 2686 1484 ἀπομνημονεύμασιν
2714 1411 2749 1467 ἅ

247 1511 510 1573 καλεῖται
541 1513 864 1594 εὐαγγέλια,
898 1516 1068 1586 οἵη-ως
1109 1516 1458 1595 παρέδωκανι
1477 1518 1521 1577 4.
1571 1514 1707 1579 Sub
1741 1515 1839 1579 his
1872 1519 2427 1596 ἀπομνημανεὺμασιν
2472 1542 2519 1582 s.
2552 1518 2596 1582 J
2597 1520 2748 1582 usti-

248 1644 404 1685 num
438 1622 890 1708 Evangelia
933 1648 1302 1711 supponere
1338 1626 1618 1692 efficitur
1646 1628 1821 1713 inde,
1871 1632 2065 1714 quia5
2093 1630 2465 1716 profitetur:
2516 1636 2574 1713 ,οἳ
2614 1655 2750 1713 φημι

247 1736 346 1795 ὑπὸ
375 1742 494 1797 τῶν
525 1739 846 1799 ἀποστόλων
879 1740 1037 1800 αὺτοῦ
1066 1740 1160 1801 καὶ
1198 1747 1306 1801 τῶν
1344 1742 1947 1823 παρακολουθησάντων
1991 1748 2385 1826 συντετάχθαιί,
2420 1767 2747 1809 commen·

247 1848 416 1911 taria
463 1848 631 1914 haec
677 1849 761 1915 ab
807 1850 1140 1938 Apostolis
1189 1874 1545 1939 eorumque
1594 1855 2081 1920 successoribus
2127 1858 2387 1941 scripta.
2444 1856 2524 1920 Id
2570 1856 2747 1942 quod

248 1960 371 2023 nisi
397 1960 580 2025 cadit
599 1962 667 2025 in
689 1962 1056 2048 Evangelia
1077 1974 1318 2029 nostra.
1351 1965 1655 2031 Dubitari
1682 1989 1943 2052 quoque
1975 1970 2219 2054 nequit,
2256 1970 2745 2053 comparatione

249 2074 726 2139 sententiarum
785 2074 1023 2141 Christi
1085 2076 1262 2163 apud
1319 2077 1385 2141 S.
1432 2077 1761 2143 Justinum
1824 2102 1973 2144 cum
2031 2080 2542 2165 Evangeliorum
2586 2080 2745 2144 locis

247 2186 643 2265 παραλλήλοις
685 2188 994 2267 instituta,
1029 2188 1204 2253 unde
1237 2212 1284 2253 e.
1317 2190 1573 2255 Doctor
1603 2214 1721 2255 sua
1751 2191 2037 2256 hauserit
2057 2196 2099 2256 ⁶.
2161 2217 2218 2273 γ.
2251 2192 2532 2256 Accedit
2564 2192 2744 2256 fidei-

463 2538 502 2603 1)
538 2538 620 2588 Ib.
657 2556 711 2590 n.
749 2540 797 2589 8.
837 2540 918 2589 ed.
956 2556 1002 2590 c.
1041 2557 1090 2605 p.
1131 2542 1249 2590 206.
1323 2540 1364 2605 2)
1405 2539 1709 2591 Omittimus
1744 2541 1949 2607 Papiae
1987 2541 2053 2590 de
2088 2542 2387 2607 Evangelio
2426 2542 2476 2591 d.
2512 2543 2743 2593 Joannis

249 2626 613 2675 testimonium
650 2626 795 2692 apud
833 2625 892 2677 C.
929 2627 980 2677 J.
1016 2626 1088 2676 M.
1126 2627 1491 2692 Thomasium,
1542 2625 1690 2678 Sacr.
1728 2627 1867 2678 Bibl.
1904 2632 2009 2678 vet.
2046 2629 2124 2678 tit.
2162 2634 2289 2679 sect.
2330 2645 2413 2694 op.
2463 2630 2544 2680 ed.
2585 2644 2619 2679 a
2653 2630 2742 2680 Fr.

252 2712 466 2763 Vezosi.
504 2713 654 2766 Rom.
698 2716 848 2764 1747.
898 2714 940 2777 1,
985 2717 1131 2778 344.;
1181 2719 1234 2764 et
1281 2715 1544 2780 quaedam
1592 2720 1798 2764 tantum
1844 2730 2016 2780 eaque
2060 2716 2417 2766 luculentiora
2463 2718 2631 2767 verba
2678 2734 2744 2767 ex

254 2803 484 2868 epistola
521 2803 588 2852 ad
626 2804 951 2868 Diognetum
987 2834 1052 2840 —
1077 2805 1352 2869 scriptoris
1391 2805 1482 2869 qui
1520 2819 1654 2854 aevo
1693 2803 1988 2869 apostolico
2026 2806 2231 2855 vicinus
2269 2805 2384 2866 fuit,
2425 2805 2505 2854 cf.
2542 2807 2601 2855 P.
2643 2805 2739 2871 Ap.

255 2888 334 2938 ed.
373 2889 570 2938 Hefele
607 2891 668 2939 P.
705 2891 764 2940 P.
802 2891 902 2956 Ap.
941 2889 1040 2956 Op.
1076 2890 1169 2940 IV.
1206 2889 1339 2955 prol.
1376 2907 1428 2955 p.
1469 2891 1550 2940 86.
1587 2907 1629 2940 s.
1674 2919 1735 2927 —
1774 2892 2092 2940 sententiam
2137 2896 2373 2941 nostram
2416 2892 2743 2942 stabilientia

253 2975 600 3040 proferemus.
659 2977 734 3026 Et
769 2976 982 3041 quidem
1016 2976 1244 3026 habetur
1279 2992 1331 3026 n.
1360 2979 1441 3025 11.
1479 2993 1532 3042 p.
1557 2979 1675 3026 319.
1714 2977 1779 3026 de
1816 2977 1918 3026 hac
1944 2993 2001 3026 re
2032 2993 2261 3043 sequens
2297 2979 2476 3028 locus:
2519 2977 2741 3040 „deinde

251 3067 422 3112 metus
470 3063 636 3128 Legis
688 3063 1026 3125 decantatur,
1077 3069 1130 3112 et
1173 3062 1561 3128 Prophetarum
1608 3065 1781 3128 gratia
1826 3065 2189 3128 cognoscitur,
2238 3069 2290 3113 et
2324 3065 2741 3130 Evangeliorum

253 3148 384 3198 fides
421 3150 692 3200 stabilitur
729 3155 782 3200 et
804 3150 1180 3215 Apostolorum
1217 3149 1429 3199 traditio
1469 3150 1815 3200 custoditur.“
1865 3151 1971 3199 Per
2006 3146 2154 3218 νόμον
2192 3155 2245 3200 et
2279 3149 2527 3218 προφήτας
2567 3151 2739 3201 Cano—

253 3253 376 3286 nem
410 3237 476 3285 V.
502 3237 583 3298 T,
619 3253 717 3301 per
753 3233 1036 3304 εὖαγγέλιον
1063 3241 1116 3284 et
1139 3232 1406 3303 παράδοσιν
1444 3230 1733 3286 ἀποστόλων
1766 3235 2040 3286 Canonem
2076 3238 2141 3286 N.
2171 3238 2231 3286 Τ.
2257 3237 2511 3302 intelligi3
2551 3253 2739 3288 secun·

257 3323 382 3372 dum
431 3322 734 3388 generalem
771 3323 913 3373 illius
963 3324 1081 3372 aevi
1129 3324 1466 3388 partitionem
1515 3327 1568 3372 et
1619 3323 2129 3385 denominationem,
2182 3323 2301 3373 coll.
2339 3324 2528 3373 Matth.
2568 3326 2615 3386 7,
2656 3327 2737 3373 12.

257 3413 334 3471 11,
383 3412 465 3459 13.
520 3410 747 3474 aliisque
801 3408 854 3458 S.
904 3407 956 3458 S.
1005 3410 1068 3458 N.
1118 3410 1179 3458 T.
1228 3409 1386 3472 locis,
1443 3411 1574 3459 satis
1631 3414 1832 3458 certum
1882 3415 1977 3459 est.
2053 3409 2093 3473 3)
2143 3409 2298 3475 Apol.
2341 3410 2383 3474 I,
2427 3412 2511 3460 66.
2558 3428 2609 3476 p.
2654 3413 2739 3460 57.

254 3496 294 3560 ⁴)
337 3496 570 3556 „Vocem
607 3490 1080 3564 ἀπομνημονεύματα
1115 3495 1356 3546 adhibuit
1400 3497 1559 3546 etiam
1597 3496 1741 3561 apud
1776 3496 2093 3559 Eusebium,
2131 3497 2199 3545 H.
2237 3497 2303 3546 E.
2341 3497 2405 3558 V,
2445 3499 2491 3546 8.
2530 3515 2582 3562 p.
2624 3499 2756 3547 173.-

257 3597 295 3631 s.
336 3582 682 3646 Irenaeus3
733 3587 858 3631 sunt
892 3582 986 3631 illa
1023 3583 1164 3631 dicta
1209 3582 1577 3632 memorabilia
1611 3599 1723 3644 res,
1774 3597 1912 3647 quae
1957 3583 2242 3632 memoriae
2288 3584 2739 3634 commendantur.
2808 3565 2816 3572 ’

254 3668 392 3718 Hinc
416 3668 718 3733 Xenophon
743 3669 954 3733 scripsit
978 3668 1144 3718 libros
1180 3664 1471 3735 Σωκράτους
1509 3663 2035 3736 ἀπομνημονευμάτων.
2076 3667 2175 3732 Op.
2216 3669 2296 3718 ed.
2334 3669 2551 3718 Thieme
2587 3670 2736 3734 Lips.

255 3755 346 3817 IV,
387 3758 433 3804 1.
471 3772 512 3805 s.
573 3754 721 3804 Idem
757 3771 916 3820 porro
956 3755 1008 3804 S.
1033 3755 1195 3805 Pater
1229 3759 1411 3805 narrat
1445 3755 1488 3817 Ι,
1527 3757 1610 3805 67.
1649 3755 1732 3805 ed.
1772 3755 1899 3804 Otto
1936 3773 1987 3821 p.
2029 3757 2143 3806 158.
2208 3754 2381 3816 „Solis
2420 3758 2510 3821 qui
2547 3757 2739 3806 dicitur

257 3841 342 3891 die
379 3843 612 3892 omnium
651 3843 766 3891 sive
811 3843 972 3891 urbes
1016 3843 1129 3890 sive
1167 3857 1323 3907 agros
1360 3842 1708 3892 incolentium
1744 3843 1799 3891 in
1838 3842 2062 3892 eundem
2106 3842 2284 3891 locum
2333 3847 2626 3892 conventus
2664 3842 2738 3907 fit,

257 3933 309 3978 et
361 3929 742 3979 commentaria
789 3928 1166 3995 Apostolorum
1225 3923 1285 3978 τὰ
1338 3923 1813 3997 ἀπομνημονεύματα
1862 3928 1961 3978 τῶν
2017 3922 2331 3989 ἀποστόλων,
2394 3933 2488 3978 aut
2539 3931 2737 3995 scripta

257 4015 646 4080 prophetarum,
684 4010 1045 4082 συγγράμματα
1077 4015 1176 4064 τῶν
1211 4015 1473 4083 προφητῶν
1509 4015 1774 4080 leguntur,
1815 4015 1992 4080 quoad
2029 4015 2155 4063 licet
2190 4030 2286 4080 per
2321 4019 2577 4080 tempus.“
2634 4017 2736 4065 Per

257 4097 614 4170 συγγράμματα
636 4117 677 4152 τ.
703 4117 783 4168 πρ.
821 4101 988 4152 libros
1012 4102 1076 4150 V.
1102 4102 1164 4151 T.
1195 4102 1420 4152 indicari
1457 4102 1578 4152 coll.
1604 4102 1675 4150 II.
1703 4103 1841 4150 Petr.
1872 4105 1917 4164 1,
1947 4104 2027 4151 19.
2065 4101 2225 4166 plane
2259 4118 2367 4152 non
2394 4107 2475 4152 est
2500 4102 2735 4152 dubium.

257 4189 296 4252 ⁵)
331 4188 474 4238 Dial.
513 4204 558 4238 c.
597 4188 794 4254 Tryph.
832 4205 883 4237 n.
924 4190 1041 4238 103.
1076 4206 1128 4254 p.
1167 4190 1284 4239 354.
1355 4188 1395 4252 ⁶)
1436 4189 1488 4238 S.
1525 4188 1799 4238 Justinum
1834 4189 1907 4238 M.
1946 4204 2120 4254 neque
2157 4189 2511 4254 Evangelium
2549 4204 2735 4239 secun-

257 4275 380 4324 dum
413 4275 696 4325 Hebraeos
733 4277 916 4324 eiusve
953 4276 1318 4325 recensionem
1355 4275 1703 4340 singularem3
1742 4290 1917 4340 neque
1955 4274 2100 4324 aliud
2123 4275 2479 4340 Evangelium
2514 4289 2735 4340 apocry-

255 4361 441 4427 phum3
490 4377 666 4426 neque
710 4362 1058 4411 Harmoniam
1095 4362 1358 4427 aliquam3
1409 4363 1503 4412 sed
1538 4364 1660 4427 ipsa
1706 4361 2101 4426 Evangelia
2149 4361 2506 4411 Canonica
2549 4377 2734 4412 usur-

256 4463 448 4513 passe
473 4448 928 4498 demonstrarunt:
955 4449 1044 4497 Fr.
1066 4447 1276 4510 Schutz,
1301 4449 1367 4498 de
1390 4449 1720 4513 EvangeIHs,
1749 4463 1885 4512 quae
1912 4451 2033 4498 ante
2059 4449 2159 4497 Ev.
2187 4463 2303 4496 can.
2329 4449 2386 4496 in
2410 4463 2511 4496 usu
2535 4449 2600 4497 E.
2628 4449 2735 4497 chr.

257 4535 420 4585 fuisse
457 4535 717 4584 dicuntur.
762 4535 1000 4600 Regiom.
1042 4537 1192 4585 1812.
1228 4535 1300 4598 ΙΙ,
1341 4537 1386 4585 1.
1424 4552 1466 4586 s.
1515 4536 1656 4600 Hug,
1696 4534 1838 4584 Einl.
1875 4536 1945 4598 11,
1984 4537 2067 4584 99.
2118 4535 2295 4596 Gran,
2333 4534 2413 4583 kr.
2444 4535 2657 4584 Unters.
2682 4541 2735 4585 ii.

257 4620 460 4672 Justins
495 4627 665 4690 apost.
701 4622 1122 4690 Denkwiirdigk.
1161 4621 1354 4689 Stuttg.
1384 4623 1532 4672 1814.
1570 4639 1622 4689 p.
1649 4623 1733 4672 53.
1760 4638 1801 4672 s.
1850 4621 2053 4684 Winer,
2090 4621 2379 4672 Justinum.
2417 4621 2489 4672 M.
2528 4621 2734 4689 Evang.
