3309 5300
497 363 585 429 46
1187 376 1424 419 comment.
1460 375 1584 433 (10.8.
1607 374 1820 428 scriptur.
1852 386 1947 427 cap.
1977 372 2103 427 prim.
2134 376 2243 417 sect.
2278 372 2315 417 Ῑ.

503 554 784 603 Observat.
824 553 890 603 de
925 554 1174 617 Dionysii
1194 542 1360 601 Alex,
1400 541 1544 602 circa
1567 552 1949 619 Apocalypsim
1973 552 2311 601 Johanneam
2349 554 2615 601 sententia
2644 552 2912 617 huiusque
2949 552 3005 599 vi

499 642 556 689 in
592 642 843 690 seriorem
880 640 1032 689 Libri
1069 641 1508 690 aestimationem.
1556 639 1807 689 Hafm'ae.
1850 640 1999 689 1826.
2038 656 2089 703 p.
2117 641 2200 688 52.
2228 655 2269 688 s.
2318 639 2836 689 Perniciosissimum
2872 652 3005 687 sane

501 727 790 788 fateamur,
841 726 943 775 fuit
987 711 1235 791 Dionysii
1283 726 1433 776 Alex.
1482 728 1782 777 institutum
1810 754 1876 763 —-—
1912 741 1945 775 a
1990 726 2089 775 Th.
2125 726 2402 787 Foerster,
2454 725 2520 775 de
2570 725 2737 775 doctr.
2776 730 2831 774 et
2866 729 3005 775 sent.

501 814 724 877 Dionys.
758 814 830 861 M.
869 814 991 862 Ber.
1019 815 1170 863 1865.
1209 830 1260 878 p.
1288 815 1372 863 33.
1409 813 1754 863 nihilominus
1793 813 2069 863 laudatum
2096 830 2188 862 -ε
2227 817 2543 878 argumenta
2578 830 2628 877 q.
2667 813 2715 861 d.
2750 811 3007 861 historica

501 900 858 965 suspicionem
896 899 1188 963 adducere3
1229 916 1333 965 quo
1361 905 1673 965 argumenta
1707 901 1918 949 interna
1953 899 2171 949 liberius
2209 904 2396 949 contra
2431 898 2760 949 authentiam
2793 898 3003 963 Apoca-

503 987 720 1051 lypseos
758 986 1032 1051 proferret.
1082 986 1328 1036 Affirmat
1364 987 1576 1051 quidem
1600 988 1922 1050 Dionysius:
1962 1000 2079 1036 sese
2105 1001 2213 1035 non
2239 985 2609 1036 subsannandi
2634 1000 2801 1035 causa
2826 985 3005 1034 obiec-

505 1075 678 1123 tiones
718 1077 772 1123 et
809 1073 974 1123 dubia
1008 1074 1061 1122 in
1100 1073 1479 1138 Apocalypsim
1528 1075 1945 1138 pronunciasse,
1994 1073 2360 1122 tantummodo
2404 1072 2473 1121 ad
2522 1071 3005 1122 dissimilitudinem

501 1162 642 1209 inter
676 1160 1032 1225 Evangelium
1069 1160 1456 1225 epistolamque
1493 1160 1542 1208 d.
1567 1160 1797 1209 Joannis
1836 1160 2232 1226 exponendam3
2288 1175 2393 1224 quo
2432 1164 2611 1209 autem
2648 1158 2843 1208 modo?
2890 1174 3002 1207 non

504 1247 904 1297 demonstravit.
965 1244 1273 1296 Calumnias
1321 1248 1451 1296 istas
1498 1247 1599 1295 nisi
1643 1262 1743 1296 suo
1780 1246 2003 1296 consilio
2055 1248 2343 1296 servituras
2392 1250 2659 1311 putasset,
2712 1262 2806 1294 cur
2844 1260 3004 1294 accu-

512 1333 770 1383 mulavit?
839 1334 1112 1398 Reputata
1161 1334 1300 1381 enim
1353 1334 1501 1381 Libri
1552 1332 1620 1381 ad
1676 1348 1865 1381 aevum
1920 1334 2090 1398 ipsius
2146 1334 2214 1382 ab
2271 1334 2517 1383 omnibus
2570 1334 2753 1397 agnita
2804 1333 3009 1381 Divina

510 1422 854 1481 auctoritate,
910 1424 1155 1484 reputato
1193 1421 1319 1467 item
1357 1434 1477 1468 eum
1515 1419 1828 1483 Origenem,
1880 1418 2152 1468 Chiliasmi
2203 1435 2331 1469 sane
2370 1419 2514 1469 haud
2550 1420 2807 1469 minorem
2848 1432 3005 1483 quam

475 1502 803 1572 'Dionysius
852 1507 954 1556 fuit
989 1506 1378 1567 adversarium,
1417 1507 1729 1570 magistrum
1764 1505 2046 1569 habuiss03
2083 1508 2175 1555 vix
2210 1506 2538 1556 adducemur
2572 1506 2644 1555 ad
2678 1505 3009 1555 credendum

511 1594 676 1643 dubia
723 1595 792 1643 ab
829 1594 947 1659 ipso
995 1594 1208 1658 prolata
1255 1609 1322 1641 ex
1371 1592 1695 1657 argumentis
1742 1593 1965 1643 internis
2016 1598 2145 1642 nata
2194 1610 2327 1643 esse.
2390 1593 2523 1642 Cum
2562 1594 2699 1643 enim
2739 1594 2795 1641 in
2832 1592 3007 1641 fronte

508 1680 542 1730 l.
571 1698 616 1730 c.
655 1685 1002 1731 recensentur
1037 1680 1426 1741 cavillationes,
1466 1695 1690 1743 quarum
1719 1680 1931 1745 culpam
1962 1682 2226 1729 sustinent
2262 1676 2418 1741 ,,τινὲς
2455 1674 2549 1746 πρὸ
2584 1678 2781 1747 ἡμῶν“,
2822 1694 3007 1729 succe·

511 1767 644 1816 dunt
693 1767 1057 1817 confessiones
1105 1767 1268 1815 animi
1316 1766 1542 1815 modesti
1591 1770 1939 1831 apparentes3
1994 1768 2263 1817 enimvero
2313 1768 2413 1817 sub
2462 1766 2618 1816 finem
2668 1766 3010 1816 adducuntur

429 1855 436 1864 '
511 1854 963 1915 insimulationes,
1019 1868 1158 1918 quae
1213 1858 1398 1919 aperte
1450 1870 1512 1902 eo
1569 1854 1871 1917 diriguntur
1923 1858 1997 1903 ut.
2034 1854 2389 1919 Apocalypsis
2445 1870 2473 1903 e
2529 1855 2664 1904 serie
2719 1853 3010 1902 Librorum

513 1940 907 1990 canonicorum
946 1941 1200 1989 eiiciatur.
1264 1941 1441 2000 Quare
1479 1940 1790 2005 Dionysii
1827 1939 1977 1989 Alex.
2014 1942 2072 1988 in
2108 1940 2443 1991 aestimanda
2475 1939 2803 2006 Apocalypsi
2848 1940 3008 1988 iudi-

509 2030 676 2077 cium
721 2043 830 2077 non
879 2043 1160 2092 possumus
1208 2042 1316 2076 non
1351 2026 1915 2092 praeiudicatum,
1963 2027 2184 2093 proinde
2220 2026 2416 2078 nullius
2464 2026 2590 2076 fidei
2637 2027 2852 2076 habere.
2924 2026 3009 2075 De

511 2116 760 2179 Dionysii
812 2114 1163 2163 Alexandrini
1216 2116 1520 2178 suspicione
1571 2115 1847 2183 praeclare
1897 2115 2133 2180 disputat
2178 2116 2243 2163 E.
2294 2116 2378 2163 W.
2427 2114 2863 2179 Hengstcnberg,
2921 2113 3008 2167 die

512 2201 879 2265 Offenbarung
915 2202 1008 2251 des
1047 2202 1096 2250 l1.
1133 2202 1428 2251 Johannes.
1467 2201 1663 2251 Berlin.
1706 2203 1857 2251 1850.
1894 2202 1965 2263 ΙΙ,
2007 2204 2053 2251 2.
2095 2204 2211 2251 142.
2251 2218 2294 2251 s.

717 2288 867 2337 Idem
903 2290 1070 2337 sensit
1105 2287 1356 2337 Ecclesia
1393 2287 1684 2351 Syriaca.
1732 2288 1901 2337 Abest
1932 2288 2145 2353 quidem
2172 2304 2207 2337 a
2228 2289 2512 2337 veterrima
2546 2289 2745 2353 pariter
2770 2302 2836 2337 ac
2862 2288 3010 2351 Syris

511 2376 944 2424 aestimatissima
978 2376 1222 2424 versione
1259 2374 1548 2423 Pheschito
1584 2375 1653 2425 ΙΙ.
1702 2379 1754 2423 et
1788 2375 1885 2423 ΙΙΙ.
1924 2392 1965 2424 s.
2003 2375 2256 2436 Joannis‚
2306 2376 2374 2423 II.
2414 2389 2453 2424 s.
2491 2375 2634 2423 Petri
2673 2374 3011 2440 epistolaque

513 2477 556 2510 s.
582 2460 760 2510 Judae
798 2477 918 2509 cum
953 2461 1298 2526 Apocalypsi.
1325 2490 1391 2497 —
1418 2462 1498 2510 Cf.
1537 2461 1588 2510 J.
1627 2460 1679 2509 S.
1718 2461 2094 2523 Assemanum,
2146 2460 2470 2528 bibliotheca
2515 2461 2803 2511 Orientalis
2842 2460 3009 2511 Clem.

511 2549 684 2597 Vatic.
721 2549 870 2597 Rom.
902 2550 1052 2598 1725.
1089 2549 1186 2597 ΠΙ.
1213 2552 1260 2610 1,
1289 2551 1336 2598 8.
1364 2551 1412 2597 9.
1451 2563 1574 2597 ann.
1611 2552 1656 2597 1.
1697 2565 1749 2612 p.
1780 2549 1860 2597 15.
1922 2548 2041 2597 Vid.
2082 2545 2331 2597 Oosmam
2365 2547 2817 2612 Indicopleustcn,
2858 2547 3007 2613 apud

515 2634 762 2684 Galland.
789 2634 880 2696 XI,
909 2635 1026 2684 535.
1048 2663 1114 2670 —
1133 2633 1290 2685 Unde
1315 2635 1583 2684 inferunt:
1617 2636 1869 2700 antiquos
1897 2635 2074 2699 Syros,
2102 2634 2237 2684 haec
2264 2637 2463 2700 scripta
2488 2636 2751 2686 reiecisse.
2788 2636 3011 2685 Minime

513 2723 774 2786 gentium!
801 2720 1106 2770 Translatio
1134 2722 1355 2785 Syriaca
1377 2721 1600 2771 literalis
1627 2723 1774 2770 circa
1798 2722 2075 2770 dimidium
2099 2721 2302 2772 saeculi
2328 2723 2550 2772 secundi
2572 2722 2719 2772 facta
2744 2727 2838 2784 est,
2860 2729 3012 2773 ante-

515 2825 674 2874 quam
701 2809 770 2858 ad
795 2824 978 2858 omnes
1005 2807 1280 2858 Ecclesias
1307 2809 1560 2872 Syrorum
1586 2807 1638 2857 S.
1662 2810 1714 2859 S.
1740 2808 1867 2858 illae
1893 2813 2269 2858 controversae
2296 2814 2623 2875 propagatae
2648 2809 2839 2870 forent,
2864 2810 3010 2860 unde

514 2911 614 2944 nec
653 2898 840 2944 mirum
876 2895 1222 2945 Lectionaria
1258 2895 1482 2960 Syriaca
1530 2913 1595 2945 ex
1631 2897 1749 2946 istis
1796 2895 1927 2945 nihil
1978 2897 2265 2945 continere.
2330 2897 2517 2960 Neque
2554 2901 2731 2944 tamen
2766 2897 3011 2960 primarii

519 2983 770 3046 Syrorum
807 2983 1052 3032 doctores
1102 2983 1474 3032 auctoritatem
1523 2981 1850 3033 Canonicam
1897 2981 2084 3031 horum
2128 2982 2409 3031 Librorum
2454 2983 2864 3047 impugnarunt3
2909 2998 3011 3031 nec

519 3068 658 3118 aliae
709 3069 931 3118 deerant
982 3068 1126 3133 apud
1177 3067 1337 3132 Syros
1387 3070 1684 3130 versiones,
1738 3084 1876 3133 quae
1920 3070 2411 3133 interpretationem
2460 3068 2728 3132 quandam
2777 3069 3011 3119 omnium

521 3156 584 3206 N.
623 3157 684 3204 T.
725 3157 1038 3205 Divinorum
1076 3155 1418 3204 Voluminum
1463 3157 1827 3205 continebant.
1903 3154 2061 3204 Certe
2112 3155 2390 3219 epistolam
2436 3160 2616 3204 autem
2654 3155 2702 3204 (1.
2740 3154 2898 3204 Pauli
2944 3154 3015 3204 ad

526 3243 807 3292 Hebraeos
843 3245 899 3291 in
938 3241 1158 3292 Canone
1206 3242 1524 3292 servandam
1571 3259 1705 3305 esse,
1754 3258 1977 3292 concors
2021 3246 2136 3291 erat
2171 3243 2405 3291 omnium
2442 3241 2695 3306 Syrorum
2732 3243 3014 3292 sententia.

524 3330 608 3378 Ex
645 3331 749 3378 ista
797 3331 959 3394 igitur
996 3331 1298 3390 omissione,
1345 3329 1478 3378 nihil
1514 3330 1580 3378 de
1617 3330 1787 3379 forma
1823 3330 2060 3378 Canonis
2112 3329 2257 3395 apud
2303 3328 2463 3392 Syros
2510 3329 2701 3379 confici
2746 3334 3015 3394 putamus.

517 3417 759 3481 Namque
807 3416 1136 3480 exploratum
1186 3421 1267 3465 est
1302 3416 1737 3481 Theophilum
1785 3418 2184 3481 Episcopum
2236 3415 2741 3478 Antiochenum,
2778 3417 2837 3464 in
2874 3415 3011 3464 libro

523 3519 682 3568 quem
731 3506 918 3552 contra
965 3504 1320 3568 Hermogenis
1369 3503 1632 3553 haeresim
1681 3505 1975 3568 inscripsit,
2026 3504 2340 3552 testimoniis
2383 3519 2535 3552 usum
2586 3519 2653 3552 ex
2687 3503 3016 3568 Apocalypsi

523 3589 571 3638 d.
610 3589 839 3639 Joannis
877 3589 1147 3640 desumtis.
1207 3590 1286 3638 cf.
1324 3590 1562 3652 Eusebii,
1603 3590 1672 3638 H.
1710 3590 1775 3638 E.
1813 3590 1906 3650 IV,
1944 3591 2027 3638 24.
2063 3606 2115 3654 p.
2157 3591 2272 3638 146.
2334 3588 2386 3638 S.
2424 3590 2881 3657 Ephraemum
2918 3589 3015 3639 illa

525 3680 869 3726 controversa
905 3675 1191 3725 Canonicis
1216 3677 1427 3741 scriptis
1463 3675 1608 3725 haud
1645 3680 1961 3725 cunctanter
1997 3675 2361 3740 adscripsisse,
2399 3675 2573 3741 iisque
2606 3677 2863 3740 originem
2885 3692 3015 3726 vere

525 3761 876 3826 apostolicam
911 3763 1190 3826 tribuisse3
1239 3762 1419 3812 multis
1457 3764 1785 3827 argumentis
1823 3764 2101 3812 evincitur.
2164 3763 2379 3812 Etenim
2422 3762 2680 3828 epistolae
2716 3763 2786 3811 H.
2826 3766 2882 3812 et
2916 3763 3015 3812 III.

523 3862 566 3896 s.
607 3849 834 3898 «Ioannis
871 3850 1180 3914 scriptorem
1218 3848 1373 3897 dicit:
1419 3845 1646 3912 Ἰωάννην
1683 3843 1764 3898 τὸν
1803 3845 2074 3916 Θεόλογον,
2114 3850 2177 3898 O.
2216 3866 2265 3914 g.
2311 3850 2407 3912 111,
2445 3851 2527 3898 52.
2576 3848 2695 3898 coll.
2732 3849 2775 3912 I,
2816 3851 2911 3912 763
2964 3855 3019 3900 et

527 3934 748 3985 alteram
785 3935 833 3984 d.
859 3936 1005 3985 Petri
1043 3935 1320 4000 epistolam
1357 3936 1572 3985 tribuit:
1609 3933 1782 4004 Πέτρῳ
1818 3937 1889 3984 τῶ
1928 3932 2177 4003 κορυφαίῳ
2202 3937 2299 3985 τῶν
2327 3931 2662 3996 Ἀποστόλων,
2700 3936 2771 3984 ib.
2796 3935 2869 3998 ΙΙ,
2896 3939 3016 3989 378.

519 4019 616 4083 ΙΙΙ,
655 4024 735 4071 60.
788 4020 907 4071 coll.
945 4021 1008 4070 Ο.
1049 4021 1102 4088 S.
1145 4022 1214 4084 II,
1253 4024 1371 4072 242.
1441 4022 1691 4072 Similiter
1740 4022 2039 4084 literarum,
2091 4038 2229 4088 quae
2266 4022 2443 4072 Judae
2490 4027 2631 4084 sunt,
2682 4022 3019 4072 conditorem

521 4108 710 4158 habet:
749 4105 908 4172 Ἰησοῦ
946 4106 1154 4176 Χριστοῦ
1195 4107 1424 4177 μαθητήν.
1474 4108 1573 4174 Op.
1613 4126 1690 4174 gr.
1728 4109 1799 4171 11,
1842 4111 1957 4159 153.
2003 4110 2100 4172 ΙΠ,
2139 4112 2223 4158 61.
2285 4107 2391 4158 Sed
2429 4113 2480 4158 et
2516 4109 2897 4175 Apocalypsim
2933 4103 3019 4160 τὸν

521 4191 808 4244 Ἀποστόλον
862 4197 975 4246 sive
1019 4190 1099 4245 τὸν
1148 4192 1393 4264 Θεόλογον
1447 4212 1713 4258 exarasse,
1772 4196 2012 4245 confiteri
2062 4196 2240 4245 nullus
2287 4196 2534 4245 haesitat.
2590 4197 2655 4246 Ο.
2692 4214 2743 4262 g.
2780 4199 2852 4260 ΙΙ,
2895 4201 3015 4248 194.

519 4281 616 4344 ΙΙΙ,
658 4284 772 4332 146.
834 4283 1026 4332 Liceat
1062 4284 1112 4332 d.
1151 4282 1454 4348 Ephraemo
1492 4286 1711 4348 iungere
1752 4285 1804 4334 S.
1838 4284 2179 4333 Joannem
2225 4282 2814 4347 Chrysostomum,
2860 4286 3017 4334 cuius

521 4370 822 4418 testimonia
874 4385 982 4418 non
1039 4370 1300 4421 inferioris
1356 4375 1481 4420 sunt
1538 4371 1832 4434 gravitatis.
1908 4369 2163 4435 Superest
2219 4369 2377 4420 huius
2438 4369 2782 4420 eruditissimi
2836 4373 3015 4421 Patris

522 4471 682 4520 saepe
732 4457 886 4506 nobis
936 4458 1184 4508 laudatus
1235 4458 1658 4506 Commentarius
1708 4458 1763 4505 in
1812 4457 2112 4522 Epistolam
2160 4456 2229 4506 ad
2277 4457 2585 4519 Hebraeos,
2638 4473 2769 4522 prae
2820 4460 3016 4509 ceteris

522 4541 725 4604 doctus,
765 4560 868 4610 quo
906 4545 1113 4594 idoneis
1151 4545 1476 4608 arg-umentis
1514 4543 1648 4594 haec
1687 4543 1736 4592 d.
1762 4543 1933 4593 Paulo
1972 4545 2240 4594 asseritur.
2298 4543 2681 4609 Apocalypsim
2706 4535 2759 4594 S.
2785 4545 3017 4596 Joannis
