3309 5300
1016 433 1257 486 Obiectum,
1288 433 1463 488 divisio,
1495 433 1609 480 ratio
1637 432 1946 480 commentarii.
2522 437 2527 448 “
2687 421 2728 492 3

262 608 395 674 ralis
440 612 593 675 ordo
642 635 761 676 nos
809 611 990 677 ducit
1034 613 1121 676 ad
1164 613 1345 676 varia
1400 611 1469 677 S.
1521 611 2001 698 Scripturarum
2063 612 2416 697 Utriusque
2477 613 2727 678 Foede-

260 725 333 786 ris
374 725 649 806 nomina,
683 747 807 790 nec
851 749 985 790 non
1016 725 1103 788 ad
1146 727 1562 811 part-itionem
1592 725 1984 789 Divinorum
2013 724 2455 790 Voluminum.
2488 726 2730 790 Postea

259 837 648 901 intendemus
696 839 1001 922 animum,
1063 838 1391 923 quomodo
1457 836 1699 903 Sacrae
1754 838 2019 903 Literae
2078 837 2420 902 commode
2468 848 2534 903 et
2579 862 2723 903 cum

259 950 453 1015 fructu
498 951 626 1036 legi
673 953 958 1036 possint;
1021 960 1087 1015 et
1132 953 1438 1036 quoniam
1485 953 1716 1037 priscis
1765 950 1917 1016 olim
1962 953 2090 1014 iam
2136 952 2541 1038 temporibus
2587 951 2725 1037 plu·-

256 1065 401 1127 rima
459 1072 816 1149 eruperunt
876 1066 1115 1149 scripta
1160 1063 1563 1150 apocrypha,
1625 1065 1760 1128 sive
1808 1063 2158 1128 Canonicis
2219 1064 2594 1148 adversa3
2644 1064 2727 1130 de

256 1178 497 1240 notione
530 1186 597 1240 et
625 1175 842 1241 indole
874 1177 1237 1262 apocryphi
1270 1199 1699 1262 exponemUS,
1749 1199 2146 1263 censumque
2181 1199 2453 1261 agemus
2490 1177 2724 1242 horum

254 1291 647 1375 scriptorum.
718 1289 893 1353 Hinc
952 1312 1108 1354 vero
1167 1288 1230 1356 b.
1277 1289 1779 1375 progrediemur
1834 1289 1920 1353 ad
1967 1289 2374 1368 conditiones
2421 1290 2726 1354 acciden-

252 1401 397 1466 tales
450 1401 521 1466 S.
571 1401 978 1487 Scripturae,
1034 1425 1203 1488 quae
1257 1412 1622 1466 memoratu
1671 1401 1906 1486 dignae
1954 1403 2130 1466 01103
2185 1401 2422 1466 Sacras
2474 1403 2729 1468 Literas

254 1525 619 1579 evenerunt.
688 1515 849 1579 Ideo
885 1515 1175 1579 dicemus
1209 1515 1290 1578 de
1323 1517 1397 1578 iis
1430 1516 1676 1597 naeviS,
1726 1537 1893 1601 quae
1932 1516 2000 1578 in
2028 1514 2114 1577 D.
2139 1515 2412 1582 ,Codicis
2446 1516 2730 1580 Textum

252 1629 632 1713 primitivum
663 1627 745 1692 U.
779 1627 855 1691 T.
890 1627 1225 1712 paullatim
1264 1629 1692 1712 irrepserunt,
1743 1627 1822 1691 de
1862 1629 1937 1691 iis
1980 1628 2444 1693 tentaminibus
2491 1629 2726 1713 quibus

252 1743 359 1804 viri
403 1741 642 1806 eruditi
689 1741 865 1805 omni
911 1763 1075 1804 aevo
1137 1740 1312 1804 hunc
1366 1741 1678 1825 pristinae
1727 1741 2083 1825 integritati
2121 1743 2463 1805 restituere
2513 1744 2729 1806 conati

252 1864 411 1937 sunt3
456 1875 537 1917 ac
580 1853 661 1916 de
707 1855 1013 1917 ratione
1064 1855 1305 1936 critica,
1349 1855 1575 1937 quain
1609 1853 1736 1917 hoc
1767 1851 1993 1917 labore
2025 1855 2126 1916 usi
2157 1863 2324 1918 sunt.
2387 1853 2562 1918 Hinc
2596 1873 2726 1918 ser-

251 1988 491 2029 monem
526 1967 849 2030 faciemus
882 1965 964 2034 (10
997 1966 1228 2029 mediis
1262 1988 1539 2050 quorum
1574 1988 1700 2050 ope
1744 1964 1809 2029 S.
1846 1964 2219 2050 Scripturac
2253 1965 2338 2028 ad
2368 1989 2488 2031 nos
2518 1989 2739 2052 usque*-

250 2057 652 2144 transmissae
685 2080 975 2162 fuerant3
1023 2081 1219 2163 igitur
1245 2077 1655 2142 narrabimus
1690 2078 1770 2142 de
1804 2079 2260 2162 manuscriptis
2297 2078 2632 2143 codicibus
2667 2088 2732 2143 et

249 2192 723 2278 typographicis
766 2191 1176 2256 editionibus.
1224 2191 1303 2254 In
1348 2190 1473 2255 hoc
1520 2201 1803 2255 tractatu
1849 2213 2031 2254 suam
2079 2190 2198 2254 sibi
2246 2191 2535 2256 vindicat
2580 2214 2725 2277 par-

250 2313 365 2367 tem
406 2306 790 2389 ,Historia
828 2304 1345 2388 Versionum‘,
1380 2327 1548 2390 quae
1580 2302 2036 2368 translationes
2068 2303 2440 2368 recensebit
2471 2326 2726 2368 earum-

254 2440 363 2501 que
422 2420 586 2482 vitia
649 2428 714 2481 et
758 2419 1029 2495 virtutes
1078 2427 1389 2502 exponet.
1457 2417 1714 2481 Horum
1759 2439 1916 2481 vero
1967 2419 2255 2481 omnium
2299 2419 2368 2481 in
2411 2418 2726 2503 interpre-

251 2532 475 2594 tatione
552 2531 621 2595 S.
676 2530 1051 2616 Scripturae
1118 2529 1401 2616 aliquam
1474 2531 1607 2594 vim
1674 2553 1852 2612 esse,
1918 2531 2060 2615 ipsa
2119 2531 2418 2594 tractatio
2485 2529 2728 2615 liquide

251 2642 733 2709 demonstrabit.
802 2643 1159 2708 Versiones
1204 2654 1552 2729 praeterea
1599 2643 1778 2728 quod
1824 2642 1907 2706 ad
1956 2666 2036 2707 03
2079 2644 2448 2729 pertineant
2492 2643 2729 2727 media,

251 2756 469 2841 quibus
542 2758 729 2821 Deus
791 2757 861 2821 S.
904 2756 1326 2821 Voluminum
1391 2758 1959 2821 conservationem
2004 2756 2322 2827 adnexuit
2365 2796 2451 2803 --
2496 2779 2732 2821 revera

248 2868 423 2953 plura
456 2893 689 2935 eorum
722 2870 1052 2933 mediante
1100 2872 1399 2934 versione
1434 2870 1519 2933 ad
1556 2892 1676 2933 nos
1708 2871 2087 2955 pervenisse
2120 2894 2182 2934 v.
2217 2894 2266 2933 S.
2299 2869 2342 2933 l.
2365 2892 2484 2952 ——3
2531 2872 2622 2933 ita
2665 2872 2734 2933 in

251 2983 735 3067 quaestionibus
776 2985 1015 3047 criticis
1050 2992 1114 3046 et
1146 2984 1503 3067 exegeticis
1548 2984 1817 3046 maximi
1865 2993 2014 3047 sunt
2057 2985 2389 3047 momenti.
2436 2983 2730 3067 Dignum

250 3106 454 3161 autem
488 3106 558 3161 et
589 3119 871 3182 aequum
923 3098 1117 3159 etiam
1165 3104 1323 3177 erat,
1370 3117 1585 3181 pauca
1632 3096 1957 3181 quaedam
2005 3096 2249 3160 addere
2285 3095 2366 3159 (10
2414 3118 2538 3160 usu
2566 3095 2732 3160 Ver-

249 3211 485 3273 sionum
553 3209 924 3294 vulgarium
979 3211 1046 3272 in
1103 3208 1407 3273 Ecclesia
1467 3207 1828 3273 Catholica.
1919 3209 2042 3273 Illa
2104 3218 2318 3273 autem
2391 3209 2728 3273 doctrinae

250 3325 469 3408 capita,
507 3346 681 3409 quae
716 3323 797 3386 de
832 3322 1051 3385 divina
1084 3322 1149 3385 S.
1185 3306 1561 3407 Scripturac
1595 3322 2035 3406 inspiratione,
2079 3321 2432 3404 authentia,
2465 3322 2730 3405 integri-

249 3444 390 3518 tate,
420 3437 579 3501 fidei
615 3436 951 3521 dignitate,
980 3435 1250 3520 aliisque
1294 3457 1462 3520 quae
1496 3444 1645 3499 sunt
1680 3433 1745 3498 S.
1775 3433 1840 3498 S.
1867 3433 2322 3499 affectionibus
2354 3434 2634 3519 proferri
2665 3436 2732 3497 in

248 3548 523 3613 medium
557 3557 855 3634 possunt,
888 3548 972 3611 ad
1011 3547 1193 3611 locos
1240 3546 1644 3631 theologicos
1679 3584 1761 3593 --
1796 3548 1906 3632 qui
1951 3552 2124 3610 nunc
2172 3547 2416 3634 passim
2453 3545 2730 3610 Theolo-

252 3662 385 3744 giae
416 3660 931 3727 fundamentalis
963 3661 1225 3725 nomine
1258 3660 1997 3744 veniunt—pertinere,
2029 3682 2156 3722 nec
2188 3658 2353 3723 adeo
2387 3658 2574 3723 huius
2605 3658 2737 3723 loci·

251 3796 403 3859 esse,
451 3776 925 3840 existimamus
1003 3775 1225 3839 Tertio
1283 3783 1500 3837 autem
1561 3782 1624 3839 et
1686 3772 1908 3837 ultimo
1964 3772 2233 3835 huiusce
2284 3774 2733 3836 commentarii

254 3890 455 3973 capite
492 3914 555 3954 c.
587 3888 670 3952 de
722 3886 1158 3973 explicatione
1194 3886 1260 3950 S.
1288 3886 1662 3971 Scripturac
1696 3885 2025 3971 agendum
2059 3893 2374 3969 superest.
2434 3884 2735 3949 Accedet

249 3999 321 4063 de
364 4002 924 4087 Interpretatione
959 3999 1025 4064 S.
1052 4000 1531 4085 Scripturarum
1565 3998 1906 4063 Catholica
1934 3998 2154 4061 brevis
2184 3998 2492 4062 narratio.
2547 3998 2730 4083 Opus
2763 4079 2770 4086 ι

252 4113 590 4179 claudent:
665 4112 1024 4176 Tabulae.
1089 4112 1682 4197 Ohronologiae
1760 4110 2058 4175 Sacrae
2119 4110 2378 4173 Veteris
2441 4119 2503 4173 et
2561 4108 2736 4175 Novi

248 4226 774 4309 Testamenti3
804 4224 1322 4311 Conspectus
1353 4225 1826 4290 Divinorum
1856 4223 2266 4289 Librorum
2298 4223 2738 4307 Utriusque

248 4337 657 4421 Foederis3
705 4337 1007 4422 Catalogi
1038 4339 1249 4423 stirpis
1284 4338 1482 4421 Sauli,
1512 4337 1810 4420 Davidis,
1842 4336 2417 4427 Machabacol'um,
2451 4333 2732 4397 Herodis

247 4449 331 4515 M.
382 4463 449 4516 et
502 4462 941 4539 posterorum,
1001 4450 1157 4513 item
1207 4473 1518 4514 recensus
1581 4450 1967 4515 Praesidum
2014 4448 2241 4534 Syriae
2298 4456 2363 4510 et
2401 4445 2730 4537 Judaeae.

248 4562 543 4652 Denique
604 4588 692 4629 ne
762 4561 920 4648 quid
970 4563 1049 4627 L.
1100 4564 1177 4628 B.
1235 4563 1579 4629 commodo
1646 4562 1936 4644 deesset,
1999 4560 2356 4625 adiecimus
2415 4559 2732 4642 imagines

2357 4692 2423 4740 14(-
