3309 5300
576 421 702 490 134
1292 435 1525 478 comment.
1555 435 1607 477 de
1634 437 1678 478 S.
1701 435 1858 485 script.
1891 447 1985 486 cap.
2016 446 2101 476 sec.
2130 435 2260 475 tract.
2291 433 2327 474 Ι.

483 681 487 684 ἢ
578 629 778 664 naevos
826 613 1195 679 particulares,
1246 613 1337 678 qui
1385 612 1544 662 hodie
1588 613 1818 664 lectores
1856 617 2086 664 attentos
2130 618 2394 662 exercent.
2468 613 2748 664 criticae
2801 615 2964 664 etiam
3009 615 3070 662 in

574 701 1011 766 interpretatione
1059 701 1433 749 necessitas
1481 699 1604 748 inde
1650 699 1980 765 intelligitur,
2035 699 2179 764 quod
2217 701 2331 748 sine
2369 714 2436 749 ea
2475 716 2576 750 nec
2624 701 2798 751 locum
2851 701 3073 766 quidem

576 787 775 836 habeat
826 787 1219 852 interpretatiO,
1280 785 1479 836 frustra
1533 787 1674 836 enim
1726 787 2066 851 interpretari
2121 801 2402 850 conamur3
2465 788 2610 852 quod
2664 794 2746 848 est
2795 789 3072 837 vitiosum.

576 874 735 924 Unde
773 874 897 923 olim
931 875 1038 923 iam
1074 877 1218 923 recte
1266 873 1317 924 S.
1357 873 1768 938 Augustinus
1805 873 2018 939 quidem
2053 875 2354 938 praecepit:
2403 873 2815 934 „codicibus
2855 890 3074 924 emen-

579 960 826 1010 dandis
864 961 1189 1026 primitus
1228 959 1437 1009 debet
1470 960 1856 1026 invigilare
1894 960 2193 1010 solertia
2229 975 2474 1023 eorum,
2523 962 2640 1026 qui
2678 959 3074 1026 Scripturas

580 1048 859 1096 divinas
906 1062 1115 1096 nosse
1163 1046 1601 1108 desiderant,
1656 1052 1730 1096 ut
1777 1047 2165 1097 emendatis
2213 1063 2346 1097 non
2395 1048 2742 1098 emendati
2789 1048 3075 1109 cedant,

580 1151 655 1184 ex
702 1149 833 1184 uno
883 1134 1241 1184 dumtaxat
1287 1135 1916 1199 interpretationis
1965 1149 2221 1199 genere
2272 1135 2686 1186 venientes.“
2749 1137 2835 1184 De
2879 1135 3076 1184 Doctr.

580 1221 701 1270 chr.
731 1221 803 1283 H,
834 1223 913 1270 14.
938 1237 989 1286 p.
1017 1222 1100 1270 47.
1160 1222 1349 1286 Neque
1386 1221 1542 1270 modo
1580 1222 1775 1271 nostris
1813 1221 2002 1270 diebus
2038 1220 2265 1270 invaluit
2302 1220 2514 1284 critica,
2553 1222 2647 1272 sed
2682 1221 2844 1288 longo
2881 1237 3078 1272 saccu-

577 1308 747 1358 lorum
786 1307 1016 1358 decursu
1064 1309 1313 1370 exercita,
1366 1307 1510 1373 apud
1552 1308 1854 1358 Ecclesiam
1908 1323 2118 1374 semper
2161 1310 2218 1357 in
2265 1309 2436 1373 pretio
2483 1309 2608 1372 suit3
2659 1310 2880 1375 eiusque
2931 1311 3078 1359 bene

578 1395 737 1460 periti
796 1394 898 1443 viri
954 1397 1092 1444 inter
1155 1396 1424 1460 principes
1485 1395 1854 1460 theologorum
1917 1400 2042 1446 sunt
2097 1398 2376 1446 numerati.
2451 1395 2646 1446 Sicuti:
2709 1395 3048 1463 Origenes
3063 1434 3077 1458 ,

582 1480 636 1530 8.
676 1479 1059 1547 Gregorius
1096 1484 1267 1545 Naz„
1318 1481 1371 1530 S.
1408 1482 1750 1544 Basilius,
1802 1482 1854 1532 S.
1893 1481 2457 1546 chrysostomus,
2509 1481 2562 1533 S.
2600 1482 3076 1548 Augustinus,

584 1568 635 1618 S.
672 1568 1140 1634 Hieronymus,
1182 1568 1234 1619 8.
1272 1569 1570 1619 Isidorus
1606 1568 1804 1631 Pelus.,
1840 1569 2324 1633 Theodoretus3
2361 1569 2666 1634 similesque
2703 1571 2794 1635 qui
2833 1570 2886 1619 S.
2924 1570 2983 1619 P.
3014 1569 3080 1618 P.

584 1659 637 1704 et
674 1655 725 1705 8.
762 1655 829 1706 Ε.
867 1658 1093 1722 vestigia
1136 1656 1365 1706 feliciter
1398 1661 1716 1721 prementes,
1760 1657 1907 1722 pium
1954 1656 2359 1722 modestamque
2407 1657 2724 1706 Divinarum
2770 1659 3082 1706 Literarum

584 1745 897 1792 scrutinium
943 1743 1251 1794 adhibuere.
1314 1744 1394 1793 Cf.
1431 1743 1776 1793 Honorati
1812 1759 1846 1793 a
1882 1743 1934 1794 8.
1972 1745 2216 1806 Maria,
2265 1744 2635 1794 Animadvers.
2678 1746 2736 1793 in
2771 1745 2984 1809 regulas
3025 1747 3086 1792 et

584 1844 737 1878 usum
774 1829 1014 1893 critices,
1052 1833 1094 1881 I.
1133 1834 1181 1894 2,
1220 1833 1267 1880 6.
1306 1848 1357 1896 p.
1399 1832 1478 1880 76.
1518 1847 1559 1880 s.
1621 1832 1707 1880 Ex
1741 1833 1984 1882 instituto
2023 1833 2116 1897 qui
2153 1831 2220 1880 de
2259 1831 2460 1880 critica
2497 1831 2706 1881 Biblica
2743 1847 3080 1896 cognoscere

584 1919 759 1982 cupit,
816 1917 976 1967 adeat
1032 1918 1103 1968 H.
1144 1918 1441 1980 Valesii,
1494 1917 1560 1968 de
1611 1917 1812 1967 critica
1857 1918 1892 1967 l.
1943 1917 2013 1968 H.
2061 1918 2278 1968 Amstel.
2328 1919 2481 1968 1640.
2529 1918 2594 1967 -J,
2633 1917 2924 1980 clerici,
2972 1918 3084 1967 Ars

586 2005 787 2054 critica.
826 2005 999 2070 Lugd.
1037 2005 1100 2054 Β.
1140 2005 1221 2054 ed.
1259 2006 1349 2055 VI.
1392 2006 1543 2055 1778.
1582 2007 1631 2054 3.
1663 2004 1766 2055 vol.
1807 2005 1870 2055 Gr.
1895 2007 1960 2054 L.
1985 2007 2030 2055 B
2047 2021 2127 2054 au
2143 2021 2238 2067 er,
2278 2004 2478 2054 critica
2515 2005 2696 2055 Sacra.
2732 2005 2882 2070 Lips.
2925 2008 3084 2054 1795.

586 2090 995 2156 Carpzovii,
1036 2092 1235 2141 critica
1270 2091 1323 2140 8.
1361 2092 1425 2142 V.
1462 2092 1524 2141 T.
1561 2093 1712 2158 Lips.
1752 2094 1905 2143 1748.
1950 2092 2299 2158 Bengelii,
2337 2093 2538 2142 Introd.
2578 2092 2646 2141 ad
2682 2093 2916 2142 univers.
2951 2091 3084 2141 lect.

585 2179 770 2228 variet.
794 2178 917 2241 iud„
955 2181 1011 2228 in
1034 2179 1231 2245 Appar.
1260 2178 1385 2228 crit.
1411 2179 1455 2240 1,
1481 2181 1531 2228 4.
1558 2196 1600 2229 s.
1636 2180 1690 2229 J.
1714 2180 1788 2229 M.
1813 2179 1874 2229 A.
1903 2180 2184 2243 Scholz,
2223 2180 2288 2229 de
2328 2179 2526 2229 Critica
2557 2180 2621 2229 N.
2648 2180 2710 2229 T.
2737 2190 2858 2244 gen.
2893 2180 2950 2227 in
2989 2179 3084 2227 ed.

584 2265 649 2315 N.
675 2266 738 2315 T.
764 2265 832 2314 Η.
858 2265 1149 2332 Mutinghe,
1182 2267 1369 2316 Brevis
1396 2267 1657 2331 expositio
1685 2265 1909 2317 critices
1937 2267 2056 2316 Vet.
2082 2267 2226 2316 Test.
2253 2266 2508 2331 Groning.
2539 2267 2688 2315 1827.
2738 2266 2799 2314 F.
2829 2264 2977 2316 Schl
2993 2266 3082 2314 ei-

586 2368 717 2402 erm
732 2353 855 2402 ach
870 2368 899 2401 e
914 2368 968 2414 r,
1018 2353 1406 2402 Hermeneutik
1442 2369 1493 2402 u.
1531 2353 1709 2402 Kritik
1755 2354 1851 2402 mit
1893 2353 2005 2402 bes.
2052 2353 2362 2418 Beziehung
2407 2353 2506 2402 auf
2538 2353 2634 2402 das
2670 2353 2737 2402 N.
2775 2353 2837 2401 T.
2878 2351 3087 2401 Berlin.

588 2441 740 2491 1838.
799 2441 851 2490 J.
890 2441 961 2490 M.
999 2441 1060 2490 A.
1098 2441 1187 2490 Lo
1202 2439 1415 2502 ehnis,
1474 2439 1795 2504 Grundziige
1851 2440 1944 2489 der
1995 2440 2124 2489 bibl.
2173 2440 2354 2488 Herm.
2392 2455 2444 2488 u.
2483 2439 2674 2488 Kritik.
2713 2439 2884 2489 Giess.
2926 2441 3088 2489 1839.

586 2544 637 2592 p.
676 2528 794 2576 233.
833 2543 875 2576 S.
935 2527 1219 2577 Habentur
1267 2529 1393 2575 item
1444 2527 1656 2592 plurimi
1695 2526 1802 2586 alii,
1853 2543 2076 2591 quorum
2117 2528 2308 2590 partim
2345 2528 2452 2574 iam
2489 2527 2839 2588 meminimuS,
2887 2527 3090 2591 partim

589 2613 764 2664 adhuc
798 2615 856 2664 in
893 2614 1239 2679 sequentibus
1278 2615 1601 2664 mentionem
1638 2613 1873 2664 faciendi
1911 2615 2122 2663 occasio
2161 2629 2218 2663 se
2258 2612 2458 2662 offeret.

2764 2836 2798 2853 l

749 2876 807 2955 ξ.
854 2877 958 2941 58.
1008 2872 1349 2937 criticae
1398 2872 1690 2937 Sacrae
1737 2874 1937 2937 ratio
1987 2872 2331 2958 qualiter
2375 2872 2720 2935 ineunda
2766 2871 2922 2935 sit?

800 3063 1032 3115 criticen
1071 3082 1215 3115 esse:
1252 3070 1463 3115 artem
1500 3065 1749 3114 iudicii
1784 3066 2060 3115 ferendi
2098 3065 2350 3129 diximus3
2389 3069 2550 3130 atque
2586 3064 2709 3113 ideo
2749 3066 2805 3113 in
2845 3066 3090 3114 critico

588 3153 643 3202 id
692 3154 1002 3217 praesertim
1052 3152 1409 3215 desideratur,
1460 3152 1604 3218 quod
1652 3152 1814 3217 vulgo
1863 3156 2106 3201 rectam
2157 3152 2680 3217 intelligentiam
2732 3151 3090 3217 adpellamus.

592 3239 819 3305 Oportet
854 3241 1017 3303 igitur
1051 3238 1163 3287 LL.
1204 3238 1299 3288 88.
1333 3241 1572 3288 criticum
1612 3254 1824 3287 curare:
1862 3243 1922 3287 ut
1957 3238 2127 3288 solide
2162 3239 2363 3288 iudicet
2401 3244 2454 3288 et
2489 3240 2754 3303 sagaciter
2793 3239 3092 3303 discernat3

592 3327 815 3391 eiusque
852 3325 1108 3375 iudicium
1145 3330 1295 3375 recta
1332 3332 1385 3375 et
1420 3340 1555 3375 sana
1590 3327 1728 3375 ratio
1759 3325 2076 3376 moderetur.
2124 3325 2387 3377 Adhibitis
2424 3326 2650 3391 legibus,
2689 3340 2832 3391 quae
2856 3330 3094 3375 mentem

591 3415 647 3462 in
682 3414 794 3463 suis
830 3413 1327 3463 ratiocinationibus
1365 3413 1597 3478 dirigant
1644 3428 1806 3462 verae
1855 3414 2071 3462 criticae
2119 3412 2354 3462 indolem
2391 3418 2444 3463 et
2480 3418 2726 3463 naturam
2763 3418 3091 3477 cognoscat3

594 3502 816 3565 eiusque
841 3502 897 3549 in
919 3500 1205 3549 iudicando
1241 3502 1469 3549 veritate
1498 3505 1593 3549 aut
1616 3499 1869 3562 falsitate,
1909 3500 2148 3549 bonitate
2173 3505 2266 3549 ant
2289 3502 2553 3565 pravitate
2593 3499 2806 3549 facilem
2842 3501 3096 3551 instituat

596 3603 767 3637 usum.
826 3588 1115 3637 Enimvero
1167 3586 1405 3651 religio
1452 3602 1648 3652 magna
1697 3587 2002 3637 adhibenda
2045 3593 2151 3637 est:
2201 3603 2277 3635 ne
2327 3588 2392 3635 in
2440 3588 2650 3637 Textu
2695 3588 3094 3637 Divinorum

593 3674 1033 3724 Voluminum:
1082 3676 1173 3739 qui
1208 3690 1351 3724 nunc
1387 3676 1442 3722 in
1479 3674 1724 3723 manibus
1771 3680 1877 3737 est,
1925 3674 2293 3739 fingendo,
2343 3675 2544 3723 nimis
2593 3674 2850 3724 faciles
2905 3675 3092 3725 simne.

597 3760 729 3810 cum
767 3761 959 3810 Textui
997 3760 1329 3817 emendando
1378 3760 1611 3811 animum
1662 3761 1940 3812 adiicimus
1977 3766 2136 3827 atque
2174 3761 2265 3810 ille
2303 3760 2503 3811 alicubi
2540 3776 2766 3826 peccare
2800 3763 3094 3823 invenitur,

596 3852 806 3913 oportet
842 3848 1053 3913 quidem
1092 3864 1211 3896 eum
1249 3862 1503 3897 revocare
1542 3848 1611 3897 ad
1646 3864 1856 3911 verum3
1907 3848 2000 3898 sed
2049 3849 2262 3897 testium
2310 3847 2849 3913 locupletissimorum
2895 3853 2949 3897 et
2986 3847 3094 3897 fide

597 3935 1024 3999 dignissimorum
1062 3936 1305 3984 examine
1340 3936 1501 3997 fact0,
1541 3936 1700 3985 lectio
1740 3935 1904 3984 dubia
1930 3935 2238 4000 perficiatur
2273 3940 2327 3984 et
2362 3935 2656 3987 roboretur.
2704 3936 3092 3985 Auctoritas

596 4023 864 4087 primum
902 4028 1041 4072 esto
1082 4021 1377 4071 criticae
1416 4020 1468 4071 8.
1507 4023 1924 4087 principium.
1973 4022 2080 4070 Res
2115 4023 2237 4086 ipsa
2274 4026 2450 4071 autem
2488 4022 2712 4086 flagitat,
2750 4023 2896 4071 utin
2921 4022 3090 4071 ambi-

598 4110 801 4174 guitate
839 4109 1132 4159 auferenda
1170 4114 1223 4158 et
1258 4110 1313 4157 in
1352 4110 1672 4158 certitudine
1708 4109 1951 4158 codicum
1987 4108 2334 4172 stabilienda,
2372 4108 2746 4174 praecellat
2796 4107 3094 4175 Scripto—

598 4212 731 4245 rum
784 4195 1447 4259 Ecclesiasticorum,
1510 4210 1551 4245 s.
1600 4197 1876 4245 Patrum
1931 4201 1994 4244 et
2045 4196 2416 4245 Doctorum
2471 4196 2849 4245 Ecclesiae
2908 4197 3094 4245 testi-

598 4283 903 4347 monium3
956 4299 1179 4348 quorum
1230 4298 1395 4349 opera
1443 4298 1477 4333 a
1518 4282 1774 4333 conciliis
1805 4284 2047 4348 probata,
2087 4287 2140 4332 et
2187 4282 2447 4347 singulari
2481 4282 2684 4332 honore
2733 4284 2802 4333 ab
2838 4283 3096 4333 Ecclesia

600 4370 793 4419 affecta
829 4370 947 4420 aliis
984 4372 1299 4420 testimoniis
1336 4376 1718 4436 praestant.
1789 4371 2007 4420 Interim
2052 4372 2198 4433 satie,
2241 4372 2350 4420 imo
2386 4372 2542 4419 nimis
2581 4385 2741 4435 quam
2777 4371 3092 4436 frequenter

604 4460 860 4521 occurrit3
911 4463 971 4506 ut
1005 4457 1263 4523 neglectis
1300 4459 1615 4508 testimoniis
1652 4458 1902 4507 Veterum
1953 4461 2165 4523 praeter
2212 4457 2406 4506 limites
2445 4461 2498 4506 et
2534 4458 2749 4506 modum
2799 4463 3098 4522 urgeantur

602 4550 915 4609 argumenta
950 4560 985 4594 n
1003 4545 1313 4609 egativa,
1363 4544 1794 4609 invadanturque
1831 4544 2084 4595 veritates
2123 4544 2450 4593 clarissimae
2498 4559 2596 4610 per
2643 4544 2834 4595 horum
2882 4545 3098 4594 ratioci-

599 4632 807 4682 niorum
856 4632 1099 4683 abusum.
1160 4632 1296 4698 Legi
1348 4633 1560 4681 omnino
1612 4636 1842 4682 meretur
1891 4631 1956 4681 de
2005 4630 2107 4681 hoc
2156 4631 2328 4683 abusu
2365 4630 2418 4682 J.
2455 4630 2732 4693 MabiUon‚
2790 4630 2857 4681 de
2907 4632 3098 4683 studiis
