3309 5300
570 391 691 456 168
1104 407 1108 410 ’
1277 403 1511 444 Comment.
1542 403 1595 444 do
1624 405 1668 444 S.
1689 403 1848 455 Script.
1877 415 1973 454 cap.
2001 415 2089 444 see.
2119 405 2248 446 tract.
2277 404 2332 444 11.

566 603 743 660 quam
802 584 1226 655 cognoscendae
1284 582 1657 661 antiquitatis
1717 603 1888 641 causa
1947 587 2181 641 textum
2239 584 2602 641 Hebraicum
2660 589 2720 640 et
2770 582 3054 640 Graecum

568 687 813 744 scrutati
844 688 917 744 ad
949 686 1250 764 opiniones
1280 689 1586 744 redierunt
1613 687 1914 764 aequiores
1943 685 1982 746 ¹.

568 978 627 1055 ἕ.
674 979 775 1042 77.
822 975 940 1038 De
985 975 1509 1041 Vei-sionibus
1553 976 1916 1062 Aquilae,
1965 934 2418 1061 Symmachi,
2465 974 3060 1060 TheodotioniS,

1344 1088 1425 1153 V.
1471 1088 1590 1156 VI.
1637 1090 1792 1154 VII.
1841 1099 1917 1153 et
1960 1089 2288 1154 Veneta.

780 1277 946 1343 Cum
1003 1279 1331 1342 christiani
1386 1279 1714 1344 Doctores
1762 1303 1798 1344 e
1844 1282 2143 1345 versione
2183 1279 2398 1344 LXX.
2447 1279 2534 1344 ad
2577 1279 2870 1344 Judaeos
2913 1302 3063 1344 con-

572 1389 930 1455 vincendos
976 1393 1346 1455 testimonia
1390 1392 1688 1478 proferre
1737 1391 2054 1476 solerent3
2104 1391 2186 1457 de
2233 1391 2502 1477 singuiis
2545 1391 2706 1456 locis
2746 1414 2906 1456 mox
2941 1391 3066 1455 dis-

574 1512 904 1589 ceptatum
950 1513 1067 1586 est,
1127 1513 1297 1568 esset
1341 1527 1425 1568 ne
1472 1527 1646 1588 vera,
1699 1528 1894 1591 quam
1940 1507 2152 1570 versio
2199 1503 2654 1570 Alexandrina
2699 1503 3064 1586 exhiberet,

571 1617 1015 1702 interpretatio
1049 1639 1174 1681 nec
1204 1616 1333 1680 ne?
1382 1616 1728 1683 Christiani
1761 1616 2115 1683 admodum
2149 1615 2673 1700 offendebantur,
2715 1617 2768 1680 si
2800 1615 3065 1703 quando

572 1728 811 1792 Judaei
856 1751 995 1792 rem
1040 1752 1172 1793 non
1234 1731 1327 1793 sic
1374 1753 1443 1794 se
1496 1728 1740 1796 habere
1799 1733 1866 1795 in
1912 1731 2128 1794 Textu
2173 1730 2528 1813 HebraicO,
2592 1738 3006 1816 opponerent
3021 1731 3066 1794 2.

576 1841 811 1926 Spreta
842 1844 1143 1906 versione
1175 1842 1389 1906 LXX.
1440 1843 1963 1908 contradicentes
1995 1839 2234 1908 Judaei
2276 1843 2636 1908 laudabant
2673 1845 3069 1926 versionem,

576 1975 774 2038 quam
820 1951 905 2016 ad
951 1955 1501 2040 interpretationis
1546 1956 1734 2020 huius
1783 1955 2219 2042 supplendum
2267 1955 2486 2022 locum
2542 1956 2701 2020 fecit
2742 1955 3070 2042 Aquila,

576 2067 826 2148 Ἀκύλας,
858 2066 1172 2130 Ponticus
1204 2089 1469 2151 genere,
1504 2066 1771 2154 Synope
1806 2067 2115 2132 oriundus
2135 2071 2192 2151 33
2234 2070 2344 2154 qui
2374 2078 2646 2154 propter
2674 2067 3071 2153 astrologiae

578 2178 863 2242 studium
896 2201 934 2241 a
968 2178 1203 2243 Christi
1230 2182 1429 2244 sacris
1456 2181 1780 2264 exclusus,
1813 2181 1899 2245 ad
1928 2178 2100 2246 ritus'
2118 2181 2163 2246 J
2165 2181 2436 2246 udaicos
2461 2204 2531 2245 se
2558 2183 2900 2250 convertit.
2942 2181 3075 2275 Hic

580 2314 888 2376 graecam
911 2293 1518 2378 interpretationem
1538 2294 1913 2376 verborum,
1938 2295 2359 2380 ipsorumque
2394 2303 2768 2379 etymorum'
2790 2295 3074 2358 tenacis·

582 2407 811 2468 simam
878 2407 1243 2490 contexuit3
1304 2408 1686 2493 priusquam
1731 2407 1793 2470 d.
1841 2407 2155 2470 Irenaeus
2202 2429 2351 2470 suas
2397 2406 2712 2472 adversus
2757 2406 3076 2471 haereses

581 2517 1055 2603 disputationes
1103 2530 1407 2584 exararet
1424 2523 1467 2584 4.
1530 2520 1858 2606 Apparuit
1901 2521 2098 2606 igitur
2127 2521 2311 2584 iuxta
2340 2518 2528 2603 haec,
2561 2519 2846 2606 Aquilae
2879 2521 3077 2584 inter·

577 2632 855 2717 pretatio
906 2633 1080 2697 circa
1125 2655 1181 2696 a.
1215 2657 1279 2720 p.
1314 2631 1387 2698 C.
1420 2657 1483 2697 n.
1524 2636 1690 2717 182„
1738 2641 1935 2720 atque
1980 2631 2254 2698 Judaeis
2298 2631 2465 2697 adeo
2498 2632 2762 2719 placuit,
2811 2641 2887 2697 ut
2929 2633 3078 2718 ipse

790 2836 827 2902 ¹)
866 2836 1023 2887 Certe
1049 2838 1235 2886 erratis
1264 2852 1446 2886 eorum
1470 2838 1721 2898 virorum,
1759 2852 1892 2901 quos
1917 2836 2185 2901 aliquibus
2223 2836 2438 2885 criticae
2476 2837 2759 2901 magistros
2797 2824 3082 2901 adpe‘llare

579 2925 797 2991 placuit,
833 2940 931 2974 nos
958 2940 1075 2974 esse
1100 2925 1329 2973 monitos
1366 2924 1543 2988 decet,
1580 2940 1649 2973 ne
1687 2923 1875 2973 leviter
1899 2940 1928 2973 e
1955 2925 2143 2989 quavis
2181 2924 2441 2973 versionis
2475 2924 2838 2988 discrepantia
2873 2924 3081 2974 Textus

581 3026 793 3076 quoque
829 3012 1144 3061 varietatem
1180 3016 1500 3075 repetamus,
1540 3012 1643 3060 nisi
1680 3011 1846 3076 probe
1883 3015 2008 3060 ante
2044 3012 2304 3060 versionis
2343 3011 2506 3075 origo,
2545 3015 2741 3061 natura
2775 3016 2831 3061 et
2869 3010 3083 3061 indoles

581 3102 839 3163 quantum
894 3097 1009 3146 fieri
1067 3103 1267 3163 potest,
1332 3098 1607 3163 explorata
1665 3098 1839 3147 fuerit.
1913 3096 1953 3163 ²)
2005 3095 2170 3146 Cuius
2225 3112 2345 3145 cum
2392 3096 2619 3147 Judaeis
2672 3097 3084 3163 disceptationis

580 3186 808 3249 vestigia
856 3186 1026 3250 prima
1073 3185 1218 3249 apud
1264 3200 1304 3235 s.
1343 3186 1615 3235 Justinum
1662 3188 1874 3235 exstant
1917 3186 1980 3234 L.
2018 3199 2059 3233 s.
2099 3200 2144 3233 c.
2181 3184 2246 3233 V.
2295 3200 2347 3248 p.
2387 3185 2502 3233 137.
2567 3183 2848 3249 Origenes,
2886 3202 2976 3249 ep.
3015 3185 3084 3234 ad

583 3271 893 3321 Africanum
947 3288 998 3320 n.
1038 3274 1086 3320 2.
1135 3272 1306 3333 XVII,
1344 3274 1457 3321 23.:
1514 3273 1589 3321 ait
1646 3270 1768 3333 „Sic
1822 3273 1962 3321 enim
2000 3270 2197 3336 Aquila
2238 3269 2524 3320 hebraicae
2572 3270 2789 3321 lectioni
2837 3273 3084 3321 serviens

586 3357 779 3421 edidit3
829 3374 986 3423 quem
1020 3357 1220 3407 Judaei
1256 3358 1583 3423 Scripturam
1634 3358 1922 3408 studiosius
1969 3359 2374 3422 interpretatum
2421 3372 2541 3407 esse
2590 3358 2830 3419 credunt,
2883 3362 2940 3407 et
2979 3374 3083 3424 quo

584 3446 813 3493 maxime
860 3444 941 3493 uti
987 3443 1161 3493 solent
1205 3445 1508 3494 Hebraicae
1557 3444 1775 3510 linguae
1823 3445 2069 3509 imperiti,
2118 3448 2303 3509 utpote
2354 3445 2543 3493 ceteris
2592 3434 2840 3493 omnibus
2890 3444 3085 3493 melius

582 3546 797 3580 sensum
844 3534 1138 3580 assecut0.“
1190 3531 1263 3579 Et
1298 3546 1350 3579 n.
1388 3533 1436 3580 3.
1496 3531 1591 3593 „In
1638 3530 1818 3580 multis
1870 3545 2083 3595 quoque
2130 3529 2248 3579 aliis
2297 3528 2508 3581 Sanctis
2543 3531 2721 3580 Libris
2769 3532 3084 3580 invenimus

582 3617 783 3667 alicubi
820 3616 1031 3682 quidem
1068 3617 1223 3681 plura
1248 3632 1366 3667 esse
1393 3617 1536 3682 apud
1561 3632 1660 3667 nos
1686 3632 1843 3682 quam
1879 3616 2022 3681 apud
2046 3616 2326 3665 Hebraeos
2363 3616 2564 3666 alicubi
2599 3632 2726 3666 vero
2765 3618 3082 3681 pauciora.“

586 3704 666 3753 Cf.
697 3720 741 3753 e.
776 3704 824 3753 d.
860 3703 1160 3769 Augustini,
1198 3703 1264 3753 de
1304 3702 1419 3753 Civ.
1456 3703 1523 3753 D.
1560 3703 1758 3765 XVIII,
1785 3705 1867 3753 43.
1905 3720 1956 3768 p.
1985 3704 2102 3752 287.
2175 3702 2217 3767 3)
2257 3700 2562 3752 Secundum
2599 3703 2652 3753 S.
2689 3703 3084 3769 Epiphanium,

586 3790 650 3839 de
688 3790 846 3855 pond.
886 3796 939 3840 et
974 3806 1139 3839 mens.
1190 3806 1242 3840 n.
1284 3791 1364 3839 14.
1402 3789 1471 3853 II,
1514 3791 1627 3839 170.
1692 3788 1885 3839 Cetera
1930 3792 2108 3838 autem
2146 3803 2284 3854 quae
2321 3788 2518 3839 adiecit
2554 3789 2620 3839 de
2656 3791 2768 3838 vita
2805 3790 3088 3853 rebusque

586 3880 749 3944 gestis
796 3876 1021 3943 Aquilae
1073 3894 1124 3926 n.
1176 3876 1209 3925 l.
1259 3881 1311 3926 et
1358 3893 1400 3926 s.
1457 3877 1747 3942 suspicioni
1803 3877 2034 3926 obnoxia
2088 3891 2206 3925 esse
2254 3876 2517 3925 videntur.
2581 3875 2662 3925 cf.
2708 3874 3088 3937 Montfaucon,

585 3964 980 4030 praeliminaria
1014 3965 1073 4013 in
1108 3963 1359 4029 Hexapla
1395 3980 1439 4012 c.
1466 3964 1515 4025 5,
1544 3967 1590 4013 1.
1615 3980 1669 4028 p.
1693 3964 1778 4011 47.
1840 3961 1881 4028 ⁴)
1919 3963 2205 4012 Enimvero
2232 3960 2284 4011 S.
2309 3962 2582 4023 Irenaeus,
2619 3962 2716 4024 III,
2744 3964 2828 4010 21.
2868 3962 3088 4011 scribit:

591 4052 743 4113 „Non
781 4065 906 4115 ergo
943 4066 1071 4100 vera
1121 4056 1203 4101 est
1238 4050 1571 4114 quorundam
1617 4050 2000 4114 interpretatio,
2055 4050 2146 4114 qui
2193 4050 2272 4097 ita
2319 4048 2520 4097 audent
2563 4048 2906 4113 interpretari
2949 4047 3088 4097 Scri-

586 4144 797 4203 pturam
850 4138 973 4187 Isai.
1025 4138 1073 4199 7,
1125 4138 1206 4187 14.
1278 4137 1425 4186 Ecce
1480 4134 1886 4186 adolescentula
1935 4136 1994 4184 in
2039 4139 2225 4184 ventre
2279 4134 2502 4184 habebit
2555 4138 2608 4183 et
2660 4135 2834 4199 pariet
2888 4134 3090 4199 filium3

588 4223 1033 4290 quemadmodum
1058 4223 1395 4274 Theodotion
1426 4223 1699 4288 Ephesius
1737 4227 1817 4272 est
1852 4223 2230 4287 interpretatus
2257 4226 2310 4271 et
2334 4220 2532 4286 Aquila
2554 4222 2828 4284 Ponticus,
2867 4223 3092 4287 utrique

586 4310 785 4361 Judaei
818 4310 1124 4375 proselyfi.“
1170 4310 1211 4373 I,
1250 4311 1367 4360 532.
1431 4309 1686 4369 Quamvis
1725 4324 1828 4373 quo
1867 4314 2103 4372 tempore
2141 4308 2246 4357 sint
2281 4308 2511 4372 scriptae
2548 4306 2800 4357 laudatae
2839 4308 3090 4373 disputa-

586 4398 761 4448 tiones
798 4397 1018 4447 definire
1057 4396 1423 4446 difficillimum
1459 4397 1543 4458 sit,
1581 4411 1615 4445 a
1650 4410 1776 4445 vero
1814 4400 1995 4447 tamen
2041 4394 2185 4444 haud
2232 4393 2421 4460 procul
2461 4394 2780 4458 discesserit,
2835 4396 2936 4461 qui
2991 4394 3089 4445 sub

586 4484 746 4536 finem
769 4483 1048 4533 Eleutheri
1072 4461 1419 4532 Pontificatus
1456 4498 1597 4533 anno
1635 4483 1844 4532 circiter
1883 4481 1940 4531 C.
1971 4484 2086 4531 192.
2125 4480 2402 4531 absolutas
2438 4495 2558 4530 esse
2590 4483 2857 4532 sumserit.
2911 4481 3003 4531 cf.
3029 4481 3090 4531 R.

588 4571 862 4633 Massueti,
902 4569 969 4620 de
1003 4570 1214 4619 Irenaei
1251 4570 1460 4634 scriptis
1498 4568 1624 4619 diss.
1661 4569 1731 4631 11,
1767 4570 1851 4618 47.
1887 4568 1960 4631 H,
1997 4570 2116 4617 223.
