3309 5300
494 392 619 454 110
1214 403 1450 444 Comment.
1484 403 1535 442 de
1564 405 1607 443 S.
1631 403 1788 454 Script.
1819 415 1913 452 cap.
1945 415 2032 443 sec.
2063 405 2194 443 tract.
2227 403 2262 444 Ι.

490 577 757 626 discimus.
796 578 925 626 Post
962 577 1383 640 Euthymium
1422 577 1615 626 Graeci
1654 577 1706 626 S.
1745 577 1940 625 Literis
1979 576 2310 641 explicandis
2347 591 2542 625 vacare
2580 577 2804 637 desiere,
2845 581 2900 625 et
2935 577 2996 624 in

490 663 598 712 alia
632 691 687 700 ——
730 664 796 712 E.
835 680 879 712 c.
928 663 1201 727 synodica,
1259 663 1523 728 liturgica,
1578 663 1859 727 polemica,
1913 663 2184 724 historica,
2241 662 2624 727 philosophica,
2676 668 2729 711 et
2776 664 2823 712 si
2862 663 2996 727 quid

490 750 677 800 simile.
704 779 771 786 ——
798 751 993 800 abiere.
1051 749 1208 814 Apud
1244 751 1481 812 LatinOS,
1520 754 1579 799 ut
1618 765 1800 798 eorum
1839 765 2051 814 quoque
2099 751 2285 813 paucis
2322 751 2628 798 memoriam
2667 749 2992 810 iniiciamus,

489 836 942 900 Hieronymianae
982 837 1241 885 versionis
1293 837 1567 897 correctiO‚
1620 851 1839 900 prorsus
1875 837 1983 884 iam
2021 836 2090 884 ad
2125 850 2184 884 se
2224 837 2401 884 omnia
2439 836 2774 884 abstraxerat
2812 834 2994 883 erudi-

488 927 661 972 torum
698 923 889 972 studia.
945 923 1008 972 V.
1047 923 1225 972 Beda
1259 923 1315 970 in
1353 923 1820 972 retractationibus
1870 923 1980 972 suis
2033 924 2090 970 in
2125 923 2262 971 Acta
2298 922 2674 986 Apostolorum
2723 937 2852 970 usus
2908 925 2992 970 est

490 1006 594 1056 fide
630 1010 925 1072 pervetusti
963 1009 1161 1058 codicis
1199 1010 1381 1074 graeci
1416 1010 1646 1057 Actuum
1683 1007 2128 1072 Apostolicorum.
2932 998 2948 1005 ”

492 1251 551 1328 ξ.
598 1251 705 1314 45.
751 1247 1064 1311 Notitia
1111 1256 1185 1310 et
1230 1247 1542 1311 Divisio
1594 1247 1970 1312 Codicum
2017 1247 2736 1332 Manuscriptorum
2781 1247 2863 1309 N.
2913 1246 2990 1308 T.

703 1437 897 1487 Graeci
916 1438 1003 1487 vel
1019 1437 1205 1487 Latini
1229 1440 1487 1503 cuiusque
1514 1440 1786 1502 scriptoris
1817 1437 2170 1499 „Classici“
2199 1437 2345 1486 salus
2366 1437 2478 1486 fere
2497 1439 2553 1484 in
2571 1436 2794 1502 singulis
2815 1422 2996 1500 posita

494 1530 577 1574 est
602 1524 1009 1588 exemplaribus,
1049 1540 1225 1589 neque
1248 1524 1407 1572 valde
1442 1525 1693 1588 antiquis,
1729 1539 1905 1588 neque
1945 1525 2152 1572 curiose
2187 1524 2414 1586 scriptis,
2452 1524 2624 1586 iisque
2658 1524 2788 1586 ipsis
2827 1537 2994 1586 saepe

496 1612 815 1676 deperditis3
878 1616 938 1660 ut
992 1612 1126 1660 adeo
1183 1612 1347 1660 dubia
1401 1611 1833 1676 apographorum
1888 1610 2020 1659 fides
2075 1609 2252 1670 fallat,
2319 1616 2372 1658 et
2426 1611 2724 1658 criticorum
2781 1610 2993 1657 animos

495 1713 785 1762 suspensos
832 1703 1029 1746 teneat.
1094 1697 1429 1747 Contrarium
1479 1699 1685 1746 obtinet
1719 1699 1774 1745 in
1810 1698 2022 1744 Divinis
2060 1696 2416 1760 Scriptoribus
2454 1695 2594 1744 Novi
2630 1695 2992 1743 Testamenti:

494 1783 637 1848 apud
687 1799 821 1848 quos
871 1785 926 1832 in
977 1784 1189 1848 singula
1234 1785 1323 1832 vix
1372 1799 1597 1848 usquam
1648 1783 2013 1832 concludimur
2062 1783 2412 1846 exemplaria,
2467 1781 2781 1847 plerumque
2832 1781 2993 1845 longe

492 1870 734 1935 pluribus
796 1871 875 1918 uti
935 1869 1063 1918 licet
1130 1871 1303 1934 iisque
1366 1872 1626 1935 antiquis,
1691 1875 1744 1918 et
1801 1871 1912 1919 fere
1975 1871 2134 1918 etiam
2195 1870 2442 1918 omnibus
2501 1868 2659 1917 valde
2719 1873 2991 1929 accurate,

494 1955 813 2020 quibusdam
868 1971 1075 2005 summa
1130 1971 1251 2005 cum
1300 1956 1403 2006 fide
1458 1972 1523 2005 ac
1578 1956 1837 2021 religione
1889 1957 2114 2020 scriptis.
2179 1955 2442 2018 Quodque
2499 1970 2664 2018 penes
2717 1954 2992 2003 Classicos

494 2041 785 2106 aliquando
836 2043 969 2092 raris
1008 2043 1327 2105 quibusdam
1362 2044 1603 2107 vestigiis
1654 2045 2042 2107 cognoscimus,
2093 2042 2148 2090 id
2193 2043 2250 2090 in
2285 2041 2681 2105 Hagiographis
2730 2046 2991 2104 perpetuo

492 2142 595 2176 usu
631 2129 806 2190 venit3
844 2133 903 2176 ut
939 2143 1077 2192 quae
1115 2144 1222 2177 uno
1263 2129 1558 2193 eodemque
1594 2133 1832 2193 tempore
1871 2128 2115 2177 diversae
2155 2133 2340 2191 gentes
2365 2128 2419 2174 in
2445 2127 2554 2175 suis
2593 2126 2990 2190 exemplaribus

491 2213 739 2278 legerint,
790 2214 1017 2262 testibus
1066 2207 1263 2264 tradita
1310 2221 1586 2265 teneamus
1634 2214 2082 2278 locupletissimis.
2136 2214 2369 2262 Divinae
2415 2214 2577 2277 igitur
2611 2203 2992 2262 Providentiae

492 2299 905 2349 adscribendum
957 2304 1053 2362 est,
1105 2301 1250 2365 quod
1298 2301 1487 2351 multi
1534 2303 1713 2366 iique
1771 2290 2035 2366 antiqui
2090 2305 2152 2349 et
2205 2301 2441 2364 optimi
2497 2300 2766 2348 codices
2815 2301 2881 2348 N.
2929 2300 2991 2347 T.

492 2384 936 2453 msanuscripti
975 2390 1223 2437 servati
1261 2394 1411 2451 sunt3
1452 2404 1676 2452 quorum
1713 2388 2122 2452 descriptionem
2161 2387 2411 2436 exhibent
2447 2385 2569 2434 libri
2604 2387 2991 2446 VVetstenii‚

493 2471 944 2534 Griesbachii,
986 2473 1307 2535 Schulzii,
1345 2475 1571 2538 Hugii,
1614 2474 1934 2536 Scholzii,
1973 2474 2492 2524 Tischendorfii.
2551 2474 2616 2521 In
2650 2472 2734 2522 his
2772 2473 2988 2521 codices

489 2557 659 2607 literis
697 2559 1091 2608 uncialibus
1130 2561 1333 2610 exarati
1370 2563 1649 2626 signantur
1683 2561 1850 2610 literis
1886 2561 2129 2610 latinis
2169 2567 2221 2609 et
2257 2561 2520 2624 graecis
2556 2558 2988 2620 maiusculis3

490 2644 745 2710 reliqui
780 2648 1011 2697 numeris
1050 2649 1372 2709 arabicis,
1412 2648 1509 2697 sub
1550 2647 1744 2712 quibus
1781 2649 1946 2713 signis
1985 2650 2143 2698 etiam
2183 2647 2497 2713 allegantur.

698 2732 1027 2782 Dividuntur
1066 2748 1113 2782 a.
1152 2736 1413 2783 ratione
1450 2748 1634 2783 usus:
1673 2736 1729 2782 in
1768 2733 1993 2785 Codices
2030 2735 2342 2799 publicos
2379 2739 2444 2784 et
2478 2736 2794 2799 privatos.
2851 2733 2989 2782 Inde

492 2818 559 2866 ab
587 2821 707 2884 ipsa
732 2820 1049 2868 collectione
1078 2820 1331 2881 Canonis,
1373 2821 1638 2884 quaedam
1677 2821 1991 2885 apographa
2027 2822 2436 2885 archetyporum
2471 2822 2616 2869 facta
2653 2826 2778 2869 sunt
2805 2822 2873 2870 ab
2901 2822 2984 2881 iis,

495 2904 561 2953 de
600 2921 821 2969 quorum
858 2905 1121 2971 singulari
1156 2905 1261 2955 fide
1288 2910 1341 2955 et
1366 2906 1645 2971 diligentia
1683 2908 1950 2971 episcopis
1975 2907 2340 2956 Ecclesiarum
2378 2908 2542 2972 probe
2581 2909 2893 2970 constabat3
2934 2912 2990 2955 et

494 2992 709 3055 quidem
754 2991 1066 3056 plerumque
1120 3008 1303 3041 omnes
1348 2996 1404 3041 in
1450 3009 1628 3042 usum
1676 2994 2058 3057 liturgicum
2093 3022 2160 3029 —
2193 3010 2242 3041 v.
2269 3008 2310 3042 S.
2336 2993 2624 3055 Justinum,
2649 2994 2804 3057 Apol.
2830 2994 2873 3055 1,
2901 2995 2984 3042 67.

492 3094 545 3141 p.
575 3079 691 3125 159.
718 3105 783 3113 -
809 3080 980 3126 rarius
1006 3080 1063 3127 in
1092 3082 1315 3143 gratiam
1343 3081 1732 3143 episcoporum.
1779 3079 1910 3128 Tale
1949 3080 2111 3130 fuisse
2150 3095 2190 3129 s.
2229 3080 2585 3144 Polycarpi
2625 3080 2983 3145 exemplar,

496 3164 727 3212 ostendit
764 3164 993 3227 epistola
1030 3166 1141 3213 eius
1180 3165 1249 3213 ad
1284 3166 1689 3230 Philippenses:
1736 3167 1792 3214 in
1827 3166 1930 3216 hac
1968 3168 2104 3215 enim
2145 3167 2289 3215 haud
2325 3181 2502 3230 pauca
2539 3167 2884 3230 proferuntur
2921 3183 2986 3215 ex

490 3250 801 3313 Evangeliis
830 3254 885 3299 et
910 3248 1265 3318 Ἀποστολικῷ,
1289 3266 1427 3315 quae
1454 3256 1653 3301 textum
1674 3253 1912 3301 referunt
1937 3253 2227 3317 exemplari
2246 3255 2518 3317 primaevo
2547 3258 2984 3302 consentaneum.

491 3337 849 3385 Vetustissimi
886 3338 1154 3385 enimvero
1193 3338 1407 3386 codices
1444 3354 1567 3387 mss.
1605 3340 1736 3388 mire
1774 3354 1895 3388 cum
1931 3355 1973 3389 s.
2012 3340 2072 3387 P.
2112 3344 2164 3387 et
2202 3339 2252 3388 S.
2287 3339 2354 3388 E.
2393 3341 2624 3403 antiquis
2661 3339 2984 3388 lectionibus

494 3424 802 3486 conspirare
838 3424 1200 3472 inveniuntur.
1240 3422 1486 3473 Ceterum
1522 3426 1662 3473 inter
1697 3426 1912 3475 codices
1938 3425 2318 3487 Ecclesiarum,
2359 3431 2412 3474 et
2447 3428 2778 3489 privatorum
2814 3426 2984 3473 homi-

491 3524 618 3557 num
655 3508 758 3557 hoc
794 3509 905 3557 fere
943 3510 1209 3559 interfuit:
1250 3511 1393 3575 quod
1428 3512 1517 3559 isti
1551 3517 1710 3575 prout
1747 3528 1775 3561 e
1809 3512 2146 3561 librariorum
2181 3512 2428 3561 manibus
2467 3514 2720 3572 exierant,
2770 3513 2983 3577 integri,

492 3596 630 3643 notis
667 3595 1051 3659 marginalibus
1088 3595 1243 3645 liberi
1278 3599 1335 3645 in
1370 3597 1736 3647 Ecclesiarum
1775 3598 2055 3648 tabulariis
2092 3600 2470 3661 remanserint3
2509 3598 2563 3646 hi
2587 3614 2712 3647 vero
2739 3599 2808 3647 ab
2834 3600 2984 3663 ipsis,

490 3681 545 3729 in
574 3696 799 3744 quorum
837 3683 1061 3745 gratiam
1098 3682 1311 3732 fuerant
1347 3686 1649 3750 conscripti,
1690 3688 1866 3734 statim
1904 3685 2015 3733 fere
2053 3686 2191 3734 inter
2227 3685 2396 3733 lineas
2436 3690 2530 3733 aut
2568 3684 2638 3733 ad
2672 3686 2983 3749 marginem,

491 3766 700 3831 glossis,
740 3767 1066 3832 scholiisque
1103 3768 1303 3818 fuerint
1340 3772 1643 3835 conspersi:
1691 3772 2049 3835 maximopere
2096 3772 2152 3819 in
2187 3771 2242 3819 id
2277 3772 2708 3821 incumbentibus
2748 3771 2800 3820 S.
2837 3771 2986 3820 Lite-

487 3867 666 3902 rarum
703 3853 971 3916 studiosis,
1010 3860 1071 3903 ut
1096 3855 1322 3905 Textum
1348 3856 1401 3907 S.
1430 3872 1588 3921 quem
1626 3857 1769 3921 apud
1795 3874 1851 3907 se
1877 3857 2164 3919 habebant,
2205 3858 2603 3922 explicatiorem
2641 3858 2674 3905 i.
2703 3873 2749 3906 c.
2786 3856 2988 3905 intelli-

489 3940 807 4003 gentiaeque
856 3942 1027 4005 magis
1076 3943 1135 3990 in
1183 3942 1296 3991 dies
1345 3958 1409 3991 ac
1454 3945 1625 4007 magis
1679 3944 1931 3993 idoneum
1985 3943 2282 3993 redderent.
2347 3944 2430 3993 Cf.
2479 3942 2766 3992 Clementis
2812 3941 2986 4003 Alex.,

491 4024 681 4076 Strom.
719 4026 809 4087 IV,
848 4029 897 4076 6.
936 4044 988 4092 p.
1022 4030 1141 4077 482.
1178 4028 1565 4079 Annotationes
1604 4036 1782 4080 autem
1818 4031 2130 4081 istiusmodi
2153 4032 2396 4095 primitus
2432 4034 2702 4093 utcunque
2739 4044 2774 4077 a
2809 4029 2988 4077 Textu

487 4111 604 4175 ipso
644 4111 937 4175 distinctas,
989 4113 1185 4163 relatas
1233 4120 1413 4164 tamen
1450 4116 1519 4164 ad
1554 4116 1748 4177 locum,
1799 4132 1954 4181 quem
2002 4116 2318 4180 explicatum
2358 4116 2573 4176 dabant,
2627 4116 2986 4179 descriptores

486 4197 659 4261 ignari
695 4199 1019 4263 pedetentim
1056 4201 1114 4248 in
1152 4216 1345 4265 corpus
1382 4207 1661 4252 contextus
1695 4204 1757 4252 N.
1792 4204 1853 4252 T.
1889 4206 2243 4253 inseruerunt.
2285 4201 2613 4266 Scripturam
2649 4201 2986 4265 singularum

487 4285 799 4348 paginaram
835 4285 1015 4350 plures
1050 4286 1252 4335 librarii
1289 4288 1445 4348 binis,
1486 4290 1645 4351 pauci
1671 4291 1851 4350 ternis,
1891 4288 2058 4352 aliqui
2085 4290 2358 4352 quaternis
2385 4287 2645 4337 columnis
2673 4287 2984 4336 distinxere.

695 4372 921 4421 Ratione
958 4374 1355 4437 scriptionis
1392 4375 1443 4423 b.
1484 4374 1872 4424 distribuuntur
1909 4379 2190 4439 praeterea
2229 4374 2454 4423 Codices
2490 4376 2544 4423 in
2587 4374 2984 4438 unilingues

490 4461 543 4504 et
578 4456 929 4520 bilingues.
966 4458 1052 4507 Illi
1091 4460 1306 4509 nonnisi
1340 4461 1559 4508 unicum
1584 4461 1811 4509 Textum
1850 4459 2192 4522 Graecum,
2230 4459 2285 4508 hi
2319 4464 2530 4524 praeter
2566 4460 2769 4508 fontem
2805 4462 2985 4524 ipsum

486 4543 859 4591 versionem
895 4544 997 4592 sibi
1033 4543 1235 4593 habent
1258 4544 1579 4593 adiunctam.
1617 4545 1666 4594 E
1693 4546 1886 4609 quibus
1909 4561 2092 4595 rursus
2131 4545 2485 4607 Graeco-la
2503 4546 2656 4607 tini,
2697 4561 2922 4609 quorum
2951 4562 2984 4594 e
