3309 5300
465 381 572 432 XII

1227 632 1464 684 LEGES
1515 629 1853 681 ORITIOAE
1899 627 2193 679 SACRAE.

676 816 726 895 5.
765 822 861 876 57.
905 817 995 873 De
1027 817 1242 871 natura
1271 814 1332 869 et
1359 830 1469 867 usu
1515 808 1764 866 Criticae
1795 806 1858 863 in
1888 807 2249 862 universum.
2290 805 2430 859 133.
2464 832 2551 842 —-
2583 797 2633 875 5.
2674 802 2773 855 58.
2820 796 2897 855 Gr
2911 796 2956 853 i-

469 924 622 981 ticae
667 924 879 981 Sacrae
923 920 1073 977 ratio
1119 916 1376 995 qualiter
1425 912 1687 971 ineunda
1732 908 1845 966 sit?
1898 912 2037 965 134.
2086 940 2166 947 —
2212 904 2264 982 5.
2320 909 2417 961 59.
2477 902 2851 961 variantium
2897 900 2961 957 in

469 1029 666 1085 Textu
696 1026 870 1083 Sacro
903 1023 1223 1099 Utriusque
1253 1018 1528 1077 Foederis
1560 1016 1880 1073 lectionum
1913 1012 2185 1087 origines.
2239 1014 2379 1067 136.
2412 1041 2495 1050 ——
2528 1006 2577 1085 5.
2616 1012 2716 1065 60.
2769 1006 2961 1061 Excu-

470 1132 620 1189 titur
679 1130 908 1205 opinio:
971 1128 1026 1185 S.
1071 1106 1403 1184 Literarum
1465 1123 1531 1179 V.
1588 1120 1651 1177 F.
1715 1118 1940 1177 codices
2002 1134 2037 1173 a
2094 1118 2129 1173 J
2135 1114 2333 1172 udaeis
2396 1112 2538 1169 olim
2596 1110 2779 1167 fuisse
2838 1126 2960 1164 cor-

469 1240 690 1309 ruptos.
757 1237 894 1290 137.
953 1264 1038 1273 --
1095 1228 1148 1306 5.
1215 1234 1312 1285 61.
1390 1226 1716 1284 Annotatio
1778 1225 1848 1281 de
1916 1222 2175 1296 ingenua
2233 1219 2454 1276 Textus
2512 1214 2706 1289 graeci
2764 1214 2837 1270 N.
2893 1199 2958 1267 Τ.

473 1338 744 1397 veritate.
810 1341 951 1393 138.
1021 1367 1102 1375 —-
1167 1331 1216 1409 5.
1277 1336 1372 1389 62.
1446 1328 1714 1404 Regulae
1772 1329 1836 1384 in
1897 1324 2211 1383 iudicanda
2272 1321 2618 1379 Lectionum
2676 1315 2963 1375 varietate

469 1440 884 1521 observandae.
938 1443 1078 1495 139.
1129 1470 1211 1478 —
1255 1434 1308 1513 5.
1361 1439 1456 1491 63.
1525 1430 1900 1491 Adminicula
1957 1449 2061 1505 pro
2107 1427 2400 1486 Lectionis
2442 1424 2743 1483 Varietate
2818 1418 2967 1475 diiu-

474 1547 740 1604 dicanda.
797 1548 937 1602 141.

1257 1825 1791 1893 TRACTATUS
1854 1823 2174 1888 ALTER.

566 1974 956 2026 H1sToRIAE
1009 1972 1062 2021 s,
1099 1970 1384 2020 Tnxrus
1434 1969 1501 2019 U.
1540 1968 1601 2018 F.
1649 1968 1727 2017 IN
1776 1965 2091 2017 LINGUAs
2141 1962 2399 2013 VAR1As
2451 1961 2869 2012 TRANSLATI.

682 2150 732 2229 5.
771 2155 871 2208 64.
917 2148 1094 2207 Notio
1142 2147 1438 2218 Versionis
1483 2146 1607 2203 sive
1651 2143 2177 2219 interpretationis,
2236 2144 2376 2199 143.
2423 2173 2506 2181 -
2553 2138 2601 2216 5.
2648 2144 2747 2197 65.
2795 2140 2963 2203 Quae

478 2259 556 2315 sit
609 2255 962 2314 Versionum
1022 2254 1078 2310 S.
1129 2251 1186 2309 S.
1249 2251 1496 2308 utilitas.
1563 2253 1703 2307 144.
1753 2280 1835 2289 -
1882 2246 1932 2324 5.
1991 2252 2087 2305 66.
2151 2245 2500 2303 Versionum
2560 2246 2617 2303 S.
2666 2245 2723 2302 S.
2786 2246 2853 2303 U.
2899 2244 2965 2301 F.

480 2362 721 2437 partitio
781 2365 842 2418 et
895 2360 1074 2417 dotes.
1142 2360 1282 2414 144.
1325 2387 1411 2396 --
1457 2352 1504 2430 5.
1556 2358 1654 2411 67.
1726 2353 2162 2410 Pentateuchus
2223 2350 2641 2407 Samaritanus.
2696 2353 2836 2407 146.
2886 2380 2968 2390 —-

480 2464 528 2543 5.
579 2471 677 2523 68.
736 2464 972 2521 Indoles
1019 2461 1224 2519 critica
1264 2459 1535 2517 Textus
1583 2456 2028 2515 Samaritani.
2081 2458 2221 2511 147.
2270 2486 2357 2497 --
2402 2452 2453 2531 5.
2506 2459 2603 2511 69.
2659 2454 2970 2511 Versiones

477 2568 696 2627 Codicis
741 2568 1261 2625 Samaritanorum.
1316 2567 1459 2620 151.
1508 2594 1592 2603 —-
1639 2560 1691 2638 5.
1737 2540 1845 2620 70.
1894 2560 2071 2633 Origo
2117 2559 2572 2635 Paraphrasium
2620 2558 2967 2616 Chaldaica-

475 2695 623 2732 rum.
675 2678 815 2730 153.
867 2706 943 2713 —-
994 2669 1044 2748 5.
1083 2676 1178 2728 71.
1225 2671 1632 2727 Recensentur
1674 2665 2096 2742 Targumim.
2149 2667 2287 2722 154.
2336 2697 2421 2706 ——
2466 2663 2517 2740 5.
2559 2670 2652 2722 72.
2705 2664 2971 2721 Historia

491 2775 562 2854 ,οἱ
595 2773 1029 2849 Ἑβδομήκοντοιί
1070 2757 1224 2850 apu⁸d
1255 2773 1551 2832 Aristeam
1581 2771 1839 2831 fabulam
1878 2771 2049 2845 sapit.
2090 2774 2228 2827 157.
2265 2801 2349 2808 —-
2383 2768 2434 2846 5.
2475 2774 2570 2826 73.
2618 2768 2967 2841 Discutit-ur,

476 2901 590 2959 quo
633 2887 896 2956 tempore
941 2880 1100 2937 facta
1143 2879 1220 2936 sit
1264 2878 1677 2952 interpretatio
1721 2878 1829 2932 τῶν
1873 2876 2066 2934 LXX.
2112 2879 2249 2932 159.
2284 2853 2377 2915 —-'
2399 2871 2447 2952 5.
2486 2878 2581 2931 74.
2630 2871 2967 2944 Quaeritur,

481 2987 646 3045 cuius
701 2985 952 3043 ambitus
999 2989 1060 3042 et
1103 2983 1318 3040 indolis
1363 2982 1550 3040 fuerit
1593 2983 1701 3037 τῶν
1748 2981 1941 3038 LXX.
1985 2981 2377 3055 interpretum
2424 2976 2771 3036 translatio?
2824 2983 2964 3036 161.

479 3125 553 3132 -
607 3088 656 3166 5.
713 3095 809 3147 75.
877 3089 1320 3145 Enumerantur
1373 3087 1658 3144 editiones
1722 3063 1881 3160 typis
1926 3084 2250 3158 descriptae
2292 3086 2401 3140 τῶν
2446 3084 2643 3143 LXX.
2696 3087 2835 3140 164.
2880 3115 2969 3123 --

480 3193 526 3271 5.
587 3199 684 3250 76.
747 3193 1084 3267 Exponitur
1128 3191 1460 3262 auctoritas,
1523 3208 1640 3266 qua
1699 3190 1839 3247 olim
1901 3189 2163 3264 pollebat
2206 3190 2395 3247 versio
2440 3191 2548 3244 τῶν
2596 3187 2640 3244 ὁ.
2695 3193 2833 3246 166.
2892 3219 2965 3228 --

485 3297 534 3375 5.
607 3303 701 3355 77.
776 3298 867 3355 De
932 3297 1313 3354 Versionibus
1379 3295 1718 3372 Aquilae,
1789 3293 2212 3371 Symmachi,
2282 3293 2829 3363 Theodotionis,
2899 3293 2967 3349 V.

477 3404 578 3460 VI.
631 3401 764 3460 VII.
829 3404 889 3459 et
949 3400 1194 3460 Veneta.
1265 3403 1402 3457 168.
1452 3433 1530 3440 —
1579 3397 1630 3475 5.
1684 3403 1781 3456 78.
1857 3398 1948 3456 De
2011 3398 2383 3472 corruptione
2444 3401 2504 3455 et
2562 3373 2977 3454 emendatione·

477 3507 750 3565 editionis
780 3504 997 3576 LXX.,
1045 3520 1200 3582 quae
1249 3501 1464 3581 ,Κφινήί
1511 3507 1601 3562 est
1645 3505 1817 3562 dicta.
1860 3508 1999 3560 172.
2037 3535 2119 3543 --
2150 3500 2201 3578 5.
2240 3507 2337 3559 79.
2386 3501 2535 3564 Usus
2580 3505 2639 3558 et
2684 3501 2969 3559 editiones

474 3610 736 3668 Textus
783 3608 1241 3683 Hexaplaris.
1295 3613 1435 3694 176.
1477 3640 1545 3649 -
1585 3604 1636 3684 5.
1674 3613 1772 3666 80.
1817 3608 1907 3664 De
1951 3606 2337 3664 translatione
2384 3606 2606 3662 Codicis
2639 3605 2697 3662 S.
2730 3605 2979 3662 Veteris

479 3713 838 3771 Testamenti
896 3712 961 3769 in
1020 3712 1234 3769 idioma
1294 3713 1649 3788 Syrorum.
1719 3716 1856 3768 178.
1912 3743 1994 3752 —
2041 3708 2091 3786 5.
2149 3714 2246 3766 81.
2330 3710 2420 3767 De
2481 3708 2969 3783 interpretatione
3022 3689 3029 3696 ’

483 3817 721 3893 Syriaca
763 3814 836 3872 N.
871 3817 939 3873 F.
985 3817 1222 3890 prisca
1267 3822 1328 3874 et
1372 3816 1839 3875 heracleensi.
1893 3819 2030 3872 184.
2082 3848 2149 3856 ·—
2189 3812 2221 3891 5
2280 3818 2377 3870 82.
2424 3815 2722 3871 Recensus
2768 3813 2971 3870 editio-

480 3940 621 3978 num
681 3923 737 3979 S.
794 3921 850 3977 S.
891 3921 984 3990 U.
1040 3919 1107 3980 F.
1173 3921 1557 3997 Syriacarum.
1629 3926 1767 3978 189.
1824 3953 1903 3960 -
1953 3918 2006 3996 5.
2070 3924 2168 3976 83.
2244 3918 2554 3976 Versiones
2615 3918 2971 3976 Arabicae

479 4026 548 4083 U.
593 4024 657 4081 Τ.
709 4029 848 4081 191.
900 4056 981 4065 —
1031 4022 1092 4101 ς.
1132 4029 1230 4082 84.
1294 4025 1384 4082 De
1439 4025 1722 4082 versione
1780 4022 2229 4098 Aethiopica.
2294 4028 2434 4080 196.
2483 4057 2564 4066 —
2614 4021 2664 4100 g.
2716 4003 2816 4080 85.
2881 4022 2972 4081 De

479 4129 858 4186 Versionibus
889 4129 1380 4204 Aegyptiacis.
1421 4134 1560 4186 197.
1597 4161 1681 4169 —-
1712 4127 1761 4204 5.
1797 4133 1901 4188 86.
1941 4127 2031 4186 De
2063 4127 2344 4186 Versione
2373 4128 2675 4185 Persica.
2712 4132 2855 4185 200.
2889 4160 2971 4168 -—

486 4230 536 4308 5.
587 4237 685 4289 87.
747 4232 837 4289 De
881 4231 1163 4290 Versione
1209 4235 1531 4291 Armena.
1580 4238 1723 4290 201.
1770 4265 1850 4274 —
1899 4231 1951 4308 5.
2002 4235 2100 4288 88.
2158 4232 2481 4290 Annotatio
2526 4231 2859 4307 praeposita
2901 4233 2975 4288 de

482 4336 972 4409 interpretatione
1029 4336 1292 4393 Latina
1351 4335 1405 4392 S.
1462 4337 1520 4394 S.
1586 4341 1727 4393 202.
1787 4369 1867 4376 -—
1928 4333 1978 4410 5.
2046 4339 2143 4392 89.
2217 4337 2306 4393 De
2379 4336 2622 4407 ,Itala‘.
2690 4340 2832 4394 203.
2896 4367 2971 4376 -

482 4437 530 4514 5.
567 4443 662 4496 90.
709 4438 1057 4496 Laudantur
1085 4439 1198 4498 viri
1232 4440 1468 4511 eruditi,
1517 4441 1616 4517 qui
1664 4438 2004 4514 colligendis
2036 4439 2100 4497 in
2128 4460 2313 4498 unum
2352 4440 2700 4514 fragmentis
2746 4440 2971 4512 ,Italae‘

483 4561 717 4618 operam
778 4548 1117 4619 posuerunt.
1186 4549 1324 4601 206.
1391 4579 1463 4585 -
1524 4543 1576 4621 5.
1638 4549 1735 4602 91.
1810 4545 2012 4602 Versio
2072 4543 2129 4600 S.
2178 4545 2622 4620 Hieronymi.
2690 4549 2831 4602 209.
2890 4576 2971 4584 -
