3309 5300
526 399 651 463 186
1232 414 1467 455 comment.
1496 413 1550 455 de
1579 418 1621 455 S.
1642 414 1804 465 script.
1835 426 1927 465 cap.
1957 425 2042 456 soe.
2071 416 2201 457 tract.
2229 414 2287 455 H.

524 586 723 666 Quod
754 586 1050 651 codicem
1083 589 1334 671 attinet,
1370 611 1454 653 ex
1488 612 1617 674 quo
1656 588 1822 652 haec
1862 589 2194 653 translatio
2228 588 2516 653 fluxerit:
2566 600 2708 653 erat
2737 591 3020 673 antiqui-

522 701 671 764 tatis
705 701 1052 783 maximae,
1094 701 1505 765 monimentis
1538 701 1790 765 Textus
1821 702 1900 765 N.
1929 702 2002 765 F.
2039 702 2332 766 nondum
2361 688 2669 766 recensiti
2701 724 3020 765 annume-

521 812 781 877 randus.
814 812 906 877 Ut
936 814 1355 899 antiquitatis,
1378 816 1469 877 ita
1494 816 1688 878 etiam
1723 816 2005 896 ἀκριβείας
2034 814 2228 879 laude
2263 815 2599 897 excelluit3
2635 837 2784 880 cum
2816 814 3018 878 talem

524 948 592 989 se
625 926 1016 1011 praestiterit
1048 924 1319 1010 Syrus,
1352 929 1462 1012 qui
1494 929 1751 1011 graecis
1781 927 1982 991 literis
2017 938 2324 992 accurate
2355 930 2684 992 institutus
2709 937 2774 992 et
2805 928 3022 992 omnis

522 1040 781 1122 generis
809 1038 1170 1102 eruditione
1195 1038 1463 1123 politus3
1488 1042 1553 1102 in
1578 1039 1796 1104 multis
1818 1039 1980 1104 locis
2004 1042 2293 1104 maxima
2317 1038 2728 1126 simplicitate
2748 1040 3019 1125 fideque

524 1174 572 1214 s,
608 1150 925 1215 Codicem
968 1152 1141 1216 Novi
1173 1151 1576 1215 Testamenti
1620 1153 2089 1238 interpretatus
2135 1152 2331 1216 fuerit
2356 1157 2393 1217 ¹.
2459 1152 2746 1217 Tantum
2789 1162 3018 1215 tamen

524 1262 729 1345 abest,
756 1273 825 1327 ut
852 1266 989 1328 eius
1011 1266 1282 1329 virtutes
1308 1264 1517 1329 solum
1539 1287 2024 1348 recenseamus,
2050 1268 2207 1330 vitia
2233 1287 2498 1351 quoque
2521 1266 2710 1331 huius
2733 1264 3012 1331 transla-

522 1378 715 1440 tionis
738 1385 966 1440 taxare
994 1387 1267 1463 oportet.
1298 1376 1563 1441 Accidit
1584 1400 2061 1464 saepenumero
2088 1379 2239 1443 hinc
2261 1380 2621 1465 interpreti,
2639 1390 2712 1443 ut
2726 1402 3014 1464 graecae

525 1490 832 1553 orationis
877 1488 1295 1572 brevitatem,
1346 1492 1782 1555 concinnitate
1847 1492 2219 1555 aramaica2
2268 1494 2530 1576 assequi
2574 1514 2707 1555 non
2751 1502 3018 1576 posset3

525 1624 653 1686 qua
684 1604 1072 1666 necessitate
1105 1625 1369 1687 pressus
1394 1603 1676 1666 Textum
1704 1605 2121 1689 originarium
2153 1626 2287 1667 non
2317 1602 2604 1667 reddidit
2627 1602 2712 1667 ad
2735 1602 3018 1667 literam.

524 1714 737 1799 Saepe
786 1714 978 1778 aliam
1020 1714 1493 1779 vocabulorum
1541 1715 2132 1780 construendorum
2175 1717 2497 1780 rationem
2541 1716 2892 1800 ingressus,
2945 1716 3020 1777 in

522 1826 661 1890 aliis
685 1825 944 1909 adiecit,
968 1828 1036 1889 in
1058 1827 1197 1913 aliis
1224 1828 1466 1911 omisit3
1498 1828 1810 1893 nonnulla
1832 1851 2011 1911 vero,
2048 1850 2216 1913 quae
2241 1851 2372 1892 non
2405 1828 2745 1911 intellexit,
2781 1851 2870 1892 ex
2893 1851 3016 1892 suo

521 1940 781 2023 ingenio
828 1942 1289 2024 interpretatus
1337 1950 1435 2003 est
1456 1943 1497 2003 3.
1554 1938 1862 2003 Ceterum
1907 1940 2099 2004 valde
2147 1939 2534 2025 disputatur,
2581 1951 2798 2004 utrum
2844 1941 3018 2005 haec

521 2051 855 2116 translatio
919 2054 1296 2137 incorrupta
1358 2052 1442 2115 ad
1503 2063 1792 2129 nostram
1853 2054 2235 2117 memoriam
2296 2056 2698 2138 pervenerit,
2760 2053 2868 2117 vel
2929 2041 3020 2118 an

524 2163 792 2229 eosdem
840 2186 1003 2249 quos
1052 2164 1333 2247 ,Latina‘
1382 2188 1571 2228 casus
1622 2176 1898 2250 experta
1943 2164 2182 2229 fuerit?
2233 2165 2384 2229 Non
2430 2165 2669 2229 desunt
2715 2166 2950 2230 eruditi
2968 2170 3018 2249 ⁴,

526 2278 635 2361 qui
680 2299 1080 2362 magnopere
1127 2287 1453 2360 verentur,
1501 2300 1583 2341 ne
1629 2279 1760 2339 iam
1800 2276 2212 2362 Ephraemus
2257 2276 2560 2343 habuerit
2607 2300 2754 2342 eam
2800 2302 2840 2341 a
2874 2302 3017 2343 cor-

522 2388 881 2455 rectoribus
937 2398 1345 2475 corruptam3
1395 2390 1513 2454 sed
1559 2413 1756 2475 quam
1802 2411 2034 2475 parum
2080 2390 2208 2455 hoc
2255 2389 2729 2476 praeiudicium
2774 2389 3016 2472 valeat,

522 2499 671 2563 inde
702 2510 903 2586 patet,
946 2502 1124 2586 quod
1156 2500 1235 2565 de
1267 2501 1772 2587 interpolatione
1806 2501 1954 2587 Syri
1984 2503 2064 2567 N.
2099 2503 2172 2565 F.
2209 2503 2486 2567 Veteres
2521 2503 2719 2566 altum
2753 2503 3012 2566 sileant.

523 2613 792 2678 Interim
855 2616 1149 2699 quamvis
1209 2614 1616 2679 librariorum
1678 2614 1932 2680 mendis
1993 2617 2362 2679 versionem
2422 2615 2502 2680 N.
2551 2616 2625 2680 F.
2689 2617 3017 2702 syriacam

522 2727 835 2790 infectam
866 2728 1085 2810 fuisse,
1120 2731 1406 2792 omnium
1438 2730 1701 2792 minime
1733 2728 2161 2810 inficiemur-'²3
2195 2738 2416 2792 tamen
2443 2731 2749 2793 eximiam
2774 2729 3018 2815 Syrum

734 2870 771 2936 ¹)
808 2870 892 2919 Ad
932 2872 1219 2918 virtutes
1271 2870 1599 2918 versionis
1651 2871 1956 2934 syriacae
2006 2868 2339 2918 referendum
2379 2885 2498 2919 esse
2536 2876 2758 2920 censent
2795 2871 3018 2920 eruditi:

523 2958 665 3022 quod
704 2973 861 3006 voces
899 2957 963 3006 N.
1001 2957 1063 3005 Τ.
1102 2957 1428 3022 emphaticas
1466 2956 1726 3005 eiusmodi
1762 2956 1952 3005 reddat
1986 2955 2238 3020 loquendi
2273 2955 2530 3017 formulis,
2570 2958 2764 3022 quibus
2801 2957 3020 3007 illarum

521 3060 706 3094 sensus
732 3044 924 3093 vividis
951 3043 1254 3108 depingitur
1280 3043 1561 3092 coloribus
1595 3043 1680 3091 Ad
1703 3044 1982 3108 primarias
2009 3057 2164 3106 porro
2192 3042 2341 3092 dotes
2361 3043 2425 3091 N.
2449 3043 2510 3092 T.
2537 3045 2731 3107 syriaci
2756 3046 3017 3110 pertinet:

522 3132 663 3197 quod
701 3136 888 3180 auctor
926 3131 1039 3179 cius
1076 3132 1131 3177 in
1169 3129 1495 3194 explicandis
1533 3131 1757 3179 vocibus
1807 3130 2104 3190 aramaicis,
2154 3131 2279 3179 item
2317 3131 2494 3180 verbis
2544 3133 2750 3196 graecis
2801 3134 3018 3182 concise

520 3221 706 3283 positis
744 3215 1069 3267 illustrandis
1106 3217 1388 3281 plurimum
1425 3217 1692 3278 conferat3
1733 3215 1925 3266 dubiae
1964 3221 2141 3265 autem
2165 3217 2253 3266 vel
2279 3219 2560 3282 ambiguae
2599 3217 3016 3283 significationis

519 3305 913 3371 propositiones
952 3305 1301 3353 determinare
1339 3305 1632 3352 consuevit.
1695 3303 1944 3367 Denique
1983 3305 2148 3352 virtus
2185 3307 2445 3354 versionis
2495 3307 2736 3369 syriacae
2773 3309 2828 3355 in
2867 3311 3014 3355 recte

520 3394 705 3457 positis
732 3393 1112 3441 sententiarum
1144 3392 1662 3455 interpunctionibus
1701 3392 2039 3454 conspicitur.
2086 3391 2217 3440 Inde
2254 3407 2363 3440 non
2402 3393 2516 3441 sine
2553 3407 2720 3441 causa
2755 3397 3018 3459 tanquam

519 3478 802 3529 utilissima
826 3494 858 3528 a
883 3479 1009 3526 viris
1037 3478 1205 3526 doctis
1233 3477 1352 3541 Syri
1390 3477 1575 3526 sedula
1610 3477 1770 3526 lectio
1799 3483 1852 3526 et
1881 3477 2094 3526 collatio
2134 3478 2502 3527 commendata
2535 3485 2631 3528 est.
2670 3479 3019 3545 Elegantiam

520 3567 780 3616 versionis
820 3567 1059 3629 syriacae
1092 3565 1311 3628 eiusque
1338 3579 1467 3630 prae
1494 3563 1612 3614 aliis
1649 3565 2079 3629 praerogativam
2115 3563 2434 3614 laudarunt:
2472 3564 2763 3628 walton,
2802 3566 3017 3633 Proleg.

521 3654 669 3702 XIII.
698 3671 746 3718 p.
777 3655 894 3702 504.
944 3653 994 3701 J.
1023 3652 1084 3700 R.
1111 3651 1267 3714 Rus,
1306 3652 1370 3700 de
1407 3651 1622 3716 linguae
1663 3669 1765 3716 syr.
1806 3667 1904 3701 usu
1943 3654 1997 3700 in
2037 3653 2100 3700 N.
2127 3652 2187 3700 T.
2225 3652 2347 3701 Jen.
2380 3653 2528 3701 1702.
2578 3653 2630 3702 J.
2655 3654 2744 3703 Fr.
2769 3654 3016 3715 Bernd‚

521 3741 857 3790 schediasma
894 3740 959 3788 de
997 3739 1259 3804 primariis
1296 3740 1439 3802 quib.
1468 3739 1615 3788 Vers.
1645 3755 1748 3803 syr.
1778 3740 2058 3788 virtutibus
2096 3740 2152 3787 in
2190 3753 2336 3802 quor.
2363 3739 2397 3787 l.
2424 3739 2488 3787 N.
2515 3740 2575 3788 T.
2603 3739 2790 3790 illustr.
2827 3756 3018 3806 consp.

520 3826 645 3876 Hal.
688 3828 837 3876 1732.
898 3824 1187 3887 Reusch,
1238 3824 1401 3889 Syrus
1449 3841 1493 3873 c.
1533 3826 1567 3873 f.
1606 3826 1670 3874 N.
1709 3826 1770 3874 T.
1820 3839 2014 3889 graeco
2065 3824 2184 3874 coll.
2234 3825 2382 3889 Lips.
2424 3826 2576 3875 1741.
2635 3826 2710 3876 Μ.
2747 3827 3017 3887 Weber,

522 3914 586 3963 de
640 3929 739 3962 usu
790 3927 925 3963 vers.
974 3929 1077 3977 syr.
1129 3912 1359 3960 hermen.
1416 3913 1562 3976 Lips.
1616 3912 1764 3960 1778.
1837 3911 1923 3959 Fr.
1974 3910 2366 3972 Uhlemann,
2424 3911 2490 3961 de
2538 3912 2778 3963 Version.
2834 3914 2899 3962 N.
2947 3915 3018 3962 Τ.

522 4001 858 4065 Syriacamm
896 4001 1075 4048 critico
1113 4014 1229 4048 usu.
1268 3997 1442 4047 Berol.
1473 4001 1622 4047 1850.
1663 4016 1714 4063 p.
1755 3999 1801 4046 7.
1839 4013 1880 4047 s.
1931 3997 2384 4060 Wichelhaus‚
2426 3987 2592 4048 de'N.
2631 4000 2693 4048 T.
2731 4016 2868 4050 vers.
2907 4017 3019 4064 syr.

521 4105 571 4152 p.
614 4089 696 4136 87.
735 4105 776 4136 s.
826 4068 1272 4146 Miniscalchi‚
1311 4084 1344 4133 l.
1385 4101 1428 4134 c.
1469 4102 1517 4149 p.
1552 4085 1797 4134 XXXIX.
1837 4101 1877 4138 s.
1953 4084 1992 4149 ²)
2032 4085 2184 4134 Unus
2223 4101 2308 4147 ne,
2346 4101 2416 4134 an
2453 4086 2634 4150 plures
2675 4085 2726 4135 S.
2753 4086 3016 4136 Codicem

496 4151 583 4224 ¹N.
610 4175 671 4223 F.
698 4175 1027 4238 interpretati
1066 4173 1293 4222 fuerint?
1332 4174 1383 4220 in
1411 4173 1724 4237 quaestione
1762 4173 1994 4236 positum
2033 4171 2274 4221 habetur.
2315 4171 2449 4222 Cum
2487 4175 2697 4238 graecis
2737 4174 3019 4224 codicibus

518 4261 783 4311 interdum
821 4261 948 4308 facit
986 4261 1164 4323 Syr-m,
1204 4261 1296 4309 ubi
1333 4258 1410 4307 illi
1449 4274 1480 4307 a
1516 4264 1699 4307 nostra
1736 4258 1970 4323 Vulgata
2009 4258 2328 4325 discrepant.
2405 4260 2444 4325 3)
2486 4259 2567 4309 Cf.
2608 4261 2670 4310 G.
2709 4261 2770 4310 B.
2809 4262 3017 4324 Winer,

521 4353 801 4397 comment.
842 4347 907 4395 de
944 4361 1082 4396 vers.
1122 4347 1183 4394 N.
1223 4347 1283 4394 T.
1324 4362 1428 4410 syr.
1466 4361 1566 4395 usu
1605 4346 1788 4394 critico
1829 4350 1985 4395 caute
2022 4346 2367 4396 instituenda
2417 4347 2527 4396 Erl.
2570 4349 2720 4397 1823.
2757 4365 2808 4414 p.
2850 4351 2932 4398 12.
2972 4366 3018 4398 s.

521 4434 561 4498 ⁴)
601 4434 665 4482 E.
693 4450 742 4499 g.
782 4433 843 4482 A.
870 4433 928 4482 P.
968 4433 1032 4481 de
1069 4433 1331 4497 Lagarde,
1370 4433 1435 4482 de
1461 4433 1612 4482 Novo
1640 4433 1984 4482 Testamento
2023 4433 2092 4482 ad
2115 4433 2434 4482 Versionum
2461 4433 2815 4484 Orientalium
2853 4435 3018 4484 fidem

522 4520 746 4570 edendo.
796 4518 969 4569 Berol.
999 4521 1149 4568 1857.
1178 4537 1227 4584 p.
1256 4521 1303 4568 3.
1367 4520 1409 4584 5)
1448 4520 1493 4568 A
1521 4536 1561 4570 s.
1586 4518 1880 4584 Ephraemi
1912 4526 2102 4582 aetate,
2143 4520 2364 4584 quodvis
2403 4521 2514 4568 fere
2551 4520 2708 4571 huius
2733 4523 3019 4572 versionis

524 4621 730 4656 comma
766 4607 1060 4655 censoriam
1098 4621 1277 4656 curam
1313 4606 1650 4657 librariorum
1690 4611 1967 4672 expertum
2007 4613 2101 4657 est.
