3309 5300
570 436 699 502 266
1265 448 1502 491 comment.
1532 449 1585 490 de
1614 452 1657 489 S.
1679 449 1891 501 scriptur.
1922 462 2014 501 cap.
2043 450 2150 491 tert.
2180 450 2289 491 sect.
2317 449 2352 489 1.

568 630 723 705 leges
762 632 948 687 iustae
986 628 1044 687 S.
1076 628 1409 687 Bibliorum
1450 629 1863 705 explicationis
1907 608 2314 687 examinatum
2357 632 2436 687 sit
2473 629 2539 686 in
2569 632 2828 687 medium
2869 631 3048 688 veluti

568 755 802 795 sensum
848 733 1217 810 spiritualem
1262 734 1536 809 proferat.
1600 732 1839 809 Duplex
1874 734 2172 793 enimvero
2219 734 2506 807 distingui
2545 735 2733 809 potest
2771 735 3048 795 eiusmodi

568 859 767 897 sensus
812 856 867 897 α.
899 838 1052 897 alter
1096 858 1255 895 mere
1296 838 1646 909 adscitus,
1687 840 2040 915 ingenioque
2071 843 2131 896 et
2160 843 2287 897 arte
2317 838 2642 915 quaesitus3
2692 839 2839 916 quin
2870 839 3051 896 ullum

570 946 634 1002 in
674 964 737 1001 re
775 944 902 1019 ipsa
931 943 989 1000 S.
1023 943 1082 1002 S.
1114 943 1567 1001 fundamentum
1598 943 1806 1000 subsit.
1868 942 2041 1000 Alter
2082 939 2134 1013 β.
2180 963 2296 1000 non
2338 948 2464 1000 arte
2505 943 2694 1000 solum
2739 944 3048 1021 quaesitus,

568 1049 666 1105 sed
696 1050 763 1105 in
794 1068 858 1104 re
887 1049 1015 1123 ipsa
1046 1048 1497 1105 fundamentum
1528 1048 1767 1117 habens,
1812 1049 1914 1125 qui
1954 1047 2198 1123 proinde
2229 1054 2288 1105 et
2318 1068 2544 1105 summo
2574 1049 2770 1105 studio
2813 1048 3053 1108 investi-

568 1154 791 1227 gandus
822 1153 954 1210 erit.
1017 1152 1185 1210 Certe
1224 1172 1270 1209 s.
1303 1153 1526 1224 Patres,
1569 1152 1672 1229 qui
1704 1153 2116 1227 Apostolorum
2147 1152 2412 1226 vestigiis
2446 1153 2814 1223 insistebant,
2857 1158 3054 1210 contra

569 1276 867 1315 excessum
926 1256 1267 1330 allegoricae
1327 1258 1832 1332 interpretationis
1893 1256 2347 1313 insurrexerunt
2377 1254 2430 1326 ¹;
2485 1260 2640 1334 quod
2699 1259 2782 1314 sic
2843 1257 3054 1315 veritas

568 1362 627 1419 S.
664 1362 1002 1438 Scripturae
1048 1362 1368 1419 contemtui
1416 1366 1766 1437 exponatur.
1830 1364 1920 1417 Ac
1960 1362 2253 1436 imprimis
2286 1362 2337 1419 I.
2371 1362 2606 1438 quidem
2644 1363 2705 1418 id
2749 1380 2857 1436 pro
2887 1362 3052 1418 indu-

570 1467 760 1524 bitato
800 1468 1021 1523 censeri
1052 1467 1238 1538 debet,
1279 1486 1511 1523 sensum
1550 1467 1868 1542 mysticum
1906 1466 2210 1540 proprium
2249 1486 2370 1523 esse
2410 1466 2638 1523 Veteris
2667 1466 3049 1534 Testamenti3

568 1569 714 1627 illud
760 1566 936 1627 enim'
966 1570 1189 1644 figuris,
1243 1569 1558 1643 allegoriis,
1609 1571 1892 1647 symbolis
1941 1590 2032 1625 res
2083 1571 2158 1627 N.
2202 1570 2268 1627 Τ.
2317 1572 2810 1645 repraesentabat.
2875 1569 2954 1626 Et
2993 1589 3052 1626 re

567 1675 804 1752 quidem
851 1694 1025 1733 vera:
1070 1677 1129 1731 si
1174 1675 1360 1732 finis
1408 1676 1617 1748 Legis
1664 1675 1996 1732 Christus
2042 1680 2179 1744 est;
2221 1676 2371 1751 quod
2415 1674 2854 1733 Testamentum
2897 1674 3048 1730 aliud

568 1784 983 1854 exspectemus,
1018 1779 1183 1836 cuius
1214 1781 1399 1838 veluti
1433 1781 1497 1835 in
1528 1780 1602 1837 N.
1631 1779 1698 1835 Τ.
1731 1781 1923 1853 imago
1953 1780 2238 1836 habeatur
2259 1775 2301 1836 ².
2349 1778 2540 1841 Quam
2571 1780 2830 1835 maxime
2861 1783 3050 1835 autem

568 1884 1029 1955 hallucinantur,
1082 1886 1184 1962 qui
1225 1888 1409 1941 totam
1455 1884 1513 1941 S.
1555 1884 1613 1941 S.
1654 1886 1720 1940 in
1768 1883 2072 1957 allegorias
2111 1884 2467 1942 convertunt
2485 1881 2540 1941 3:
2596 1903 2728 1941 cum
2773 1882 2941 1940 nulla
2979 1884 3054 1939 sit

568 1991 910 2060 auctoritaS,
956 2008 1105 2066 quae
1135 1989 1196 2046 id
1228 1990 1460 2047 credere
1500 1993 1698 2061 cogat3
1743 1993 1803 2046 et
1838 1988 1926 2045 ita
1961 1989 2227 2045 hostibus
2265 1988 2666 2047 Rev-elationis
2705 1993 3046 2062 supernatu-

569 2093 710 2150 ralis
739 2112 881 2149 ansa
911 2094 1099 2163 detur,
1142 2112 1218 2151 ex
1255 2091 1591 2151 huiusmodi
1623 2094 2111 2169 interpretatione
2141 2093 2390 2151 Divinos
2423 2094 2630 2151 Libros
2661 2093 2966 2167 aspernari
2993 2098 3047 2149 et

566 2197 833 2255 irridere.
895 2197 970 2254 In
1014 2200 1174 2255 hunc
1218 2198 1275 2255 S.
1320 2198 1380 2255 S.
1429 2217 1663 2256 sensum
1715 2199 1982 2256 venando
2033 2198 2070 2253 J
2073 2198 2242 2254 udaei
2296 2197 2641 2272 praesertim
2696 2197 3048 2253 desudarunt

567 2302 842 2372 Kabalae,
888 2303 1014 2360 sive
1060 2321 1305 2360 arcanae
1354 2302 1411 2359 S.
1447 2301 1784 2377 Scripturae
1834 2300 2234 2377 explicationi,
2277 2301 2514 2359 addicti.
2575 2301 2666 2357 II.
2713 2300 3044 2372 caveamus,

566 2424 640 2462 ne
670 2406 735 2463 in
766 2425 999 2463 sensum
1032 2406 1401 2481 spiritualem
1440 2406 1715 2481 usurpari
1759 2411 2028 2481 putemus
2059 2407 2132 2463 ab
2174 2405 2370 2483 aliquo
2415 2404 2838 2480 Hagiographo
2877 2406 3049 2462 verba

566 2514 671 2567 aut
716 2510 1035 2567 sententias
1084 2510 1360 2580 alterius3
1404 2530 1538 2567 cum
1568 2512 1674 2567 has
1725 2511 1959 2587 quidem
1998 2508 2132 2567 aliis
2162 2510 2335 2565 rebus
2367 2510 2698 2566 accomodat
2739 2510 3048 2565 secundum

568 2613 828 2692 aliquam
872 2614 1355 2686 similitudinem,
1412 2634 1560 2692 quae
1609 2614 1925 2672 intercedit
1972 2632 2138 2672 voces
2185 2613 2341 2689 ipsas
2387 2613 2546 2672 inter
2589 2618 2649 2672 et
2691 2633 2815 2670 rem
2859 2612 3048 2672 verbis

568 2717 801 2796 illisque
830 2719 1137 2776 sententiis
1167 2720 1548 2792 designatam.

817 3013 875 3089 ξ.
928 3011 1071 3076 113.
1117 3007 1412 3072 Utrum
1473 3009 1853 3085 σύμβολον
1917 3016 1996 3071 et
2053 3011 2274 3081 τύπος
2320 3006 2805 3070 differant?

776 3204 1207 3280 Respondemus
1250 3204 1609 3263 affirmative
1648 3203 2009 3282 dicimusque
2055 3203 2122 3276 ,Τ
2137 3223 2268 3281 ypo
2281 3206 2327 3260 s‘
2372 3223 2407 3260 a
2435 3204 2611 3260 meris
2644 3201 3048 3282 ,Symbolis‘

567 3310 941 3366 secernendos
972 3327 1115 3378 esse3
1150 3327 1336 3386 neque
1358 3328 1465 3383 pro
1489 3310 1649 3385 typis
1675 3309 1892 3364 habere
1921 3307 2059 3364 licet
2082 3327 2190 3377 res,
2219 3327 2248 3363 e
2273 3308 2486 3385 quibus
2517 3311 2752 3364 tantum
2775 3305 3049 3365 similitu-

568 3414 733 3470 dines
761 3414 1077 3471 ducuntur.
1120 3412 1424 3470 Nimirum
1448 3415 1750 3471 attendere
1775 3417 2001 3489 oportet
2031 3414 2318 3488 ,typum‘
2352 3413 2508 3469 inter
2522 3416 2591 3467 et
2621 3410 3048 3487 ,symbolum‘

566 3518 786 3591 grande
810 3517 1122 3575 discrimen
1144 3518 1530 3588 intercedere3
1564 3518 1719 3595 quod
1749 3537 1826 3574 ex
1856 3517 1984 3592 ipsa
2006 3516 2348 3574 definitione
2373 3517 2676 3592 utriusque
2709 3521 2914 3591 sponte
2953 3535 3052 3572 sua

568 3622 851 3699 sequitur.
894 3621 1330 3698 Symbolum,
1366 3619 1427 3677 τὸ
1460 3617 1755 3694 σύμβολον,
1790 3625 1876 3678 est
1907 3621 2188 3695 signum
2225 3637 2350 3695 pro
2381 3621 3049 3696 repraesentatione

568 3726 910 3784 veritatis
952 3726 1313 3784 cuiusdam
1352 3726 1926 3802 supersensualis
1959 3731 2028 3784 et
2056 3725 2508 3795 invisibilis,
2560 3744 2734 3802 quae
2764 3725 2843 3782 ad
2873 3722 3048 3780 rela-

568 3829 805 3888 tiones
847 3831 1065 3888 Deum
1109 3833 1305 3889 inter
1348 3836 1416 3889 et
1458 3831 1775 3888 homines
1821 3828 2166 3907 spectat4.
2229 3829 2494 3907 Typus‚
2540 3825 2569 3884 ὁ
2603 3826 2784 3900 τύπος,
2819 3833 2906 3886 est
2945 3847 3049 3885 res

569 3953 741 4011 quae
786 3953 873 3991 ex
919 3934 1335 3993 intentione
1383 3935 1654 3994 Divina
1698 3935 1888 3992 facta
1944 3938 2076 4005 est,
2133 3935 2214 3992 ad
2264 3953 2410 3990 rem
2461 3934 2680 3990 aliam
2731 3932 3050 3990 futuram

784 4211 819 4277 1)
857 4212 922 4260 E.
964 4227 1011 4276 g.
1050 4209 1105 4260 S.
1142 4210 1495 4276 Epiphanius,
1534 4226 1617 4276 ep.
1656 4210 1728 4260 ad
1762 4209 1959 4258 Joann.
1999 4225 2082 4274 ep.
2121 4208 2268 4257 Hier.
2295 4208 2364 4270 II,
2402 4209 2520 4256 315.
2547 4224 2590 4257 s.
2630 4207 2682 4257 S.
2708 4207 3047 4272 Augustinus,

570 4302 758 4347 contra
792 4297 1051 4346 Faustum
1102 4299 1183 4359 12,
1224 4299 1269 4346 7.
1308 4314 1349 4347 s.
1386 4297 1534 4358 VIII,
1574 4298 1692 4346 230.
1731 4312 1772 4345 s.
1830 4295 1882 4345 S.
1920 4295 2297 4358 Hieronymus,
2345 4295 2402 4343 in
2447 4294 2590 4343 Dan.
2631 4297 2712 4356 10,
2749 4295 2797 4342 4.
2855 4294 3047 4354 „conti-

571 4390 801 4446 cescant,
840 4385 932 4449 qui
966 4386 1227 4450 imagines
1264 4389 1318 4432 et
1352 4385 1567 4433 umbras
1593 4385 1649 4432 in
1674 4383 1900 4432 veritate
1938 4387 2271 4447 quaerentes,
2310 4383 2482 4446 ipsam
2519 4385 2781 4430 conantur
2817 4385 3048 4430 evertere

570 4473 895 4522 veritatem.“
972 4471 1011 4536 2)
1053 4470 1189 4520 Coll.
1226 4470 1391 4520 Hebr.
1430 4472 1479 4532 9,
1522 4473 1601 4520 16.
1642 4471 1724 4519 17.
1777 4469 1895 4520 Gal.
1933 4472 1984 4531 3,
2033 4469 2114 4518 15.
2189 4469 2230 4534 3)
2271 4468 2352 4518 cf.
2390 4468 2454 4518 A.
2490 4467 2542 4517 J.
2583 4467 2793 4532 Onymi,
2841 4467 2904 4516 de
2947 4482 3048 4516 usu

568 4559 1018 4623 interpretationis
1056 4557 1377 4622 allegoricae
1414 4559 1469 4609 in
1506 4558 1569 4610 N.
1607 4557 1670 4609 F.
1708 4557 1923 4610 tabulis.
1961 4557 2242 4625 Bamberg.
2284 4556 2436 4605 1803.
2473 4571 2524 4626 p.
2566 4556 2647 4610 19.
2686 4569 2726 4606 s.
2799 4554 2840 4624 ⁴)
2877 4554 2937 4607 V.
2975 4553 3042 4608 H.

570 4645 633 4698 R.-
664 4645 738 4698 D.
776 4645 841 4698 V.
876 4645 939 4694 Τ.
978 4661 1028 4710 p.
1068 4647 1185 4694 139.
1226 4663 1268 4696 s.
