3309 5300
550 423 632 486 98
1278 437 1513 477 Commeat.
1544 437 1598 477 de
1627 436 1669 476 S.
1691 437 1849 487 Script.
1881 447 1973 486 cap.
2003 448 2090 476 sec.
2119 438 2247 478 tract.
2273 437 2308 476 Ι.

548 609 827 658 Bononiae
850 611 999 659 1482.
1024 611 1080 658 in
1104 609 1297 675 vulgus
1325 611 1527 660 exierat
1550 611 2046 663 Pentateuchus
2072 610 2426 660 hebraicus
2453 626 2574 660 cum
2598 612 2827 676 punctis,
2855 611 3046 660 addita

547 695 871 760 Paraphrasi
898 697 1177 746 chaldaica
1212 701 1265 746 et
1299 699 1678 748 commentario
1702 697 1766 746 R.
1795 697 2094 747 Salamonis
2121 697 2321 746 Jarchi.
2371 697 2742 762 Prophetas
2780 699 3041 762 priores

550 799 670 830 cum
695 781 927 831 Kimchii
952 785 1328 833 commentario
1356 799 1404 834 a.
1434 785 1585 834 1486.
1615 785 1916 849 imprimere
1942 785 2180 849 aggressi
2205 787 2329 833 sunt
2365 783 2787 847 Soncinates3
2826 785 3042 834 excusis

547 871 637 916 vix
665 869 1026 934 prioribus,
1066 871 1243 919 statim
1274 870 1434 920 iidem
1462 885 1679 936 operam
1706 872 2092 921 convertebant
2117 871 2186 920 ad
2216 871 2626 936 posteriores
2663 872 2804 936 typis
2842 871 3042 920 descri-

548 954 768 1004 bendos.
819 955 921 1015 Qui
963 961 1277 1021 supererant
1311 956 1934 1022 Hagiographorum
1969 957 2090 1007 libri
2128 956 2404 1022 hucusque
2439 957 2627 1006 inediti
2661 957 2906 1022 Neapoli,
2941 957 3043 1006 ubi

549 1041 777 1105 plurima
802 1056 972 1106 eaque
998 1044 1229 1108 insignia
1256 1029 1630 1092 enumerantur
1656 1059 1697 1092 s.
1719 1044 1832 1092 XV.
1861 1043 2003 1092 edita
2025 1043 2398 1093 hebraicorum
2421 1047 2668 1108 typorum
2693 1044 3041 1104 monimenta,

550 1142 596 1176 a.
631 1129 781 1176 1487.
820 1128 1144 1193 prodierunt.
1199 1127 1451 1194 Singulae
1477 1131 1583 1178 iam
1616 1129 1914 1179 Bibliorum
1948 1129 2336 1178 Hebraicorum
2361 1133 2540 1194 partes
2569 1144 2808 1178 seorsum
2844 1128 3041 1178 hucus-

549 1228 653 1278 que
689 1216 852 1264 variis
890 1216 1231 1281 temporibuS‚
1272 1231 1336 1264 ac
1374 1216 1597 1265 diversis
1635 1217 1795 1264 etiam
1831 1217 1886 1264 in
1923 1215 2056 1264 locis
2095 1231 2216 1265 cum
2255 1217 2645 1266 commentariis
2685 1216 2860 1264 editae
2897 1219 3040 1277 sunt,

550 1315 688 1364 quae
728 1303 773 1350 si
810 1302 967 1351 simul
1002 1304 1292 1368 iungantur
1327 1304 1592 1368 integrum
1630 1317 1824 1368 corpus
1850 1301 2143 1352 Bibliorum
2181 1301 2493 1366 conficiunt3
2531 1307 2588 1352 at
2621 1303 2792 1353 honos
2828 1307 3042 1352 totum

550 1387 855 1437 volumen
894 1387 945 1437 S.
986 1389 1039 1438 S.
1076 1389 1481 1438 Hebraicum
1517 1389 1710 1438 simul
1746 1390 1886 1454 typis
1924 1389 2222 1438 exscribere
2257 1389 2632 1439 reservabatur
2668 1389 3040 1438 Abrahamo

550 1475 710 1540 Chaj
724 1477 802 1524 im
817 1492 847 1525 0
864 1513 876 1537 ,
916 1477 1008 1540 qui
1032 1476 1279 1526 undecim
1305 1475 1501 1525 abhinc
1526 1477 1679 1525 annis
1718 1476 1942 1540 primum
1968 1475 2254 1525 hebraicae
2291 1476 2674 1541 typographiae
2697 1476 2899 1525 foetum
2921 1474 3041 1523 vul-

549 1568 785 1628 gaverat.
831 1563 1097 1612 Pisauri
1132 1567 1185 1612 et
1220 1561 1514 1625 Soncini,
1554 1562 1698 1626 quod
1725 1562 1978 1627 oppidum
2007 1567 2086 1611 est
2109 1578 2218 1610 non
2243 1561 2400 1627 longe
2427 1562 2629 1612 distans
2656 1577 2689 1610 a
2711 1561 3040 1623 MediolanO,

550 1650 787 1699 exercuit
811 1654 976 1698 artem
1000 1649 1455 1714 typographicam,
1486 1664 1591 1714 quo
1617 1649 1737 1699 loco
1776 1663 1917 1698 anno
1944 1665 1994 1713 p.
2023 1646 2082 1698 C.
2112 1650 2262 1698 1488.
2301 1648 2450 1714 Opus
2478 1648 2698 1698 Sacrum
2720 1649 3040 1712 impressum

551 1736 729 1785 edidit.
758 1735 964 1800 Singuli
989 1735 1111 1784 libri
1128 1735 1435 1785 maiusculis
1453 1735 1646 1800 ligneis
1667 1736 1890 1800 picturis
1911 1735 2219 1800 ornatisque
2241 1735 2560 1785 dictionibus
2581 1750 2645 1784 ac
2666 1734 2833 1784 literis
2851 1733 3040 1783 incho-

550 1827 721 1872 antur.
762 1822 910 1887 Opus
937 1821 1037 1872 hoc
1066 1822 1210 1887 quod
1234 1823 1373 1871 binis
1401 1821 1662 1872 columnis
1691 1820 1910 1870 Sacrum
1935 1822 2162 1871 Textum
2188 1823 2328 1871 sistit
2352 1826 2618 1870 extremae
2643 1822 2876 1870 raritatis
2902 1835 3040 1882 esse,

550 1909 979 1958 animadvertunt
1024 1910 1156 1958 scite
1191 1907 1577 1973 Bibliographi.
1641 1908 1779 1959 Octo
1829 1909 2037 1958 circiter
2086 1907 2414 1973 exemplaria
2457 1898 2514 1957 in
2548 1909 2770 1973 Europa
2807 1909 3037 1957 existere

550 1999 959 2060 cognoscuntur.
1014 1995 1367 2044 Vindobonae
1414 1995 1645 2045 habetur
1695 2011 1877 2045 eorum
1912 2011 2101 2056 unum,
2153 1994 2296 2060 quod
2333 1994 2623 2043 delineavit
2658 1979 2754 2042 Ph.
2789 1995 2842 2044 J.
2877 1995 3040 2044 Lam—

550 2083 763 2144 bacher‚
802 2081 1052 2131 Biblioth.
1092 2083 1255 2147 antiq.
1292 2083 1520 2132 Vindob.
1561 2082 1676 2131 Civ.
1714 2083 1956 2132 Viennae
1996 2083 2147 2131 1750.
2185 2098 2236 2147 p.
2275 2083 2324 2130 2.
2361 2096 2404 2130 s.
2457 2083 2588 2131 Post
2623 2080 2762 2130 hanc
2801 2097 2866 2130 ex
2902 2082 3040 2130 anti-

553 2171 818 2234 quissimis
858 2169 1181 2219 editionibus
1215 2170 1471 2235 imprimis
1497 2169 1856 2219 memorabilis
1884 2173 1990 2218 est:
2035 2169 2434 2230 Brixiensis,
2473 2183 2630 2232 quam
2667 2184 2787 2216 cum
2823 2169 3041 2233 punctis

468 2321 477 2328 ἱ
547 2257 604 2304 111
658 2261 846 2320 quarto
897 2257 1083 2305 minori
1132 2255 1303 2305 forma
1364 2255 1433 2304 ad
1480 2255 1660 2306 Biblia
1711 2257 1917 2306 maiora
1971 2255 2099 2304 anni
2163 2256 2314 2305 1488.
2371 2255 2555 2304 recudi
2607 2255 2814 2305 curavit
2869 2255 3044 2303 editor

554 2341 677 2391 Ger
692 2357 807 2391 son
846 2344 876 2391 b
891 2358 966 2391 en
1002 2342 1181 2392 Mose
1220 2342 1481 2392 Soncinas
1522 2357 1569 2391 a.
1599 2343 1751 2392 1494.
1777 2344 1825 2391 8.
1862 2342 1947 2391 De
1985 2343 2199 2390 raritate
2236 2340 2392 2390 huius
2432 2341 2678 2391 editionis
2715 2358 2765 2390 v·
2802 2342 2854 2390 J.
2881 2342 3042 2404 Vogt,

553 2426 843 2493 Catalogus
881 2429 1376 2478 historico-criticus
1414 2429 1699 2478 Librorum
1741 2429 2017 2478 rariorum.
2063 2427 2314 2477 Francos.
2356 2430 2504 2477 1793.
2541 2445 2592 2493 p.
2634 2429 2750 2477 119.
2810 2428 2896 2476 Ex
2930 2427 3040 2476 hac

552 2511 781 2564 editione
830 2513 1094 2565 natales
1139 2514 1303 2565 habet
1344 2516 1590 2564 Textus
1640 2514 2010 2565 Bibliorum
2047 2514 2578 2580 polyglottorum
2617 2514 3043 2580 compluten-

551 2602 727 2650 sium.
782 2601 1009 2668 Insuper
1034 2615 1163 2667 prae
1204 2601 1321 2652 aliis
1357 2602 1856 2650 commemoratione
1895 2601 2238 2667 dignissimae
2275 2605 2398 2652 sunt
2430 2600 2556 2650 illae
2583 2600 2860 2664 editiones,
2903 2616 3041 2667 quas

549 2688 677 2736 fecit
718 2689 768 2736 D
784 2688 962 2737 aniel
1010 2689 1055 2737 B
1070 2688 1208 2738 omb
1224 2704 1415 2753 ergus
1430 2724 1443 2750 ,
1496 2702 1562 2737 ea
1598 2687 1813 2753 quidem
1850 2689 2181 2738 correctione
2219 2692 2272 2737 et
2308 2688 2601 2753 elegantia3
2652 2694 2712 2737 ut
2759 2692 2882 2754 post
2918 2705 3044 2738 eum

549 2780 867 2839 procuratae
905 2775 1163 2824 editiones
1201 2790 1411 2839 semper
1436 2776 1639 2823 ruerint
1662 2775 1719 2823 in
1745 2773 1993 2824 deterius.
2030 2774 2267 2824 Excudit
2290 2776 2516 2839 primam
2541 2776 2776 2824 omnium
2798 2776 3043 2825 Venetiis

554 2853 720 2923 1518„
760 2876 897 2925 quae
923 2861 1095 2910 Leoni
1120 2862 1184 2911 X.
1209 2859 1269 2909 P.
1292 2860 1365 2909 M.
1390 2862 1648 2925 inscripta
1675 2866 1769 2911 est.
1817 2860 2056 2910 Perfecit
2088 2860 2238 2910 illam
2269 2860 2481 2910 hortatu
2509 2866 2562 2910 et
2591 2861 2753 2911 ductu
2786 2862 3042 2911 Felicis

550 2948 595 2995 P
611 2964 635 2995 r
650 2952 716 2996 at
730 2963 758 2995 e
773 2964 809 2996 n
823 2949 915 2997 sis
954 2976 1019 2984 —-
1057 2961 1091 2996 a
1137 2946 1255 2996 loco
1304 2948 1597 2997 nativitatis
1647 2948 1808 2997 Prato
1861 2948 2236 3012 cognominati.
2275 2974 2342 2983 -
2382 2946 2600 2996 hebraei
2651 2947 2722 2997 ad
2771 2946 3042 2997 Christum

551 3035 812 3096 conversi,
852 3035 1088 3099 magistri
1126 3034 1317 3083 deinde
1353 3033 1696 3098 Theologiae.
1743 3034 1899 3083 Felix
1922 3033 2048 3083 huic
2074 3034 2294 3084 editioni
2321 3034 2377 3083 in
2401 3035 2638 3099 margine
2664 3034 2860 3083 adiecit
2883 3038 3043 3083 notas

551 3120 945 3183 masorethicaS,
972 3135 1107 3185 quas
1130 3120 1318 3170 Elias
1343 3120 1538 3169 Levita
1554 3120 1591 3168 J
1594 3119 1814 3182 udaeus,
1843 3121 1994 3170 cuius
2022 3136 2186 3186 opera
2209 3122 2265 3170 111
2295 3121 2538 3185 sequenti
2563 3120 2795 3171 editione
2815 3136 2864 3171 a.
2888 3122 3043 3171 1521.

550 3222 680 3255 usus
719 3211 815 3269 est,
852 3206 1059 3269 reiecit3
1104 3206 1236 3255 nihil
1274 3221 1392 3256 eum
1431 3207 1523 3271 qui
1551 3205 1672 3255 illas
1699 3211 2024 3272 apposuerat
2058 3207 2115 3255 in
2151 3207 2368 3257 Masora
2401 3206 2729 3257 intellexisse
2766 3211 3043 3257 causatus.

551 3292 709 3341 Hanc
745 3292 1029 3342 editionem
1068 3307 1308 3342 recusam
1346 3292 1491 3341 dedit
1525 3292 1874 3357 Bombergus,
1914 3293 2008 3343 sed
2046 3293 2380 3343 emendatam
2417 3298 2470 3342 et
2513 3293 2820 3343 adcuratius
2859 3294 3044 3343 elabo-

550 3383 721 3427 ratam
758 3394 806 3427 a.
836 3381 983 3428 1526.
1034 3379 1238 3428 Habita
1262 3380 1468 3428 ratione
1492 3378 1865 3443 praecedentis
1898 3378 1950 3427 S.
1979 3378 2276 3429 Bibliorum
2301 3379 2548 3429 editionis
2574 3378 2710 3429 haec
2747 3380 3046 3429 secunda

554 3470 650 3527 est,
688 3469 883 3515 vocata
916 3469 1094 3515 tamen
1121 3470 1202 3515 est
1227 3469 1280 3515 et
1314 3466 1551 3530 prima,
1591 3481 1761 3530 quae
1797 3465 2018 3515 studio
2058 3467 2108 3516 J.
2145 3468 2198 3517 b.
2238 3464 2492 3529 Chajim
2530 3466 2752 3531 prodiit3
2791 3467 2884 3531 qui
2920 3482 3044 3515 cum

552 3551 743 3600 multas
780 3552 1073 3601 invenisset
1107 3553 1332 3601 Textum
1367 3552 1507 3601 inter
1542 3566 1606 3601 ac
1629 3552 1898 3602 Masoram
1935 3551 2181 3602 lectionis
2219 3554 2522 3614 varietates,
2562 3553 2718 3602 modo
2754 3551 3046 3603 lectionem

552 3639 783 3700 Textus,¹
819 3638 975 3688 modo
1012 3640 1291 3689 lectionem
1329 3638 1592 3701 Masorae,
1643 3654 1740 3703 pro
1781 3655 1878 3689 suo
1917 3637 2116 3689 iudicio
2156 3644 2368 3689 secutus
2419 3643 2515 3689 est.
2576 3640 2770 3687 Textui
2803 3640 3046 3688 iunctam

554 3726 715 3774 sistit:
763 3725 1087 3775 Masoram
1125 3741 1265 3774 cum
1302 3723 1795 3775 instructione*
1824 3726 1874 3775 J.
1913 3727 1966 3776 b.
2006 3724 2288 3789 Chajim3
2331 3725 2659 3774 lectiones
2695 3726 3044 3775 variantes

553 3811 686 3860 Ben
722 3811 967 3861 Ascher
1004 3816 1069 3860 et
1102 3812 1237 3860 Ben
1273 3811 1617 3874 Naphtali,
1663 3813 2131 3877 interpretationes
2167 3812 2449 3862 hebraicas
2488 3816 2542 3860 et
2577 3811 2898 3861 chaldaicas.
2963 3812 3048 3860 Ad

553 3912 791 3946 normam
826 3897 983 3947 huius
1024 3897 1271 3947 editionis
1307 3896 1397 3947 ille
1434 3897 1635 3948 Textus
1663 3898 1716 3947 S.
1747 3899 1806 3947 in
1841 3899 2108 3964 plerisque
2145 3898 2478 3948 editionibus
2503 3900 2760 3963 repetitus
2795 3899 2911 3960 fuit,
2953 3900 3048 3963 qui

552 3983 710 4033 hodie
747 3982 995 4033 Textus
1032 3984 1464 4034 masorethici
1502 3986 1721 4034 nomine
1759 3984 2036 4035 salutatur.

762 4066 925 4119 Haud
962 4085 1421 4135 supervacaneum
1454 4070 1569 4121 fore
1597 4071 1934 4133 arbitramur,
1976 4070 2262 4136 quaedam:
2301 4070 2376 4120 de
2413 4070 2750 4135 singulari
2785 4070 3046 4121 hebrai-

556 4171 777 4205 carum
832 4156 1193 4206 editionum
1248 4156 1523 4206 saeculi
1576 4157 1694 4206 XV.
1757 4162 1822 4207 et
1874 4157 2166 4206 ineuntis
2223 4156 2364 4206 XVI.
2426 4158 2743 4221 raritate,
2805 4172 2928 4207 usu
2985 4162 3052 4207 et

553 4243 973 4307 praestantia
1027 4244 1262 4292 observ
1275 4258 1343 4291 ar
1358 4259 1403 4293 e.
1455 4257 1503 4291 a.
1541 4242 1821 4293 Editiones
1873 4243 2268 4307 antiquissimas
2320 4242 2489 4292 editas
2536 4243 2702 4293 fuisse
2747 4244 3046 4293 secundum

556 4329 821 4378 codices
858 4330 1367 4394 manuscriptos,
1406 4332 1459 4377 et
1484 4344 1668 4378 eorum
1693 4329 1916 4379 formam
1942 4330 2102 4379 etiam
2127 4329 2350 4393 referre3
2375 4328 2608 4394 hincque
2635 4344 2963 4394 quamquam
2989 4332 3049 4379 in

555 4416 863 4465 universum
898 4416 1203 4465 Masorae
1242 4415 1637 4478 conformes,
1678 4430 1840 4481 saepe
1876 4420 2056 4464 tamen
2082 4416 2150 4465 ab
2179 4414 2500 4465 editionibus
2537 4416 2764 4465 subinde
2791 4416 3048 4481 vulgatis,

555 4500 699 4550 haud
747 4516 937 4566 parum
988 4501 1288 4551 differentes
1339 4501 1588 4551 exhibere
1636 4502 1912 4565 lectiones,
1962 4516 2048 4550 res
2073 4506 2176 4551 ‘est
2223 4517 2328 4551 non
2367 4502 2545 4567 exigui
2590 4517 2720 4551 sane
2769 4504 3046 4552 momenti.

558 4588 691 4637 Cum
727 4590 867 4637 enim
901 4590 1156 4639 rarissimi
1191 4590 1305 4638 iure
1354 4588 1653 4639 habeantur
1689 4590 1862 4654 quivis
1897 4588 2036 4651 libri,
2087 4589 2186 4638 sub
2224 4589 2344 4653 ipsa
2378 4588 2766 4654 typographiae
2814 4591 3042 4640 incuna-
