<?xml version="1.0" encoding="UTF-8"?>
<!DOCTYPE html PUBLIC "-//W3C//DTD XHTML 1.0 Transitional//EN"
    "http://www.w3.org/TR/xhtml1/DTD/xhtml1-transitional.dtd">
<html xmlns="http://www.w3.org/1999/xhtml" xml:lang="en" lang="en">
 <head>
  <title>
</title>
<meta http-equiv="Content-Type" content="text/html;charset=utf-8" />
  <meta name='ocr-system' content='tesseract 3.04.00' />
  <meta name='ocr-capabilities' content='ocr_page ocr_carea ocr_par ocr_line ocrx_word'/>
</head>
<body>
  <div class='ocr_page' id='page_1' title='image "./historiarevelat02dankgoog_0263.png"; bbox 0 0 3309 5300; ppageno 0'>
   <div class='ocr_carea' id='block_1_1' title="bbox 1027 442 2686 509">
    <p class='ocr_par' dir='ltr' id='par_1_1' title="bbox 1027 442 2686 509">
     <span class='ocr_line' id='line_1_1' title="bbox 1027 442 2686 509; baseline 0.006 -17"><span class='ocrx_word' id='word_1_1' title='bbox 1027 448 1178 495; x_wconf 78' lang='lat' dir='ltr'>Lectio</span> <span class='ocrx_word' id='word_1_2' title='bbox 1205 456 1251 495; x_wconf 87' lang='lat' dir='ltr'>S.</span> <span class='ocrx_word' id='word_1_3' title='bbox 1280 453 1323 495; x_wconf 86' lang='lat' dir='ltr'>S.</span> <span class='ocrx_word' id='word_1_4' title='bbox 1355 450 1462 505; x_wconf 78' lang='lat' dir='ltr'>ling.</span> <span class='ocrx_word' id='word_1_5' title='bbox 1491 464 1662 495; x_wconf 73' lang='lat' dir='ltr'>vernae.</span> <span class='ocrx_word' id='word_1_6' title='bbox 1695 452 1876 505; x_wconf 72' lang='lat' dir='ltr'>interpr.</span> <span class='ocrx_word' id='word_1_7' title='bbox 2565 442 2686 509; x_wconf 77' lang='lat'>241</span> 
     </span>
    </p>
   </div>
   <div class='ocr_carea' id='block_1_2' title="bbox 372 694 2544 875">
    <p class='ocr_par' dir='ltr' id='par_1_2' title="bbox 372 694 2544 875">
     <span class='ocr_line' id='line_1_2' title="bbox 372 694 2544 775; baseline 0.002 -18"><span class='ocrx_word' id='word_1_8' title='bbox 372 698 425 775; x_wconf 69' lang='grc' dir='ltr'><strong>ξ.</strong></span> <span class='ocrx_word' id='word_1_9' title='bbox 475 699 618 762; x_wconf 81' lang='grc'><strong>102.</strong></span> <span class='ocrx_word' id='word_1_10' title='bbox 682 694 1080 760; x_wconf 86' lang='lat' dir='ltr'>Doctrina.</span> <span class='ocrx_word' id='word_1_11' title='bbox 1121 695 1545 761; x_wconf 81' lang='lat' dir='ltr'>Ecclesiae</span> <span class='ocrx_word' id='word_1_12' title='bbox 1596 721 1650 762; x_wconf 91' lang='lat' dir='ltr'>c.</span> <span class='ocrx_word' id='word_1_13' title='bbox 1703 697 2192 763; x_wconf 88' lang='lat' dir='ltr'>delectione</span> <span class='ocrx_word' id='word_1_14' title='bbox 2239 697 2304 762; x_wconf 85' lang='lat' dir='ltr'>S.</span> <span class='ocrx_word' id='word_1_15' title='bbox 2353 696 2418 763; x_wconf 86' lang='lat' dir='ltr'>S.</span> <span class='ocrx_word' id='word_1_16' title='bbox 2466 700 2544 762; x_wconf 89' lang='lat' dir='ltr'>in</span> 
     </span>
     <span class='ocr_line' id='line_1_3' title="bbox 931 809 1974 875; baseline 0.003 -3"><span class='ocrx_word' id='word_1_17' title='bbox 931 809 1394 873; x_wconf 87' lang='lat' dir='ltr'>vernaculis</span> <span class='ocrx_word' id='word_1_18' title='bbox 1440 809 1974 875; x_wconf 61' lang='lat' dir='ltr'>versionibus</span> 
     </span>
    </p>
   </div>
   <div class='ocr_carea' id='block_1_3' title="bbox 240 986 2705 2108">
    <p class='ocr_par' dir='ltr' id='par_1_3' title="bbox 240 986 2705 2108">
     <span class='ocr_line' id='line_1_4' title="bbox 422 986 2698 1065; baseline 0.003 -24"><span class='ocrx_word' id='word_1_19' title='bbox 422 986 960 1057; x_wconf 82' lang='lat' dir='ltr'>,Vernaculae‘¹</span> <span class='ocrx_word' id='word_1_20' title='bbox 1004 989 1299 1047; x_wconf 75' lang='lat' dir='ltr'>versiones</span> <span class='ocrx_word' id='word_1_21' title='bbox 1344 994 1499 1059; x_wconf 89' lang='lat' dir='ltr'>sunt,</span> <span class='ocrx_word' id='word_1_22' title='bbox 1548 1008 1698 1065; x_wconf 85' lang='lat' dir='ltr'>quae</span> <span class='ocrx_word' id='word_1_23' title='bbox 1735 991 1803 1046; x_wconf 91' lang='lat' dir='ltr'>in</span> <span class='ocrx_word' id='word_1_24' title='bbox 1847 989 2081 1063; x_wconf 82' lang='lat' dir='ltr'>linguas</span> <span class='ocrx_word' id='word_1_25' title='bbox 2125 988 2280 1047; x_wconf 91' lang='lat' dir='ltr'>fiunt</span> <span class='ocrx_word' id='word_1_26' title='bbox 2319 989 2591 1063; x_wconf 85' lang='lat' dir='ltr'>vulgares</span> <span class='ocrx_word' id='word_1_27' title='bbox 2631 1009 2698 1048; x_wconf 88' lang='lat' dir='ltr'>ac</span> 
     </span>
     <span class='ocr_line' id='line_1_5' title="bbox 241 1090 2695 1169; baseline 0.002 -23"><span class='ocrx_word' id='word_1_28' title='bbox 241 1096 525 1162; x_wconf 83' lang='lat' dir='ltr'>maternas3</span> <span class='ocrx_word' id='word_1_29' title='bbox 560 1112 711 1169; x_wconf 86' lang='lat' dir='ltr'>quae</span> <span class='ocrx_word' id='word_1_30' title='bbox 734 1092 924 1166; x_wconf 87' lang='lat' dir='ltr'>igitur</span> <span class='ocrx_word' id='word_1_31' title='bbox 946 1090 1310 1150; x_wconf 85' lang='lat' dir='ltr'>sermonibus</span> <span class='ocrx_word' id='word_1_32' title='bbox 1341 1093 1555 1169; x_wconf 89' lang='lat' dir='ltr'>populo</span> <span class='ocrx_word' id='word_1_33' title='bbox 1586 1094 1820 1151; x_wconf 84' lang='lat' dir='ltr'>usitatis</span> <span class='ocrx_word' id='word_1_34' title='bbox 1849 1094 2100 1168; x_wconf 81' lang='lat' dir='ltr'>scriptae</span> <span class='ocrx_word' id='word_1_35' title='bbox 2129 1097 2293 1164; x_wconf 91' lang='lat' dir='ltr'>sunt;</span> <span class='ocrx_word' id='word_1_36' title='bbox 2327 1098 2386 1151; x_wconf 91' lang='lat' dir='ltr'>et</span> <span class='ocrx_word' id='word_1_37' title='bbox 2415 1096 2478 1151; x_wconf 90' lang='lat' dir='ltr'>in</span> <span class='ocrx_word' id='word_1_38' title='bbox 2511 1095 2695 1152; x_wconf 89' lang='lat' dir='ltr'>anti-</span> 
     </span>
     <span class='ocr_line' id='line_1_6' title="bbox 240 1184 2696 1275; baseline 0.002 -24"><span class='ocrx_word' id='word_1_39' title='bbox 240 1213 386 1271; x_wconf 88' lang='lat' dir='ltr'>quas</span> <span class='ocrx_word' id='word_1_40' title='bbox 428 1201 484 1253; x_wconf 89' lang='lat' dir='ltr'>et</span> <span class='ocrx_word' id='word_1_41' title='bbox 527 1216 777 1267; x_wconf 87' lang='lat' dir='ltr'>novas,</span> <span class='ocrx_word' id='word_1_42' title='bbox 835 1201 959 1253; x_wconf 86' lang='lat' dir='ltr'>tam</span> <span class='ocrx_word' id='word_1_43' title='bbox 997 1197 1399 1255; x_wconf 88' lang='lat' dir='ltr'>catholicas</span> <span class='ocrx_word' id='word_1_44' title='bbox 1440 1214 1617 1275; x_wconf 89' lang='lat' dir='ltr'>quam</span> <span class='ocrx_word' id='word_1_45' title='bbox 1655 1198 2068 1255; x_wconf 89' lang='lat' dir='ltr'>haereticas</span> <span class='ocrx_word' id='word_1_46' title='bbox 2115 1184 2403 1255; x_wconf 69' lang='lat' dir='ltr'>distribui&#39;</span> <span class='ocrx_word' id='word_1_47' title='bbox 2439 1204 2696 1275; x_wconf 79' lang='lat' dir='ltr'>possunt.</span> 
     </span>
     <span class='ocr_line' id='line_1_7' title="bbox 240 1298 2696 1379; baseline 0.002 -25"><span class='ocrx_word' id='word_1_48' title='bbox 240 1298 763 1357; x_wconf 87' lang='lat' dir='ltr'>Calumniantur</span> <span class='ocrx_word' id='word_1_49' title='bbox 792 1300 1194 1357; x_wconf 78' lang='lat' dir='ltr'>Ecclesiam</span> <span class='ocrx_word' id='word_1_50' title='bbox 1223 1300 1694 1373; x_wconf 72' lang='lat' dir='ltr'>catholicam,</span> <span class='ocrx_word' id='word_1_51' title='bbox 1739 1303 2146 1379; x_wconf 86' lang='lat' dir='ltr'>quicunque</span> <span class='ocrx_word' id='word_1_52' title='bbox 2177 1298 2498 1360; x_wconf 81' lang='lat' dir='ltr'>dicunt2:</span> <span class='ocrx_word' id='word_1_53' title='bbox 2531 1302 2696 1360; x_wconf 89' lang='lat' dir='ltr'>Ver-</span> 
     </span>
     <span class='ocr_line' id='line_1_8' title="bbox 240 1404 2695 1481; baseline 0.002 -22"><span class='ocrx_word' id='word_1_54' title='bbox 240 1404 446 1460; x_wconf 87' lang='lat' dir='ltr'>siones</span> <span class='ocrx_word' id='word_1_55' title='bbox 498 1404 555 1461; x_wconf 87' lang='lat' dir='ltr'>S.</span> <span class='ocrx_word' id='word_1_56' title='bbox 604 1404 1023 1479; x_wconf 73' lang='lat' dir='ltr'>Scripturas</span> <span class='ocrx_word' id='word_1_57' title='bbox 1075 1406 1151 1461; x_wconf 89' lang='lat' dir='ltr'>in</span> <span class='ocrx_word' id='word_1_58' title='bbox 1202 1405 1486 1479; x_wconf 82' lang='lat' dir='ltr'>linguas</span> <span class='ocrx_word' id='word_1_59' title='bbox 1538 1406 1965 1465; x_wconf 87' lang='lat' dir='ltr'>vernaculas</span> <span class='ocrx_word' id='word_1_60' title='bbox 2011 1410 2079 1463; x_wconf 92' lang='lat' dir='ltr'>et</span> <span class='ocrx_word' id='word_1_61' title='bbox 2129 1406 2337 1479; x_wconf 86' lang='lat' dir='ltr'>fieri,</span> <span class='ocrx_word' id='word_1_62' title='bbox 2396 1411 2465 1464; x_wconf 91' lang='lat' dir='ltr'>et</span> <span class='ocrx_word' id='word_1_63' title='bbox 2517 1407 2695 1481; x_wconf 88' lang='lat' dir='ltr'>legi,</span> 
     </span>
     <span class='ocr_line' id='line_1_9' title="bbox 241 1508 2701 1583; baseline 0.002 -19"><span class='ocrx_word' id='word_1_64' title='bbox 241 1509 311 1564; x_wconf 84' lang='lat' dir='ltr'>ab</span> <span class='ocrx_word' id='word_1_65' title='bbox 364 1526 435 1564; x_wconf 90' lang='lat' dir='ltr'>ea</span> <span class='ocrx_word' id='word_1_66' title='bbox 491 1508 957 1583; x_wconf 90' lang='lat' dir='ltr'>prohibitum.</span> <span class='ocrx_word' id='word_1_67' title='bbox 1044 1508 1305 1567; x_wconf 86' lang='lat' dir='ltr'>Ecclesia</span> <span class='ocrx_word' id='word_1_68' title='bbox 1357 1510 1657 1567; x_wconf 88' lang='lat' dir='ltr'>Catholica</span> <span class='ocrx_word' id='word_1_69' title='bbox 1717 1529 1853 1567; x_wconf 90' lang='lat' dir='ltr'>sane</span> <span class='ocrx_word' id='word_1_70' title='bbox 1913 1510 2210 1568; x_wconf 88' lang='lat' dir='ltr'>neminem</span> <span class='ocrx_word' id='word_1_71' title='bbox 2270 1515 2430 1569; x_wconf 86' lang='lat' dir='ltr'>arcet</span> <span class='ocrx_word' id='word_1_72' title='bbox 2481 1512 2554 1569; x_wconf 93' lang='lat' dir='ltr'>ab</span> <span class='ocrx_word' id='word_1_73' title='bbox 2607 1512 2701 1569; x_wconf 83' lang='lat' dir='ltr'>his</span> 
     </span>
     <span class='ocr_line' id='line_1_10' title="bbox 242 1612 2700 1690; baseline 0.002 -23"><span class='ocrx_word' id='word_1_74' title='bbox 242 1612 564 1683; x_wconf 82' lang='lat' dir='ltr'>absolute3</span> <span class='ocrx_word' id='word_1_75' title='bbox 616 1614 714 1669; x_wconf 90' lang='lat' dir='ltr'>sed</span> <span class='ocrx_word' id='word_1_76' title='bbox 764 1632 965 1670; x_wconf 89' lang='lat' dir='ltr'>earum</span> <span class='ocrx_word' id='word_1_77' title='bbox 1011 1632 1181 1671; x_wconf 89' lang='lat' dir='ltr'>usum</span> <span class='ocrx_word' id='word_1_78' title='bbox 1227 1613 1610 1671; x_wconf 88' lang='lat' dir='ltr'>saluberrime</span> <span class='ocrx_word' id='word_1_79' title='bbox 1656 1615 2012 1671; x_wconf 82' lang='lat' dir='ltr'>moderatur.</span> <span class='ocrx_word' id='word_1_80' title='bbox 2073 1614 2108 1669; x_wconf 91' lang='lat' dir='ltr'><strong>J</strong></span> <span class='ocrx_word' id='word_1_81' title='bbox 2112 1616 2252 1672; x_wconf 88' lang='lat' dir='ltr'>ubet</span> <span class='ocrx_word' id='word_1_82' title='bbox 2297 1616 2624 1690; x_wconf 87' lang='lat' dir='ltr'>superiores</span> <span class='ocrx_word' id='word_1_83' title='bbox 2644 1612 2700 1671; x_wconf 82' lang='lat'>3:</span> 
     </span>
     <span class='ocr_line' id='line_1_11' title="bbox 243 1717 2700 1795; baseline 0.002 -24"><span class='ocrx_word' id='word_1_84' title='bbox 243 1735 312 1771; x_wconf 90' lang='lat' dir='ltr'>ne</span> <span class='ocrx_word' id='word_1_85' title='bbox 351 1717 604 1791; x_wconf 87' lang='lat' dir='ltr'>passim</span> <span class='ocrx_word' id='word_1_86' title='bbox 649 1719 1004 1784; x_wconf 85' lang='lat' dir='ltr'>omnibus,</span> <span class='ocrx_word' id='word_1_87' title='bbox 1054 1717 1205 1774; x_wconf 86' lang='lat' dir='ltr'>sine</span> <span class='ocrx_word' id='word_1_88' title='bbox 1250 1718 1680 1777; x_wconf 88' lang='lat' dir='ltr'>discrimine</span> <span class='ocrx_word' id='word_1_89' title='bbox 1725 1718 2106 1775; x_wconf 90' lang='lat' dir='ltr'>lectionem</span> <span class='ocrx_word' id='word_1_90' title='bbox 2156 1718 2364 1776; x_wconf 90' lang='lat' dir='ltr'>illam</span> <span class='ocrx_word' id='word_1_91' title='bbox 2412 1721 2700 1795; x_wconf 91' lang='lat' dir='ltr'>permit-</span> 
     </span>
     <span class='ocr_line' id='line_1_12' title="bbox 243 1821 2703 1899; baseline 0.002 -23"><span class='ocrx_word' id='word_1_92' title='bbox 243 1824 407 1891; x_wconf 82' lang='lat' dir='ltr'>tant3</span> <span class='ocrx_word' id='word_1_93' title='bbox 464 1822 578 1878; x_wconf 86' lang='lat' dir='ltr'>sed</span> <span class='ocrx_word' id='word_1_94' title='bbox 630 1822 851 1879; x_wconf 90' lang='lat' dir='ltr'>solum</span> <span class='ocrx_word' id='word_1_95' title='bbox 904 1823 1029 1892; x_wconf 87' lang='lat' dir='ltr'>eis,</span> <span class='ocrx_word' id='word_1_96' title='bbox 1085 1841 1252 1899; x_wconf 90' lang='lat' dir='ltr'>quos</span> <span class='ocrx_word' id='word_1_97' title='bbox 1298 1821 1814 1886; x_wconf 80' lang='lat' dir='ltr'>intellexerint</span> <span class='ocrx_word' id='word_1_98' title='bbox 1865 1842 1894 1879; x_wconf 93' lang='lat' dir='ltr'>e</span> <span class='ocrx_word' id='word_1_99' title='bbox 1943 1823 2345 1881; x_wconf 88' lang='lat' dir='ltr'>huiusmodi</span> <span class='ocrx_word' id='word_1_100' title='bbox 2397 1823 2703 1881; x_wconf 88' lang='lat' dir='ltr'>lectione</span> 
     </span>
     <span class='ocr_line' id='line_1_13' title="bbox 243 1926 2701 2004; baseline 0.002 -25"><span class='ocrx_word' id='word_1_101' title='bbox 243 1943 356 1981; x_wconf 90' lang='lat' dir='ltr'>non</span> <span class='ocrx_word' id='word_1_102' title='bbox 386 1927 729 1997; x_wconf 88' lang='lat' dir='ltr'>damnum,</span> <span class='ocrx_word' id='word_1_103' title='bbox 774 1928 889 1984; x_wconf 89' lang='lat' dir='ltr'>sed</span> <span class='ocrx_word' id='word_1_104' title='bbox 926 1926 1107 1983; x_wconf 87' lang='lat' dir='ltr'>fidei</span> <span class='ocrx_word' id='word_1_105' title='bbox 1146 1930 1354 2004; x_wconf 89' lang='lat' dir='ltr'>atque</span> <span class='ocrx_word' id='word_1_106' title='bbox 1394 1926 1690 2002; x_wconf 86' lang='lat' dir='ltr'>pietatis</span> <span class='ocrx_word' id='word_1_107' title='bbox 1730 1931 2177 2000; x_wconf 87' lang='lat' dir='ltr'>augmentum</span> <span class='ocrx_word' id='word_1_108' title='bbox 2215 1946 2460 2002; x_wconf 86' lang='lat' dir='ltr'>capere</span> <span class='ocrx_word' id='word_1_109' title='bbox 2490 1948 2701 2003; x_wconf 89' lang='lat' dir='ltr'>posse.</span> 
     </span>
     <span class='ocr_line' id='line_1_14' title="bbox 244 2028 2705 2108; baseline 0.002 -24"><span class='ocrx_word' id='word_1_110' title='bbox 244 2028 309 2085; x_wconf 87' lang='lat' dir='ltr'>Et</span> <span class='ocrx_word' id='word_1_111' title='bbox 351 2030 454 2086; x_wconf 91' lang='lat' dir='ltr'>hoc</span> <span class='ocrx_word' id='word_1_112' title='bbox 505 2031 745 2107; x_wconf 90' lang='lat' dir='ltr'>quidem</span> <span class='ocrx_word' id='word_1_113' title='bbox 797 2032 925 2088; x_wconf 91' lang='lat' dir='ltr'>ideo</span> <span class='ocrx_word' id='word_1_114' title='bbox 972 2031 1141 2102; x_wconf 86' lang='lat' dir='ltr'>facit,</span> <span class='ocrx_word' id='word_1_115' title='bbox 1199 2051 1319 2089; x_wconf 93' lang='lat' dir='ltr'>non</span> <span class='ocrx_word' id='word_1_116' title='bbox 1370 2033 1511 2108; x_wconf 90' lang='lat' dir='ltr'>quia</span> <span class='ocrx_word' id='word_1_117' title='bbox 1565 2031 1737 2088; x_wconf 87' lang='lat' dir='ltr'>lectio</span> <span class='ocrx_word' id='word_1_118' title='bbox 1785 2030 1842 2088; x_wconf 87' lang='lat' dir='ltr'>S.</span> <span class='ocrx_word' id='word_1_119' title='bbox 1891 2030 2226 2107; x_wconf 90' lang='lat' dir='ltr'>Scripturae</span> <span class='ocrx_word' id='word_1_120' title='bbox 2279 2034 2595 2091; x_wconf 89' lang='lat' dir='ltr'>secundum</span> <span class='ocrx_word' id='word_1_121' title='bbox 2647 2052 2705 2090; x_wconf 89' lang='lat' dir='ltr'>se</span> 
     </span>
    </p>
   </div>
   <div class='ocr_carea' id='block_1_4' title="bbox 246 2130 2798 2211">
    <p class='ocr_par' dir='ltr' id='par_1_4' title="bbox 246 2130 2798 2211">
     <span class='ocr_line' id='line_1_15' title="bbox 246 2130 2798 2211; baseline 0.002 -23"><span class='ocrx_word' id='word_1_122' title='bbox 246 2132 374 2189; x_wconf 90' lang='lat' dir='ltr'>bona</span> <span class='ocrx_word' id='word_1_123' title='bbox 408 2153 525 2191; x_wconf 91' lang='lat' dir='ltr'>non</span> <span class='ocrx_word' id='word_1_124' title='bbox 574 2130 729 2203; x_wconf 79' lang='lat' dir='ltr'>sit43</span> <span class='ocrx_word' id='word_1_125' title='bbox 776 2135 874 2191; x_wconf 85' lang='lat' dir='ltr'>sed</span> <span class='ocrx_word' id='word_1_126' title='bbox 914 2154 1047 2192; x_wconf 91' lang='lat' dir='ltr'>cum</span> <span class='ocrx_word' id='word_1_127' title='bbox 1083 2135 1487 2211; x_wconf 85' lang='lat' dir='ltr'>experimento</span> <span class='ocrx_word' id='word_1_128' title='bbox 1510 2133 1533 2172; x_wconf 85' lang='lat'>5</span> <span class='ocrx_word' id='word_1_129' title='bbox 1576 2135 1954 2193; x_wconf 85' lang='lat' dir='ltr'>manifestum</span> <span class='ocrx_word' id='word_1_130' title='bbox 1991 2137 2100 2193; x_wconf 89' lang='lat' dir='ltr'>sit:</span> <span class='ocrx_word' id='word_1_131' title='bbox 2147 2136 2472 2193; x_wconf 80' lang='lat' dir='ltr'>haereses</span> <span class='ocrx_word' id='word_1_132' title='bbox 2517 2141 2706 2195; x_wconf 89' lang='lat' dir='ltr'>ortas</span> <span class='ocrx_word' id='word_1_133' title='bbox 2795 2170 2798 2173; x_wconf 40' lang='lat'><strong>⁴</strong></span> 
     </span>
    </p>
   </div>
   <div class='ocr_carea' id='block_1_5' title="bbox 246 2237 2712 2946">
    <p class='ocr_par' dir='ltr' id='par_1_5' title="bbox 246 2237 2712 2946">
     <span class='ocr_line' id='line_1_16' title="bbox 248 2237 2706 2317; baseline 0.002 -25"><span class='ocrx_word' id='word_1_134' title='bbox 248 2237 398 2305; x_wconf 89' lang='lat' dir='ltr'>,dum</span> <span class='ocrx_word' id='word_1_135' title='bbox 439 2238 859 2313; x_wconf 86' lang='lat' dir='ltr'>Scripturae</span> <span class='ocrx_word' id='word_1_136' title='bbox 903 2240 1121 2296; x_wconf 88' lang='lat' dir='ltr'>bonae</span> <span class='ocrx_word' id='word_1_137' title='bbox 1166 2238 1694 2312; x_wconf 89' lang='lat' dir='ltr'>intelliguntur</span> <span class='ocrx_word' id='word_1_138' title='bbox 1738 2258 1874 2297; x_wconf 91' lang='lat' dir='ltr'>non</span> <span class='ocrx_word' id='word_1_139' title='bbox 1917 2241 2116 2311; x_wconf 88' lang='lat' dir='ltr'>bene,</span> <span class='ocrx_word' id='word_1_140' title='bbox 2166 2243 2234 2296; x_wconf 92' lang='lat' dir='ltr'>et</span> <span class='ocrx_word' id='word_1_141' title='bbox 2270 2240 2448 2317; x_wconf 91' lang='lat' dir='ltr'>quod</span> <span class='ocrx_word' id='word_1_142' title='bbox 2488 2242 2563 2297; x_wconf 91' lang='lat' dir='ltr'>in</span> <span class='ocrx_word' id='word_1_143' title='bbox 2608 2242 2706 2298; x_wconf 88' lang='lat' dir='ltr'>eis</span> 
     </span>
     <span class='ocr_line' id='line_1_17' title="bbox 246 2341 2704 2419; baseline 0.002 -22"><span class='ocrx_word' id='word_1_144' title='bbox 246 2361 359 2398; x_wconf 90' lang='lat' dir='ltr'>non</span> <span class='ocrx_word' id='word_1_145' title='bbox 414 2344 583 2400; x_wconf 89' lang='lat' dir='ltr'>bene</span> <span class='ocrx_word' id='word_1_146' title='bbox 644 2342 1123 2417; x_wconf 84' lang='lat' dir='ltr'>intelligitur,</span> <span class='ocrx_word' id='word_1_147' title='bbox 1189 2345 1401 2401; x_wconf 90' lang='lat' dir='ltr'>etiam</span> <span class='ocrx_word' id='word_1_148' title='bbox 1454 2347 1712 2401; x_wconf 89' lang='lat' dir='ltr'>temere</span> <span class='ocrx_word' id='word_1_149' title='bbox 1763 2348 1832 2401; x_wconf 91' lang='lat' dir='ltr'>et</span> <span class='ocrx_word' id='word_1_150' title='bbox 1879 2345 2212 2401; x_wconf 88' lang='lat' dir='ltr'>audacter</span> <span class='ocrx_word' id='word_1_151' title='bbox 2272 2346 2640 2402; x_wconf 89' lang='lat' dir='ltr'>asseritur‘</span> <span class='ocrx_word' id='word_1_152' title='bbox 2663 2341 2704 2419; x_wconf 49' lang='lat' dir='ltr'>o·</span> 
     </span>
     <span class='ocr_line' id='line_1_18' title="bbox 247 2446 2707 2527; baseline 0.001 -25"><span class='ocrx_word' id='word_1_153' title='bbox 247 2446 467 2505; x_wconf 82' lang='lat' dir='ltr'>Ratione</span> <span class='ocrx_word' id='word_1_154' title='bbox 498 2448 866 2505; x_wconf 88' lang='lat' dir='ltr'>diversarum</span> <span class='ocrx_word' id='word_1_155' title='bbox 898 2468 1292 2523; x_wconf 86' lang='lat' dir='ltr'>personarum,</span> <span class='ocrx_word' id='word_1_156' title='bbox 1338 2453 1684 2523; x_wconf 88' lang='lat' dir='ltr'>temporum,</span> <span class='ocrx_word' id='word_1_157' title='bbox 1727 2448 2005 2519; x_wconf 92' lang='lat' dir='ltr'>locorum,</span> <span class='ocrx_word' id='word_1_158' title='bbox 2053 2448 2420 2527; x_wconf 90' lang='lat' dir='ltr'>aliarumque</span> <span class='ocrx_word' id='word_1_159' title='bbox 2458 2451 2707 2506; x_wconf 90' lang='lat' dir='ltr'>circum-</span> 
     </span>
     <span class='ocr_line' id='line_1_19' title="bbox 247 2536 2703 2631; baseline 0.001 -24"><span class='ocrx_word' id='word_1_160' title='bbox 247 2552 574 2610; x_wconf 84' lang='lat' dir='ltr'>stantiarum</span> <span class='ocrx_word' id='word_1_161' title='bbox 598 2553 872 2629; x_wconf 86' lang='lat' dir='ltr'>expedire</span> <span class='ocrx_word' id='word_1_162' title='bbox 898 2558 1085 2628; x_wconf 88' lang='lat' dir='ltr'>potest</span> <span class='ocrx_word' id='word_1_163' title='bbox 1107 2554 1435 2631; x_wconf 87' lang='lat' dir='ltr'>aliquando,</span> <span class='ocrx_word' id='word_1_164' title='bbox 1470 2555 1812 2611; x_wconf 89' lang='lat' dir='ltr'>vernaculas</span> <span class='ocrx_word' id='word_1_165' title='bbox 1840 2554 2055 2610; x_wconf 89' lang='lat' dir='ltr'>habere</span> <span class='ocrx_word' id='word_1_166' title='bbox 2085 2573 2152 2611; x_wconf 89' lang='lat' dir='ltr'>ac</span> <span class='ocrx_word' id='word_1_167' title='bbox 2180 2554 2373 2628; x_wconf 88' lang='lat' dir='ltr'>legere</span> <span class='ocrx_word' id='word_1_168' title='bbox 2396 2553 2454 2611; x_wconf 90' lang='lat' dir='ltr'>S.</span> <span class='ocrx_word' id='word_1_169' title='bbox 2480 2536 2703 2611; x_wconf 88' lang='lat' dir='ltr'>Biblio-</span> 
     </span>
     <span class='ocr_line' id='line_1_20' title="bbox 248 2657 2709 2733; baseline 0.002 -20"><span class='ocrx_word' id='word_1_170' title='bbox 248 2675 359 2713; x_wconf 85' lang='lat' dir='ltr'>rum</span> <span class='ocrx_word' id='word_1_171' title='bbox 398 2659 712 2716; x_wconf 85' lang='lat' dir='ltr'>versiones.</span> <span class='ocrx_word' id='word_1_172' title='bbox 776 2657 1023 2720; x_wconf 80' lang='lat' dir='ltr'>Quando</span> <span class='ocrx_word' id='word_1_173' title='bbox 1075 2662 1271 2717; x_wconf 87' lang='lat' dir='ltr'>autem</span> <span class='ocrx_word' id='word_1_174' title='bbox 1316 2663 1375 2716; x_wconf 90' lang='lat' dir='ltr'>et</span> <span class='ocrx_word' id='word_1_175' title='bbox 1418 2659 1605 2716; x_wconf 85' lang='lat' dir='ltr'>sicubi</span> <span class='ocrx_word' id='word_1_176' title='bbox 1651 2659 1972 2733; x_wconf 89' lang='lat' dir='ltr'>contingat,</span> <span class='ocrx_word' id='word_1_177' title='bbox 2022 2678 2146 2716; x_wconf 90' lang='lat' dir='ltr'>rem</span> <span class='ocrx_word' id='word_1_178' title='bbox 2193 2661 2402 2717; x_wconf 88' lang='lat' dir='ltr'>bonam</span> <span class='ocrx_word' id='word_1_179' title='bbox 2449 2665 2509 2717; x_wconf 89' lang='lat' dir='ltr'>et</span> <span class='ocrx_word' id='word_1_180' title='bbox 2552 2660 2709 2718; x_wconf 84' lang='lat' dir='ltr'>salu-</span> 
     </span>
     <span class='ocr_line' id='line_1_21' title="bbox 250 2747 2708 2839; baseline 0.002 -21"><span class='ocrx_word' id='word_1_181' title='bbox 250 2765 412 2818; x_wconf 84' lang='lat' dir='ltr'>tarem</span> <span class='ocrx_word' id='word_1_182' title='bbox 443 2762 574 2820; x_wconf 92' lang='lat' dir='ltr'>fieri</span> <span class='ocrx_word' id='word_1_183' title='bbox 613 2763 855 2820; x_wconf 85' lang='lat' dir='ltr'>noxiam</span> <span class='ocrx_word' id='word_1_184' title='bbox 904 2769 963 2820; x_wconf 89' lang='lat' dir='ltr'>et</span> <span class='ocrx_word' id='word_1_185' title='bbox 994 2763 1211 2820; x_wconf 88' lang='lat' dir='ltr'>malam</span> <span class='ocrx_word' id='word_1_186' title='bbox 1233 2761 1271 2832; x_wconf 83' lang='lat'>⁷3</span> <span class='ocrx_word' id='word_1_187' title='bbox 1316 2747 1389 2820; x_wconf 81' lang='lat' dir='ltr'>ne</span> <span class='ocrx_word' id='word_1_188' title='bbox 1420 2764 1485 2820; x_wconf 91' lang='lat' dir='ltr'>in</span> <span class='ocrx_word' id='word_1_189' title='bbox 1516 2763 1936 2821; x_wconf 87' lang='lat' dir='ltr'>detrimentum</span> <span class='ocrx_word' id='word_1_190' title='bbox 1981 2763 2077 2821; x_wconf 91' lang='lat' dir='ltr'>vel</span> <span class='ocrx_word' id='word_1_191' title='bbox 2122 2765 2438 2839; x_wconf 90' lang='lat' dir='ltr'>perniciem</span> <span class='ocrx_word' id='word_1_192' title='bbox 2482 2769 2708 2839; x_wconf 85' lang='lat' dir='ltr'>vergat,</span> 
     </span>
     <span class='ocr_line' id='line_1_22' title="bbox 252 2866 2712 2946; baseline 0.002 -23"><span class='ocrx_word' id='word_1_193' title='bbox 252 2868 553 2924; x_wconf 80' lang='lat' dir='ltr'>cavendum</span> <span class='ocrx_word' id='word_1_194' title='bbox 584 2871 688 2924; x_wconf 87' lang='lat' dir='ltr'>est.</span> <span class='ocrx_word' id='word_1_195' title='bbox 752 2868 918 2925; x_wconf 88' lang='lat' dir='ltr'>Licet</span> <span class='ocrx_word' id='word_1_196' title='bbox 946 2872 1143 2925; x_wconf 84' lang='lat' dir='ltr'>autem</span> <span class='ocrx_word' id='word_1_197' title='bbox 1188 2869 1308 2925; x_wconf 86' lang='lat' dir='ltr'>iam</span> <span class='ocrx_word' id='word_1_198' title='bbox 1352 2867 1494 2925; x_wconf 88' lang='lat' dir='ltr'>olim</span> <span class='ocrx_word' id='word_1_199' title='bbox 1537 2873 1628 2925; x_wconf 89' lang='lat' dir='ltr'>sat</span> <span class='ocrx_word' id='word_1_200' title='bbox 1671 2869 1946 2946; x_wconf 84' lang='lat' dir='ltr'>frequens</span> <span class='ocrx_word' id='word_1_201' title='bbox 1981 2873 2129 2926; x_wconf 88' lang='lat' dir='ltr'>esset</span> <span class='ocrx_word' id='word_1_202' title='bbox 2151 2866 2176 2906; x_wconf 76' lang='grc'>8</span> <span class='ocrx_word' id='word_1_203' title='bbox 2220 2871 2464 2940; x_wconf 88' lang='lat' dir='ltr'>abusus;</span> <span class='ocrx_word' id='word_1_204' title='bbox 2513 2873 2712 2927; x_wconf 90' lang='lat' dir='ltr'>tamen</span> 
     </span>
    </p>
   </div>
   <div class='ocr_carea' id='block_1_6' title="bbox 253 3005 642 3014">
    <p class='ocr_par' dir='ltr' id='par_1_6' title="bbox 253 3005 642 3014">
     <span class='ocr_line' id='line_1_23' title="bbox 253 3005 642 3014; baseline 0 2286"><span class='ocrx_word' id='word_1_205' title='bbox 253 3005 642 3014; x_wconf 95' lang='lat' dir='ltr'> </span> 
     </span>
    </p>
   </div>
   <div class='ocr_carea' id='block_1_7' title="bbox 252 3063 2714 3218">
    <p class='ocr_par' dir='ltr' id='par_1_7' title="bbox 252 3063 2714 3218">
     <span class='ocr_line' id='line_1_24' title="bbox 252 3063 2714 3132; baseline 0.001 -19"><span class='ocrx_word' id='word_1_206' title='bbox 252 3063 295 3112; x_wconf 86' lang='lat' dir='ltr'>S.</span> <span class='ocrx_word' id='word_1_207' title='bbox 318 3066 631 3115; x_wconf 82' lang='lat' dir='ltr'>Matthaei</span> <span class='ocrx_word' id='word_1_208' title='bbox 664 3066 1259 3132; x_wconf 85' lang='lat' dir='ltr'>palaeoslovenice</span> <span class='ocrx_word' id='word_1_209' title='bbox 1292 3081 1321 3115; x_wconf 83' lang='lat' dir='ltr'>e</span> <span class='ocrx_word' id='word_1_210' title='bbox 1348 3066 1620 3115; x_wconf 88' lang='lat' dir='ltr'>codicibus</span> <span class='ocrx_word' id='word_1_211' title='bbox 1651 3066 1818 3114; x_wconf 87' lang='lat' dir='ltr'>edidit</span> <span class='ocrx_word' id='word_1_212' title='bbox 1843 3067 1994 3116; x_wconf 81' lang='lat'>1856.</span> <span class='ocrx_word' id='word_1_213' title='bbox 2032 3066 2384 3116; x_wconf 85' lang='lat' dir='ltr'>Vindobonae</span> <span class='ocrx_word' id='word_1_214' title='bbox 2409 3067 2496 3114; x_wconf 84' lang='lat' dir='ltr'>Fr.</span> <span class='ocrx_word' id='word_1_215' title='bbox 2522 3066 2714 3116; x_wconf 89' lang='lat' dir='ltr'>Miklo-</span> 
     </span>
     <span class='ocr_line' id='line_1_25' title="bbox 252 3151 2714 3218; baseline 0.001 -18"><span class='ocrx_word' id='word_1_216' title='bbox 252 3151 366 3200; x_wconf 84' lang='lat' dir='ltr'>sich.</span> <span class='ocrx_word' id='word_1_217' title='bbox 412 3153 837 3218; x_wconf 84' lang='lat' dir='ltr'>Descriptionem</span> <span class='ocrx_word' id='word_1_218' title='bbox 876 3152 1133 3202; x_wconf 83' lang='lat' dir='ltr'>Codicum</span> <span class='ocrx_word' id='word_1_219' title='bbox 1158 3153 1297 3201; x_wconf 88' lang='lat' dir='ltr'>Bibl.</span> <span class='ocrx_word' id='word_1_220' title='bbox 1336 3152 1670 3202; x_wconf 83' lang='lat' dir='ltr'>Slavicorum</span> <span class='ocrx_word' id='word_1_221' title='bbox 1695 3152 1944 3202; x_wconf 87' lang='lat' dir='ltr'>Biblioth.</span> <span class='ocrx_word' id='word_1_222' title='bbox 1973 3152 2158 3216; x_wconf 84' lang='lat' dir='ltr'>synod.</span> <span class='ocrx_word' id='word_1_223' title='bbox 2184 3153 2520 3217; x_wconf 84' lang='lat' dir='ltr'>Mosquensis</span> <span class='ocrx_word' id='word_1_224' title='bbox 2557 3153 2714 3202; x_wconf 88' lang='lat' dir='ltr'>dede-</span> 
     </span>
    </p>
   </div>
   <div class='ocr_carea' id='block_1_8' title="bbox 158 3238 2714 3304">
    <p class='ocr_par' dir='ltr' id='par_1_8' title="bbox 158 3238 2714 3304">
     <span class='ocr_line' id='line_1_26' title="bbox 158 3238 2714 3304; baseline 0.001 -18"><span class='ocrx_word' id='word_1_225' title='bbox 158 3239 165 3250; x_wconf 85' lang='lat'>‘</span> <span class='ocrx_word' id='word_1_226' title='bbox 252 3243 361 3287; x_wconf 85' lang='lat' dir='ltr'>runt</span> <span class='ocrx_word' id='word_1_227' title='bbox 396 3239 475 3288; x_wconf 82' lang='lat' dir='ltr'>Al.</span> <span class='ocrx_word' id='word_1_228' title='bbox 520 3238 715 3289; x_wconf 87' lang='lat' dir='ltr'>Gorski</span> <span class='ocrx_word' id='word_1_229' title='bbox 764 3245 817 3289; x_wconf 84' lang='lat' dir='ltr'>et</span> <span class='ocrx_word' id='word_1_230' title='bbox 866 3238 925 3288; x_wconf 83' lang='lat' dir='ltr'>C.</span> <span class='ocrx_word' id='word_1_231' title='bbox 969 3238 1338 3302; x_wconf 79' lang='lat' dir='ltr'>NevostrujeV.</span> <span class='ocrx_word' id='word_1_232' title='bbox 1388 3241 1560 3304; x_wconf 88' lang='lat' dir='ltr'>Mosq.</span> <span class='ocrx_word' id='word_1_233' title='bbox 1608 3241 1757 3288; x_wconf 81' lang='lat'>1855.</span> <span class='ocrx_word' id='word_1_234' title='bbox 1812 3240 1855 3288; x_wconf 98' lang='grc' dir='ltr'><strong>Ι.</strong></span> <span class='ocrx_word' id='word_1_235' title='bbox 1897 3239 2133 3288; x_wconf 83' lang='lat' dir='ltr'>Iudicem</span> <span class='ocrx_word' id='word_1_236' title='bbox 2184 3255 2309 3288; x_wconf 87' lang='lat' dir='ltr'>vero</span> <span class='ocrx_word' id='word_1_237' title='bbox 2360 3238 2526 3288; x_wconf 89' lang='lat' dir='ltr'>eiusd.</span> <span class='ocrx_word' id='word_1_238' title='bbox 2573 3239 2714 3289; x_wconf 92' lang='lat' dir='ltr'>Bibl.</span> 
     </span>
    </p>
   </div>
   <div class='ocr_carea' id='block_1_9' title="bbox 252 3324 2717 3652">
    <p class='ocr_par' dir='ltr' id='par_1_9' title="bbox 252 3324 2156 3391">
     <span class='ocr_line' id='line_1_27' title="bbox 252 3324 2156 3391; baseline 0.001 -18"><span class='ocrx_word' id='word_1_239' title='bbox 252 3324 535 3390; x_wconf 72' lang='lat' dir='ltr'>MosquenS.</span> <span class='ocrx_word' id='word_1_240' title='bbox 574 3326 644 3375; x_wconf 89' lang='lat' dir='ltr'>ol.</span> <span class='ocrx_word' id='word_1_241' title='bbox 682 3326 968 3391; x_wconf 83' lang='lat' dir='ltr'>patriarch.</span> <span class='ocrx_word' id='word_1_242' title='bbox 1006 3326 1249 3391; x_wconf 84' lang='lat' dir='ltr'>vulgavit</span> <span class='ocrx_word' id='word_1_243' title='bbox 1285 3325 1493 3376; x_wconf 81' lang='lat' dir='ltr'>Sabbas</span> <span class='ocrx_word' id='word_1_244' title='bbox 1531 3325 1748 3375; x_wconf 84' lang='lat' dir='ltr'>archim.</span> <span class='ocrx_word' id='word_1_245' title='bbox 1795 3326 1966 3390; x_wconf 92' lang='lat' dir='ltr'>Mosq.</span> <span class='ocrx_word' id='word_1_246' title='bbox 2006 3327 2156 3375; x_wconf 81' lang='lat'>1858.</span> 
     </span>
    </p>

    <p class='ocr_par' dir='ltr' id='par_1_10' title="bbox 254 3412 2717 3652">
     <span class='ocr_line' id='line_1_28' title="bbox 445 3412 2716 3478; baseline 0 -16"><span class='ocrx_word' id='word_1_247' title='bbox 445 3413 479 3478; x_wconf 93' lang='lat'>¹)</span> <span class='ocrx_word' id='word_1_248' title='bbox 516 3413 558 3462; x_wconf 95' lang='lat' dir='ltr'>I.</span> <span class='ocrx_word' id='word_1_249' title='bbox 590 3429 636 3462; x_wconf 91' lang='lat' dir='ltr'>e.</span> <span class='ocrx_word' id='word_1_250' title='bbox 673 3412 892 3478; x_wconf 87' lang='lat' dir='ltr'>linguae</span> <span class='ocrx_word' id='word_1_251' title='bbox 938 3414 1199 3474; x_wconf 77' lang='lat' dir='ltr'>omnibuS‚</span> <span class='ocrx_word' id='word_1_252' title='bbox 1240 3415 1400 3462; x_wconf 83' lang='lat' dir='ltr'>etiam</span> <span class='ocrx_word' id='word_1_253' title='bbox 1436 3413 1630 3474; x_wconf 72' lang='lat' dir='ltr'>vernia,</span> <span class='ocrx_word' id='word_1_254' title='bbox 1670 3427 1734 3460; x_wconf 86' lang='lat' dir='ltr'>ac</span> <span class='ocrx_word' id='word_1_255' title='bbox 1771 3413 2080 3477; x_wconf 83' lang='lat' dir='ltr'>vulgaribus</span> <span class='ocrx_word' id='word_1_256' title='bbox 2117 3412 2416 3462; x_wconf 87' lang='lat' dir='ltr'>hominibus</span> <span class='ocrx_word' id='word_1_257' title='bbox 2453 3416 2716 3478; x_wconf 83' lang='lat' dir='ltr'>patentes.</span> 
     </span>
     <span class='ocr_line' id='line_1_29' title="bbox 255 3497 2715 3564; baseline 0 -18"><span class='ocrx_word' id='word_1_258' title='bbox 255 3497 289 3560; x_wconf 83' lang='lat'>2)</span> <span class='ocrx_word' id='word_1_259' title='bbox 326 3499 383 3546; x_wconf 88' lang='lat' dir='ltr'>E.</span> <span class='ocrx_word' id='word_1_260' title='bbox 420 3515 465 3564; x_wconf 86' lang='lat' dir='ltr'>g.</span> <span class='ocrx_word' id='word_1_261' title='bbox 502 3500 554 3548; x_wconf 84' lang='lat' dir='ltr'>J.</span> <span class='ocrx_word' id='word_1_262' title='bbox 592 3500 871 3562; x_wconf 82' lang='lat' dir='ltr'>Usserius,</span> <span class='ocrx_word' id='word_1_263' title='bbox 922 3500 1161 3550; x_wconf 86' lang='lat' dir='ltr'>Historia</span> <span class='ocrx_word' id='word_1_264' title='bbox 1211 3500 1384 3564; x_wconf 85' lang='lat' dir='ltr'>dogm.</span> <span class='ocrx_word' id='word_1_265' title='bbox 1432 3503 1599 3550; x_wconf 87' lang='lat' dir='ltr'>contr.</span> <span class='ocrx_word' id='word_1_266' title='bbox 1646 3499 1712 3548; x_wconf 89' lang='lat' dir='ltr'>de</span> <span class='ocrx_word' id='word_1_267' title='bbox 1760 3500 2043 3564; x_wconf 82' lang='lat' dir='ltr'>Scripturis</span> <span class='ocrx_word' id='word_1_268' title='bbox 2083 3499 2136 3548; x_wconf 88' lang='lat' dir='ltr'>S.</span> <span class='ocrx_word' id='word_1_269' title='bbox 2183 3503 2236 3547; x_wconf 91' lang='lat' dir='ltr'>et</span> <span class='ocrx_word' id='word_1_270' title='bbox 2271 3498 2585 3548; x_wconf 85' lang='lat' dir='ltr'>Vernaculis</span> <span class='ocrx_word' id='word_1_271' title='bbox 2635 3499 2715 3548; x_wconf 86' lang='lat' dir='ltr'>ed.</span> 
     </span>
     <span class='ocr_line' id='line_1_30' title="bbox 254 3585 2717 3652; baseline 0.001 -20"><span class='ocrx_word' id='word_1_272' title='bbox 254 3585 317 3632; x_wconf 87' lang='lat' dir='ltr'>H.</span> <span class='ocrx_word' id='word_1_273' title='bbox 349 3586 617 3636; x_wconf 83' lang='lat' dir='ltr'>Wharton.</span> <span class='ocrx_word' id='word_1_274' title='bbox 654 3587 825 3636; x_wconf 90' lang='lat' dir='ltr'>Lond.</span> <span class='ocrx_word' id='word_1_275' title='bbox 867 3589 1017 3636; x_wconf 84' lang='grc'><strong>1690.</strong></span> <span class='ocrx_word' id='word_1_276' title='bbox 1065 3604 1115 3652; x_wconf 86' lang='lat' dir='ltr'>p.</span> <span class='ocrx_word' id='word_1_277' title='bbox 1158 3589 1271 3636; x_wconf 90' lang='grc'><strong>179.</strong></span> <span class='ocrx_word' id='word_1_278' title='bbox 1311 3605 1353 3638; x_wconf 86' lang='lat' dir='ltr'>s.</span> <span class='ocrx_word' id='word_1_279' title='bbox 1418 3587 1539 3635; x_wconf 87' lang='lat' dir='ltr'>Chr.</span> <span class='ocrx_word' id='word_1_280' title='bbox 1578 3585 1641 3636; x_wconf 72' lang='lat' dir='ltr'>Gr.</span> <span class='ocrx_word' id='word_1_281' title='bbox 1679 3586 1767 3634; x_wconf 87' lang='lat' dir='ltr'>Fr.</span> <span class='ocrx_word' id='word_1_282' title='bbox 1805 3585 2023 3647; x_wconf 82' lang='lat' dir='ltr'>VValch,</span> <span class='ocrx_word' id='word_1_283' title='bbox 2073 3585 2356 3634; x_wconf 83' lang='lat' dir='ltr'>Gebrauch</span> <span class='ocrx_word' id='word_1_284' title='bbox 2394 3586 2442 3633; x_wconf 88' lang='lat' dir='ltr'>d.</span> <span class='ocrx_word' id='word_1_285' title='bbox 2481 3586 2530 3635; x_wconf 91' lang='lat' dir='ltr'>h.</span> <span class='ocrx_word' id='word_1_286' title='bbox 2570 3586 2717 3636; x_wconf 86' lang='lat' dir='ltr'>Schr.</span> 
     </span>
    </p>
   </div>
   <div class='ocr_carea' id='block_1_10' title="bbox 254 3671 2808 3738">
    <p class='ocr_par' dir='ltr' id='par_1_11' title="bbox 254 3671 2808 3738">
     <span class='ocr_line' id='line_1_31' title="bbox 254 3671 2808 3738; baseline 0.001 -20"><span class='ocrx_word' id='word_1_287' title='bbox 254 3687 301 3718; x_wconf 94' lang='lat' dir='ltr'>u.</span> <span class='ocrx_word' id='word_1_288' title='bbox 331 3672 375 3720; x_wconf 88' lang='lat' dir='ltr'>d.</span> <span class='ocrx_word' id='word_1_289' title='bbox 400 3689 443 3722; x_wconf 85' lang='lat' dir='ltr'>a.</span> <span class='ocrx_word' id='word_1_290' title='bbox 472 3673 592 3722; x_wconf 89' lang='lat' dir='ltr'>Chr.</span> <span class='ocrx_word' id='word_1_291' title='bbox 630 3674 814 3738; x_wconf 89' lang='lat' dir='ltr'>Leipz.</span> <span class='ocrx_word' id='word_1_292' title='bbox 845 3675 994 3723; x_wconf 85' lang='lat'>1779.</span> <span class='ocrx_word' id='word_1_293' title='bbox 1034 3690 1084 3738; x_wconf 92' lang='lat' dir='ltr'>p.</span> <span class='ocrx_word' id='word_1_294' title='bbox 1114 3675 1229 3722; x_wconf 87' lang='grc'><strong>17-6.</strong></span> <span class='ocrx_word' id='word_1_295' title='bbox 1256 3690 1297 3722; x_wconf 90' lang='lat' dir='ltr'>s.</span> <span class='ocrx_word' id='word_1_296' title='bbox 1338 3673 1535 3738; x_wconf 88' lang='lat' dir='ltr'>aliique</span> <span class='ocrx_word' id='word_1_297' title='bbox 1573 3672 1780 3733; x_wconf 89' lang='lat' dir='ltr'>infiniti,</span> <span class='ocrx_word' id='word_1_298' title='bbox 1822 3674 1912 3736; x_wconf 90' lang='lat' dir='ltr'>qui</span> <span class='ocrx_word' id='word_1_299' title='bbox 1947 3672 2049 3722; x_wconf 90' lang='lat' dir='ltr'>hoc</span> <span class='ocrx_word' id='word_1_300' title='bbox 2085 3673 2259 3736; x_wconf 80' lang='lat' dir='ltr'>ipsum</span> <span class='ocrx_word' id='word_1_301' title='bbox 2295 3671 2532 3736; x_wconf 85' lang='lat' dir='ltr'>quotidie</span> <span class='ocrx_word' id='word_1_302' title='bbox 2569 3688 2718 3736; x_wconf 81' lang='lat' dir='ltr'>repe·</span> <span class='ocrx_word' id='word_1_303' title='bbox 2805 3715 2808 3720; x_wconf 94' lang='lat'>.</span> 
     </span>
    </p>
   </div>
   <div class='ocr_carea' id='block_1_11' title="bbox 254 3758 2726 4608">
    <p class='ocr_par' dir='ltr' id='par_1_12' title="bbox 254 3758 2726 4608">
     <span class='ocr_line' id='line_1_32' title="bbox 254 3758 2721 3826; baseline 0.001 -21"><span class='ocrx_word' id='word_1_304' title='bbox 254 3763 375 3808; x_wconf 83' lang='lat' dir='ltr'>tunt.</span> <span class='ocrx_word' id='word_1_305' title='bbox 417 3761 601 3826; x_wconf 84' lang='lat' dir='ltr'>Neque</span> <span class='ocrx_word' id='word_1_306' title='bbox 637 3775 765 3809; x_wconf 87' lang='lat' dir='ltr'>vero</span> <span class='ocrx_word' id='word_1_307' title='bbox 806 3760 974 3822; x_wconf 86' lang='lat' dir='ltr'>decet,</span> <span class='ocrx_word' id='word_1_308' title='bbox 1012 3775 1185 3824; x_wconf 89' lang='lat' dir='ltr'>neque</span> <span class='ocrx_word' id='word_1_309' title='bbox 1223 3760 1353 3808; x_wconf 84' lang='lat' dir='ltr'>licet</span> <span class='ocrx_word' id='word_1_310' title='bbox 1387 3761 1559 3808; x_wconf 88' lang='lat' dir='ltr'>virum</span> <span class='ocrx_word' id='word_1_311' title='bbox 1596 3758 1921 3808; x_wconf 85' lang='lat' dir='ltr'>catholicum</span> <span class='ocrx_word' id='word_1_312' title='bbox 1953 3789 2016 3796; x_wconf 87' lang='lat'>—-</span> <span class='ocrx_word' id='word_1_313' title='bbox 2051 3758 2347 3808; x_wconf 87' lang='lat' dir='ltr'>cuiusmodi</span> <span class='ocrx_word' id='word_1_314' title='bbox 2383 3759 2570 3807; x_wconf 80' lang='lat' dir='ltr'>haberi</span> <span class='ocrx_word' id='word_1_315' title='bbox 2605 3758 2721 3807; x_wconf 88' lang='lat' dir='ltr'>vult</span> 
     </span>
     <span class='ocr_line' id='line_1_33' title="bbox 254 3845 2718 3911; baseline 0 -18"><span class='ocrx_word' id='word_1_316' title='bbox 254 3845 329 3894; x_wconf 84' lang='lat' dir='ltr'>Fl.</span> <span class='ocrx_word' id='word_1_317' title='bbox 362 3847 609 3908; x_wconf 85' lang='lat' dir='ltr'>Dalham,</span> <span class='ocrx_word' id='word_1_318' title='bbox 650 3847 716 3895; x_wconf 89' lang='lat' dir='ltr'>de</span> <span class='ocrx_word' id='word_1_319' title='bbox 756 3846 974 3896; x_wconf 83' lang='lat' dir='ltr'>Canone</span> <span class='ocrx_word' id='word_1_320' title='bbox 1011 3848 1054 3896; x_wconf 98' lang='grc' dir='ltr'><strong>Ι.</strong></span> <span class='ocrx_word' id='word_1_321' title='bbox 1092 3846 1217 3897; x_wconf 88' lang='lat' dir='ltr'>diss.</span> <span class='ocrx_word' id='word_1_322' title='bbox 1258 3849 1305 3908; x_wconf 82' lang='lat'>2,</span> <span class='ocrx_word' id='word_1_323' title='bbox 1349 3848 1426 3899; x_wconf 87' lang='grc'>16.</span> <span class='ocrx_word' id='word_1_324' title='bbox 1466 3864 1518 3911; x_wconf 89' lang='lat' dir='ltr'>p.</span> <span class='ocrx_word' id='word_1_325' title='bbox 1559 3849 1640 3896; x_wconf 88' lang='grc'>78.</span> <span class='ocrx_word' id='word_1_326' title='bbox 1681 3875 1742 3883; x_wconf 84' lang='lat'>—-</span> <span class='ocrx_word' id='word_1_327' title='bbox 1783 3846 2269 3895; x_wconf 84' lang='lat' dir='ltr'>inconsiderantiae</span> <span class='ocrx_word' id='word_1_328' title='bbox 2308 3861 2372 3894; x_wconf 87' lang='lat' dir='ltr'>ac</span> <span class='ocrx_word' id='word_1_329' title='bbox 2407 3845 2718 3895; x_wconf 84' lang='lat' dir='ltr'>immodera-</span> 
     </span>
     <span class='ocr_line' id='line_1_34' title="bbox 256 3932 2719 4000; baseline 0 -20"><span class='ocrx_word' id='word_1_330' title='bbox 256 3933 397 3982; x_wconf 83' lang='lat' dir='ltr'>tionis</span> <span class='ocrx_word' id='word_1_331' title='bbox 441 3936 741 4000; x_wconf 86' lang='lat' dir='ltr'>Episcopos</span> <span class='ocrx_word' id='word_1_332' title='bbox 791 3949 1073 3996; x_wconf 85' lang='lat' dir='ltr'>accusare,</span> <span class='ocrx_word' id='word_1_333' title='bbox 1125 3937 1216 3999; x_wconf 92' lang='lat' dir='ltr'>qui</span> <span class='ocrx_word' id='word_1_334' title='bbox 1264 3934 1409 3999; x_wconf 87' lang='lat' dir='ltr'>leges</span> <span class='ocrx_word' id='word_1_335' title='bbox 1459 3934 1559 3984; x_wconf 85' lang='lat' dir='ltr'>hac</span> <span class='ocrx_word' id='word_1_336' title='bbox 1608 3935 1674 3983; x_wconf 89' lang='lat' dir='ltr'>de</span> <span class='ocrx_word' id='word_1_337' title='bbox 1721 3951 1777 3983; x_wconf 90' lang='lat' dir='ltr'>re</span> <span class='ocrx_word' id='word_1_338' title='bbox 1825 3936 1892 3983; x_wconf 84' lang='lat' dir='ltr'>ab</span> <span class='ocrx_word' id='word_1_339' title='bbox 1939 3933 2187 3983; x_wconf 85' lang='lat' dir='ltr'>Ecclesia.</span> <span class='ocrx_word' id='word_1_340' title='bbox 2230 3932 2368 3982; x_wconf 85' lang='lat' dir='ltr'>latas</span> <span class='ocrx_word' id='word_1_341' title='bbox 2417 3934 2719 3983; x_wconf 83' lang='lat' dir='ltr'>observant.</span> 
     </span>
     <span class='ocr_line' id='line_1_35' title="bbox 258 4018 2723 4086; baseline -0 -18"><span class='ocrx_word' id='word_1_342' title='bbox 258 4018 294 4081; x_wconf 74' lang='lat'>³)</span> <span class='ocrx_word' id='word_1_343' title='bbox 344 4021 417 4069; x_wconf 90' lang='lat' dir='ltr'>Ad</span> <span class='ocrx_word' id='word_1_344' title='bbox 470 4037 603 4086; x_wconf 84' lang='lat' dir='ltr'>quos</span> <span class='ocrx_word' id='word_1_345' title='bbox 657 4023 715 4069; x_wconf 91' lang='lat' dir='ltr'>in</span> <span class='ocrx_word' id='word_1_346' title='bbox 767 4021 1017 4070; x_wconf 85' lang='lat' dir='ltr'>Ecclesia</span> <span class='ocrx_word' id='word_1_347' title='bbox 1069 4026 1274 4086; x_wconf 87' lang='lat' dir='ltr'>spectet</span> <span class='ocrx_word' id='word_1_348' title='bbox 1327 4021 1465 4070; x_wconf 92' lang='lat' dir='ltr'>hanc</span> <span class='ocrx_word' id='word_1_349' title='bbox 1522 4037 1770 4070; x_wconf 82' lang='lat' dir='ltr'>exercere</span> <span class='ocrx_word' id='word_1_350' title='bbox 1824 4025 2164 4085; x_wconf 84' lang='lat' dir='ltr'>potestatem,</span> <span class='ocrx_word' id='word_1_351' title='bbox 2223 4019 2427 4069; x_wconf 86' lang='lat' dir='ltr'>erudite</span> <span class='ocrx_word' id='word_1_352' title='bbox 2481 4019 2723 4084; x_wconf 85' lang='lat' dir='ltr'>exposuit</span> 
     </span>
     <span class='ocr_line' id='line_1_36' title="bbox 256 4105 2720 4174; baseline 0 -22"><span class='ocrx_word' id='word_1_353' title='bbox 256 4105 309 4154; x_wconf 82' lang='lat' dir='ltr'>A.</span> <span class='ocrx_word' id='word_1_354' title='bbox 340 4107 635 4172; x_wconf 74' lang='lat' dir='ltr'>HeymanS,</span> <span class='ocrx_word' id='word_1_355' title='bbox 674 4108 741 4156; x_wconf 89' lang='lat' dir='ltr'>de</span> <span class='ocrx_word' id='word_1_356' title='bbox 778 4107 908 4158; x_wconf 90' lang='lat' dir='ltr'>eccl.</span> <span class='ocrx_word' id='word_1_357' title='bbox 945 4108 1197 4158; x_wconf 88' lang='lat' dir='ltr'>librorum</span> <span class='ocrx_word' id='word_1_358' title='bbox 1236 4109 1568 4174; x_wconf 86' lang='lat' dir='ltr'>aliorumque</span> <span class='ocrx_word' id='word_1_359' title='bbox 1606 4110 1921 4174; x_wconf 88' lang='lat' dir='ltr'>scriptorum</span> <span class='ocrx_word' id='word_1_360' title='bbox 1959 4108 2333 4173; x_wconf 88' lang='lat' dir='ltr'>prohibitione.</span> <span class='ocrx_word' id='word_1_361' title='bbox 2371 4108 2531 4156; x_wconf 74' lang='lat' dir='ltr'>BruX.</span> <span class='ocrx_word' id='word_1_362' title='bbox 2572 4106 2720 4155; x_wconf 85' lang='lat'>1849.</span> 
     </span>
     <span class='ocr_line' id='line_1_37' title="bbox 258 4193 2721 4260; baseline -0 -20"><span class='ocrx_word' id='word_1_363' title='bbox 258 4209 302 4257; x_wconf 89' lang='lat' dir='ltr'>p.</span> <span class='ocrx_word' id='word_1_364' title='bbox 327 4195 435 4244; x_wconf 90' lang='grc'><strong>107.</strong></span> <span class='ocrx_word' id='word_1_365' title='bbox 459 4213 501 4246; x_wconf 86' lang='lat' dir='ltr'>s.</span> <span class='ocrx_word' id='word_1_366' title='bbox 557 4196 601 4260; x_wconf 76' lang='lat'>4)</span> <span class='ocrx_word' id='word_1_367' title='bbox 640 4197 964 4260; x_wconf 89' lang='lat' dir='ltr'>Perpetuum</span> <span class='ocrx_word' id='word_1_368' title='bbox 990 4195 1107 4257; x_wconf 90' lang='lat' dir='ltr'>hoc,</span> <span class='ocrx_word' id='word_1_369' title='bbox 1135 4201 1187 4244; x_wconf 90' lang='lat' dir='ltr'>et</span> <span class='ocrx_word' id='word_1_370' title='bbox 1216 4211 1489 4260; x_wconf 89' lang='lat' dir='ltr'>nunquam</span> <span class='ocrx_word' id='word_1_371' title='bbox 1514 4197 1871 4245; x_wconf 86' lang='lat' dir='ltr'>intermissum</span> <span class='ocrx_word' id='word_1_372' title='bbox 1907 4196 2224 4256; x_wconf 83' lang='lat' dir='ltr'>institutum,</span> <span class='ocrx_word' id='word_1_373' title='bbox 2263 4193 2507 4259; x_wconf 86' lang='lat' dir='ltr'>capiendi</span> <span class='ocrx_word' id='word_1_374' title='bbox 2545 4193 2721 4242; x_wconf 90' lang='lat' dir='ltr'>cibum</span> 
     </span>
     <span class='ocr_line' id='line_1_38' title="bbox 260 4278 2723 4348; baseline -0 -21"><span class='ocrx_word' id='word_1_375' title='bbox 260 4282 445 4332; x_wconf 84' lang='lat' dir='ltr'>animae</span> <span class='ocrx_word' id='word_1_376' title='bbox 475 4301 503 4332; x_wconf 91' lang='lat' dir='ltr'>e</span> <span class='ocrx_word' id='word_1_377' title='bbox 532 4283 586 4332; x_wconf 92' lang='lat' dir='ltr'>S.</span> <span class='ocrx_word' id='word_1_378' title='bbox 614 4281 899 4348; x_wconf 81' lang='lat' dir='ltr'>Scripturis</span> <span class='ocrx_word' id='word_1_379' title='bbox 928 4283 1071 4347; x_wconf 89' lang='lat' dir='ltr'>apud</span> <span class='ocrx_word' id='word_1_380' title='bbox 1098 4282 1402 4332; x_wconf 84' lang='lat' dir='ltr'>Catholicos</span> <span class='ocrx_word' id='word_1_381' title='bbox 1430 4297 1636 4348; x_wconf 87' lang='lat' dir='ltr'>semper</span> <span class='ocrx_word' id='word_1_382' title='bbox 1662 4283 1842 4347; x_wconf 89' lang='lat' dir='ltr'>viguit.</span> <span class='ocrx_word' id='word_1_383' title='bbox 1883 4283 1922 4346; x_wconf 83' lang='lat'>⁵)</span> <span class='ocrx_word' id='word_1_384' title='bbox 1950 4282 2025 4331; x_wconf 91' lang='lat' dir='ltr'>Ut</span> <span class='ocrx_word' id='word_1_385' title='bbox 2048 4287 2228 4331; x_wconf 85' lang='lat' dir='ltr'>cetera</span> <span class='ocrx_word' id='word_1_386' title='bbox 2251 4280 2406 4341; x_wconf 87' lang='lat' dir='ltr'>mala,</span> <span class='ocrx_word' id='word_1_387' title='bbox 2435 4294 2574 4344; x_wconf 85' lang='lat' dir='ltr'>quae</span> <span class='ocrx_word' id='word_1_388' title='bbox 2598 4278 2723 4327; x_wconf 88' lang='lat' dir='ltr'>inde</span> 
     </span>
     <span class='ocr_line' id='line_1_39' title="bbox 260 4367 2725 4432; baseline 0 -18"><span class='ocrx_word' id='word_1_389' title='bbox 260 4375 549 4432; x_wconf 85' lang='lat' dir='ltr'>sequuntur,</span> <span class='ocrx_word' id='word_1_390' title='bbox 589 4375 880 4419; x_wconf 88' lang='lat' dir='ltr'>taceamus.</span> <span class='ocrx_word' id='word_1_391' title='bbox 926 4370 1007 4419; x_wconf 84' lang='lat' dir='ltr'>Cf.</span> <span class='ocrx_word' id='word_1_392' title='bbox 1042 4370 1105 4420; x_wconf 81' lang='lat' dir='ltr'>F.</span> <span class='ocrx_word' id='word_1_393' title='bbox 1145 4399 1211 4404; x_wconf 93' lang='lat'>—-</span> <span class='ocrx_word' id='word_1_394' title='bbox 1248 4370 1505 4419; x_wconf 85' lang='lat' dir='ltr'>Hirscher</span> <span class='ocrx_word' id='word_1_395' title='bbox 1542 4399 1605 4406; x_wconf 90' lang='lat'>-—</span> <span class='ocrx_word' id='word_1_396' title='bbox 1643 4369 1990 4419; x_wconf 85' lang='lat' dir='ltr'>Bibelverbot</span> <span class='ocrx_word' id='word_1_397' title='bbox 2021 4385 2074 4417; x_wconf 91' lang='lat' dir='ltr'>u.</span> <span class='ocrx_word' id='word_1_398' title='bbox 2112 4367 2631 4432; x_wconf 85' lang='lat' dir='ltr'>Bibelverbreitung,</span> <span class='ocrx_word' id='word_1_399' title='bbox 2669 4368 2725 4414; x_wconf 89' lang='lat' dir='ltr'>in</span> 
     </span>
     <span class='ocr_line' id='line_1_40' title="bbox 262 4453 2724 4521; baseline 0 -19"><span class='ocrx_word' id='word_1_400' title='bbox 262 4467 367 4503; x_wconf 84' lang='lat' dir='ltr'>ann.</span> <span class='ocrx_word' id='word_1_401' title='bbox 402 4456 579 4506; x_wconf 86' lang='lat' dir='ltr'>Freib.</span> <span class='ocrx_word' id='word_1_402' title='bbox 618 4457 873 4520; x_wconf 84' lang='lat' dir='ltr'>Zeitschr.</span> <span class='ocrx_word' id='word_1_403' title='bbox 914 4455 1028 4518; x_wconf 85' lang='lat' dir='ltr'>VII,</span> <span class='ocrx_word' id='word_1_404' title='bbox 1062 4459 1111 4505; x_wconf 87' lang='lat'>3.</span> <span class='ocrx_word' id='word_1_405' title='bbox 1136 4471 1178 4505; x_wconf 87' lang='lat' dir='ltr'>s.</span> <span class='ocrx_word' id='word_1_406' title='bbox 1242 4455 1282 4521; x_wconf 74' lang='lat'>⁶)</span> <span class='ocrx_word' id='word_1_407' title='bbox 1322 4457 1373 4506; x_wconf 93' lang='lat' dir='ltr'>S.</span> <span class='ocrx_word' id='word_1_408' title='bbox 1398 4456 1751 4521; x_wconf 84' lang='lat' dir='ltr'>Augustinus,</span> <span class='ocrx_word' id='word_1_409' title='bbox 1785 4456 1844 4504; x_wconf 90' lang='lat' dir='ltr'>in</span> <span class='ocrx_word' id='word_1_410' title='bbox 1877 4456 2074 4506; x_wconf 86' lang='lat' dir='ltr'>Joann.</span> <span class='ocrx_word' id='word_1_411' title='bbox 2111 4456 2211 4504; x_wconf 88' lang='lat' dir='ltr'>Ev.</span> <span class='ocrx_word' id='word_1_412' title='bbox 2249 4457 2401 4502; x_wconf 86' lang='lat' dir='ltr'>tract.</span> <span class='ocrx_word' id='word_1_413' title='bbox 2439 4453 2638 4515; x_wconf 84' lang='lat' dir='ltr'>XVIII,</span> <span class='ocrx_word' id='word_1_414' title='bbox 2678 4455 2724 4502; x_wconf 86' lang='lat'>1.</span> 
     </span>
     <span class='ocr_line' id='line_1_41' title="bbox 262 4539 2726 4608; baseline -0 -20"><span class='ocrx_word' id='word_1_415' title='bbox 262 4557 304 4604; x_wconf 89' lang='lat' dir='ltr'>p.</span> <span class='ocrx_word' id='word_1_416' title='bbox 328 4544 438 4592; x_wconf 86' lang='lat'>430.</span> <span class='ocrx_word' id='word_1_417' title='bbox 496 4543 536 4608; x_wconf 79' lang='lat'>⁷)</span> <span class='ocrx_word' id='word_1_418' title='bbox 577 4544 672 4593; x_wconf 90' lang='lat' dir='ltr'>Uti</span> <span class='ocrx_word' id='word_1_419' title='bbox 696 4543 753 4592; x_wconf 90' lang='lat' dir='ltr'>id</span> <span class='ocrx_word' id='word_1_420' title='bbox 776 4545 834 4591; x_wconf 90' lang='lat' dir='ltr'>in</span> <span class='ocrx_word' id='word_1_421' title='bbox 870 4542 923 4592; x_wconf 87' lang='lat' dir='ltr'>S.</span> <span class='ocrx_word' id='word_1_422' title='bbox 948 4543 1133 4594; x_wconf 86' lang='lat' dir='ltr'>Bibliis</span> <span class='ocrx_word' id='word_1_423' title='bbox 1171 4543 1473 4608; x_wconf 88' lang='lat' dir='ltr'>promiscue</span> <span class='ocrx_word' id='word_1_424' title='bbox 1509 4543 1661 4592; x_wconf 89' lang='lat' dir='ltr'>lectis</span> <span class='ocrx_word' id='word_1_425' title='bbox 1699 4557 1886 4592; x_wconf 82' lang='lat' dir='ltr'>revera.</span> <span class='ocrx_word' id='word_1_426' title='bbox 1921 4543 2141 4592; x_wconf 89' lang='lat' dir='ltr'>obtinet.</span> <span class='ocrx_word' id='word_1_427' title='bbox 2203 4541 2244 4606; x_wconf 76' lang='lat'>⁸)</span> <span class='ocrx_word' id='word_1_428' title='bbox 2283 4541 2444 4589; x_wconf 84' lang='lat' dir='ltr'>Teste</span> <span class='ocrx_word' id='word_1_429' title='bbox 2471 4539 2520 4588; x_wconf 87' lang='lat' dir='ltr'>d.</span> <span class='ocrx_word' id='word_1_430' title='bbox 2546 4539 2726 4604; x_wconf 88' lang='lat' dir='ltr'>Augu-</span> 
     </span>
    </p>
   </div>
   <div class='ocr_carea' id='block_1_12' title="bbox 262 4627 2726 4771">
    <p class='ocr_par' dir='ltr' id='par_1_13' title="bbox 262 4627 2726 4771">
     <span class='ocr_line' id='line_1_42' title="bbox 262 4627 2726 4695; baseline 0 -19"><span class='ocrx_word' id='word_1_431' title='bbox 262 4630 396 4692; x_wconf 84' lang='lat' dir='ltr'>stin0,</span> <span class='ocrx_word' id='word_1_432' title='bbox 426 4629 461 4679; x_wconf 94' lang='lat' dir='ltr'>l.</span> <span class='ocrx_word' id='word_1_433' title='bbox 490 4646 535 4678; x_wconf 92' lang='lat' dir='ltr'>c.</span> <span class='ocrx_word' id='word_1_434' title='bbox 593 4630 673 4680; x_wconf 82' lang='lat' dir='ltr'>cf.</span> <span class='ocrx_word' id='word_1_435' title='bbox 701 4629 960 4691; x_wconf 88' lang='lat' dir='ltr'>Fenelon,</span> <span class='ocrx_word' id='word_1_436' title='bbox 986 4635 1038 4679; x_wconf 79' lang='lat' dir='ltr'>u.</span> <span class='ocrx_word' id='word_1_437' title='bbox 1067 4630 1115 4679; x_wconf 90' lang='lat' dir='ltr'>d.</span> <span class='ocrx_word' id='word_1_438' title='bbox 1141 4630 1451 4680; x_wconf 88' lang='lat' dir='ltr'>Bibellesen</span> <span class='ocrx_word' id='word_1_439' title='bbox 1477 4631 1533 4679; x_wconf 90' lang='lat' dir='ltr'>in</span> <span class='ocrx_word' id='word_1_440' title='bbox 1561 4630 1655 4680; x_wconf 89' lang='lat' dir='ltr'>der</span> <span class='ocrx_word' id='word_1_441' title='bbox 1678 4628 2101 4695; x_wconf 86' lang='lat' dir='ltr'>Muttersprache</span> <span class='ocrx_word' id='word_1_442' title='bbox 2134 4628 2314 4678; x_wconf 87' lang='lat' dir='ltr'>Freib.</span> <span class='ocrx_word' id='word_1_443' title='bbox 2343 4628 2494 4678; x_wconf 85' lang='lat'>1788.</span> <span class='ocrx_word' id='word_1_444' title='bbox 2530 4643 2582 4692; x_wconf 93' lang='lat' dir='ltr'>p.</span> <span class='ocrx_word' id='word_1_445' title='bbox 2609 4627 2657 4676; x_wconf 92' lang='grc'><strong>8.</strong></span> <span class='ocrx_word' id='word_1_446' title='bbox 2685 4643 2726 4676; x_wconf 87' lang='lat' dir='ltr'>s.</span> 
     </span>
     <span class='ocr_line' id='line_1_43' title="bbox 352 4716 2417 4771; baseline 0 -10"><span class='ocrx_word' id='word_1_447' title='bbox 352 4722 551 4771; x_wconf 75' lang='lat' dir='ltr'>Danko,</span> <span class='ocrx_word' id='word_1_448' title='bbox 582 4723 698 4764; x_wconf 84' lang='lat' dir='ltr'>Rist.</span> <span class='ocrx_word' id='word_1_449' title='bbox 726 4723 1021 4764; x_wconf 82' lang='lat' dir='ltr'>Revelationis</span> <span class='ocrx_word' id='word_1_450' title='bbox 1044 4723 1235 4764; x_wconf 79' lang='lat' dir='ltr'>divinae.</span> <span class='ocrx_word' id='word_1_451' title='bbox 1266 4722 1345 4762; x_wconf 84' lang='lat'>111.</span> <span class='ocrx_word' id='word_1_452' title='bbox 2355 4716 2417 4763; x_wconf 87' lang='grc'>16</span> 
     </span>
    </p>
   </div>
  </div>
 </body>
</html>
