3309 5300
1133 451 1395 507 Disquisitio
1422 418 1475 498 de
1502 468 1633 498 sensu
1663 456 1706 498 S.
1737 456 1779 497 S.
2571 440 2695 509 271

226 634 391 681 autem
440 628 683 681 Christus
730 628 993 681 Dominus
1043 632 1443 685 manducationi
1492 634 1616 697 agni
1666 632 1936 698 paschalis
1985 632 2237 683 continuo
2287 634 2702 684 celebrationem

225 718 599 779 Eucharistiae,
638 722 699 777 ut
734 724 919 783 aperte
957 718 1274 781 ostenderet,
1310 734 1371 769 se
1396 719 1497 769 hac
1533 726 1716 783 typum
1749 719 2065 783 implevisse.
2119 720 2177 769 Si
2205 734 2362 784 porro
2400 720 2701 770 considera-

224 820 328 853 mus
356 806 781 853 circumstantias
804 806 1082 869 utriusque
1108 806 1199 867 rei,
1238 805 1519 854 manifeste
1556 804 1660 854 sibi
1691 805 1920 853 invicem
1956 804 2295 870 respondent.
2345 805 2426 855 Cf.
2452 802 2521 855 H.
2546 808 2610 855 V.
2637 807 2699 855 T.

225 908 271 955 p.
308 892 417 941 105.
461 893 576 941 145.
614 892 684 939 Η.
722 892 788 940 N.
824 892 887 940 Τ.
923 907 975 955 p.
1014 893 1096 941 96.
1122 906 1163 941 s.
1204 893 1322 940 234.
1360 908 1403 940 s.
1462 892 1751 941 Enimvero
1789 906 1960 957 agnus
1997 890 2265 956 paschalis
2303 892 2388 942 die
2428 895 2508 943 15.
2545 894 2700 958 primi

225 979 408 1027 mensis
446 977 710 1029 immolari
746 978 967 1041 debuit3
1008 978 1110 1027 hoc
1146 979 1264 1043 ipso
1310 983 1489 1027 autem
1539 983 1776 1043 tempore
1827 977 2068 1028 Christus
2114 977 2344 1027 instituit
2391 978 2444 1028 S.
2480 980 2696 1053 Eucha-

224 1064 427 1113 ristiam.
489 1065 773 1113 Victimam
821 1064 1139 1114 Paschalem
1186 1066 1409 1115 mactari
1459 1066 1696 1130 oportuit
1740 1065 1798 1113 in
1845 1066 2150 1114 memoriam
2188 1066 2444 1115 transitus
2482 1066 2700 1115 Domini

224 1157 272 1200 et
302 1151 633 1201 liberationis
671 1151 857 1218 populi
894 1152 961 1201 de
996 1151 1271 1217 Aegypt03
1320 1151 1694 1201 Eucharistiae
1731 1150 2050 1201 sacrificium
2087 1153 2186 1201 sub
2225 1152 2506 1217 speciebus
2544 1154 2698 1217 panis

224 1242 273 1287 et
298 1238 402 1287 vini
426 1239 665 1303 quotidie
701 1238 1097 1301 immolandum,
1137 1242 1361 1289 renovat
1396 1240 1704 1288 memoriam
1741 1239 1993 1288 transitus
2019 1239 2235 1287 Domini
2259 1254 2356 1303 per
2390 1241 2698 1303 passionem

225 1341 282 1373 ex
302 1325 403 1375 hoe
430 1326 627 1375 mundo
654 1326 725 1375 ad
746 1327 989 1388 Patrem;
1026 1328 1153 1375 item
1177 1330 1389 1375 nostrae
1426 1325 1758 1375 liberationis
1785 1325 1850 1374 de
1875 1330 2139 1389 potestate
2177 1325 2393 1389 diaboli,
2431 1341 2568 1390 quae
2605 1342 2700 1391 per

227 1410 476 1462 Christum
515 1414 661 1463 facta
687 1418 781 1463 est.
830 1414 971 1479 Agni
1006 1414 1320 1479 sanguinem
1354 1413 1705 1478 Jerosolymis
1743 1412 2016 1462 effundere
2050 1413 2179 1461 iussi
2211 1412 2698 1476 suntsacer-dotese,

226 1497 438 1562 Solymis
478 1500 677 1549 effusus
714 1505 795 1550 est
831 1502 1048 1565 sanguis
1092 1500 1313 1563 Christi,
1370 1502 1507 1550 sicut
1552 1502 1668 1564 ipse
1715 1499 2065 1564 praedixerat.
2115 1500 2248 1549 Luc.
2288 1500 2368 1561 13,
2407 1502 2489 1549 32.
2549 1500 2699 1565 Lege

225 1591 421 1635 cautum
459 1592 591 1648 erat,
626 1603 695 1636 ne
732 1587 1048 1637 fermentato
1086 1588 1321 1637 Hebraei
1358 1591 1635 1636 uterentur
1669 1602 1807 1651 pane
1844 1591 2082 1651 tempore
2117 1585 2385 1649 Paschae,
2424 1586 2602 1649 Jesus,
2639 1591 2699 1635 ut

225 1674 357 1721 canit
388 1673 641 1723 Ecclesia
676 1674 814 1723 duce
848 1689 891 1723 s.
928 1674 1099 1724 Paulo
1136 1676 1177 1723 Ι.
1206 1674 1327 1723 Cor.
1352 1676 1403 1736 5,
1432 1676 1479 1724 7.
1504 1690 1546 1724 s.
1591 1674 1978 1735 „observata
2014 1673 2162 1738 lege
2195 1672 2392 1738 plene
2431 1674 2598 1723 eibis
2634 1674 2698 1724 in

222 1758 573 1823 legalibus“
603 1760 773 1815 veluti
799 1776 987 1825 azyma
1011 1763 1239 1811 instituit
1257 1761 1668 1811 Eucharistiam.
1702 1760 1858 1825 Unde
1881 1762 2076 1825 optime
2096 1765 2311 1825 perorat
2331 1761 2382 1810 S.
2401 1760 2439 1809 J
2449 1775 2697 1810 oannes

228 1843 776 1911 chrysostomus,
819 1847 959 1897 hom.
997 1848 1062 1897 de
1099 1849 1367 1913 proditore
1402 1847 1579 1897 Judae
1615 1847 1657 1896 I.
1695 1850 1742 1909 2,
1771 1849 1920 1897 453.:
1965 1847 2208 1909 „Adest
2245 1847 2594 1909 Christus,
2635 1851 2699 1896 et

225 1947 376 1983 nunc
410 1936 492 1995 is,
543 1935 653 1998 qui
688 1950 973 1985 mensam
1018 1933 1199 1985 illam
1236 1936 1611 2000 apparavit,
1658 1934 1764 1983 hie
1800 1935 1943 1999 ipse
1986 1934 2152 1985 hanc
2188 1950 2358 1983 nunc
2395 1939 2695 1995 exornat,

229 2034 342 2069 non
386 2022 555 2069 enim
604 2020 788 2071 homo
840 2025 965 2083 est,
1016 2022 1124 2086 qui
1172 2022 1361 2071 facit:
1410 2027 1479 2071 ut
1525 2022 1874 2085 proposita
1920 2022 2310 2071 efficiantur
2357 2036 2592 2086 corpus
2636 2025 2698 2069 et

226 2109 480 2171 sanguis
520 2106 797 2169 Christi,
845 2108 961 2157 sed
1006 2109 1147 2173 ipse
1192 2108 1520 2169 Christus,
1572 2110 1684 2173 qui
1730 2124 1842 2173 pro
1889 2109 2082 2158 nobis
2131 2108 2496 2157 crucifixus
2547 2110 2693 2158 est.“

228 2192 318 2251 „In
360 2195 509 2258 ipsa
553 2208 800 2256 mensa,
851 2194 1121 2245 concludit
1154 2190 1307 2245 idem'
1343 2210 1385 2245 s.
1422 2196 1611 2258 Pater,
1657 2199 2020 2260 utrumque
2059 2194 2328 2245 Pascha
2370 2199 2432 2244 et
2467 2195 2609 2259 typi
2645 2202 2698 2243 et

226 2280 519 2347 veritatis
558 2280 965 2331 celebratum
1002 2285 1147 2331 est.“
1198 2282 1319 2331 Hoc
1354 2282 1529 2346 ipsum
1565 2281 1728 2331 habet
1764 2281 2061 2331 communis
2099 2296 2288 2331 sensus
2319 2280 2372 2331 S.
2399 2280 2452 2329 S.
2478 2282 2696 2331 Patrum

226 2370 273 2413 et
304 2350 641 2432 Scriptorum.
704 2367 784 2420 cf.
823 2368 1312 2431 Tertullianus,
1352 2368 1472 2417 adv.
1508 2368 1672 2417 Marc.
1710 2368 1801 2429 IV,
1839 2369 1922 2417 40.
1963 2369 2080 2417 247.
2112 2382 2154 2415 s.
2202 2366 2254 2415 S.
2295 2366 2694 2432 Cyprianus,

228 2451 284 2500 de
316 2455 442 2503 unit.
482 2452 612 2505 eccl.
648 2454 719 2517 Π,
749 2456 865 2504 122.
916 2454 969 2504 S.
1006 2454 1415 2518 Ambrosius,
1454 2454 1521 2505 de
1556 2454 1825 2503 Abraham
1861 2454 1900 2516 I,
1927 2456 2012 2503 40.
2047 2453 2088 2517 Ι,
2127 2455 2246 2503 297.
2281 2454 2340 2503 111
2374 2455 2463 2504 Ps.
2499 2454 2695 2503 XLIII.

227 2554 391 2589 ennar.
430 2558 482 2591 n.
522 2543 604 2590 35.
643 2558 695 2605 p.
734 2544 852 2591 902.
908 2542 961 2591 S.
998 2542 1465 2605 Hieronymus,
1502 2542 1559 2589 in
1592 2541 1781 2591 Matth.
1823 2543 1905 2603 26,
1945 2544 2028 2591 26.
2065 2541 2183 2603 VII,
2221 2542 2338 2591 216.
2401 2540 2452 2589 S.
2489 2541 2694 2605 Augu-

226 2628 448 2691 stinus,
488 2634 691 2694 quaest.
728 2630 784 2678 in
819 2630 981 2694 Hept.
1018 2629 1088 2692 ΙΙ,
1126 2631 1213 2678 42.
1251 2646 1303 2695 p.
1342 2630 1459 2680 608.
1514 2629 1565 2681 S.
1604 2629 1737 2678 Leo
1775 2629 1862 2691 M„
1901 2642 2054 2679 serm.
2095 2628 2210 2678 VII.
2250 2627 2316 2678 de
2353 2629 2504 2678 Pass.
2540 2630 2694 2678 Dom.

228 2714 298 2762 ed.
333 2716 515 2765 Malou
550 2717 607 2765 in
643 2716 783 2766 Bibl.
821 2731 929 2766 asc.
966 2719 1193 2766 Lovanii
1235 2719 1383 2766 1850.
1421 2716 1565 2776 XIX,
1602 2719 1688 2766 42.
1751 2716 1804 2766 S.
1843 2715 2206 2781 Gregorius
2243 2717 2333 2778 M„
2376 2716 2412 2766 l.
2449 2705 2524 2764 ΙΙ.
2555 2716 2695 2766 hom.

226 2801 380 2851 XXII.
416 2804 473 2852 in
507 2801 771 2868 Evangel.
807 2803 859 2864 I,
900 2806 1051 2853 1534.
1114 2803 1167 2854 8.
1207 2802 1502 2867 Cyrillus
1538 2803 1718 2865 Alex„
1759 2805 1817 2852 in
1851 2803 2050 2853 Joann.
2085 2804 2144 2865 4,
2183 2805 2301 2854 437.
2337 2804 2457 2852 438.
2519 2803 2696 2863 Quare

224 2890 392 2938 merito
442 2889 778 2955 praefatione
825 2890 1065 2954 paschali
1112 2889 1365 2940 Ecclesia
1412 2890 1581 2939 canit:
1640 2890 1762 2950 „Te
1805 2891 1873 2940 111
1923 2889 2047 2938 hae
2095 2890 2530 2954 potissimum
2587 2889 2695 2938 die

226 2972 571 3036 gloriosius
605 2976 1029 3041 praedicare,
1066 2993 1203 3035 011111
1227 2976 1484 3026 Pascha
1518 2981 1809 3026 nostrum
1834 2976 2206 3026 immolatus
2241 2975 2694 3026 001Ο111101118ε

224 3060 349 3124 ipse
394 3064 565 3112 enim
602 3079 755 3112 vere
795 3069 895 3113 est
930 3080 1161 3128 agnus,
1212 3065 1323 3128 qui
1371 3063 1651 3113 abstulit
1687 3068 1968 3128 peccata
2003 3063 2269 3113 mundi.“
2344 3063 2693 3127 Egressum

226 3162 293 3196 ex
324 3151 671 3216 Aegypto,
706 3155 937 3216 typum
974 3153 1133 3200 etiam
1170 3151 1472 3200 alterius
1508 3150 1986 3200 Redemtionis
2025 3166 2160 3212 esse,
2199 3150 2498 3200 concedunt
2535 3150 2691 3198 etiam

226 3234 433 3301 Judaei3
483 3237 766 3287 dummodo
803 3254 912 3288 non
947 3238 1277 3303 praeiudicio
1317 3238 1565 3302 occupati
1608 3241 1873 3286 terrenam
1915 3236 2150 3302 aliquam
2189 3242 2242 3286 et
2275 3238 2330 3285 in
2370 3235 2422 3286 S.
2461 3235 2512 3284 S.
2550 3235 2695 3286 haud

226 3325 523 3384 promissam
559 3323 931 3374 liberationem
959 3325 1153 3374 inferre
1176 3328 1513 3389 satagerent:
1550 3339 1690 3389 quae
1727 3329 2010 3389 postquam
2045 3325 2239 3374 Hostia
2272 3323 2368 3372 illa
2401 3324 2602 3372 Divina
2635 3339 2694 3374 se

226 3409 341 3460 stitit
372 3413 407 3460 i.
446 3427 493 3460 e.
530 3412 839 3474 Messias,
877 3427 1019 3462 vana
1064 3427 1279 3477 prorsus
1317 3416 1371 3460 et
1408 3410 1641 3476 insipida
1691 3415 1786 3460 est.
1849 3411 2114 3472 Christus,
2165 3411 2318 3460 euius
2359 3411 2693 3475 apparitione

228 3505 539 3564 quantopere
574 3499 761 3550 laetati
797 3501 995 3550 fuerint
1029 3501 1143 3550 veri
1178 3498 1376 3548 Judaei
1405 3515 1470 3548 ex
1508 3515 1569 3548 eo
1605 3497 1804 3563 liquet3
1843 3498 1986 3563 quod
2021 3515 2129 3548 non
2166 3498 2323 3548 aliter
2357 3513 2422 3547 ac
2446 3499 2491 3548 si
2515 3499 2694 3563 magni

226 3589 365 3647 pretii
393 3588 645 3638 thesauro
676 3589 895 3638 invento
932 3586 1290 3636 laetabundus
1316 3585 1579 3636 exclamet
1612 3585 1921 3650 Philippus:
1958 3585 2155 3635 Joann.
2185 3587 2230 3648 1,
2257 3588 2341 3635 41.
2395 3585 2692 3646 „Inveni-

224 3686 349 3723 mus
383 3675 705 3726 Messiam
748 3675 1145 3724 Christum.“
1204 3673 1368 3723 Jesus
1408 3673 1647 3724 Christus
1685 3687 1876 3737 passus
1913 3671 2198 3728 crucifixus
2235 3676 2296 3721 et.
2322 3677 2562 3723 mortuus
2596 3688 2692 3737 pro

224 3759 363 3810 nobis
411 3761 608 3826 lytrum
652 3762 827 3824 solvit,
879 3766 933 3812 et
977 3762 1239 3826 sanguine
1286 3777 1383 3812 suo
1429 3776 1527 3810 nos
1563 3776 1690 3810 vere
1733 3761 1977 3824 aspersit.
2037 3759 2194 3810 Unde
2231 3764 2284 3808 01
2319 3761 2514 3808 virtute
2547 3759 2692 3809 illius

226 3847 453 3911 redemti,
503 3866 699 3899 novum
736 3849 869 3900 illud
906 3850 1199 3910 canticum,
1248 3863 1353 3913 quo
1390 3848 1425 3896 J
1430 3847 1587 3896 udaei
1631 3852 1741 3897 tum
1781 3847 1992 3896 demum
2031 3847 2208 3896 Deum
2253 3861 2310 3896 se
2348 3851 2692 3896 veneraturos

225 3935 496 3998 spondent,
547 3953 669 3986 cum
704 3939 758 3986 in
803 3939 1065 4003 integrum
1111 3938 1355 3986 restituta
1399 3937 1559 3986 fuerit
1601 3935 1944 3998 Theocratia‚
1993 3937 2098 3984 iam
2145 3935 2432 3986 inchoandi
2476 3939 2692 3985 causam

226 4018 463 4073 habemus
500 4024 866 4076 laetissimam.

414 4111 894 4162 consulendi-sunt
919 4112 983 4161 de
1020 4112 1122 4161 hoc
1158 4117 1315 4177 typo:
1354 4111 1415 4160 C.
1446 4111 1509 4160 R.
1534 4109 2002 4173 BellarminuS,
2044 4116 2211 4161 contr.
2251 4109 2319 4160 de
2343 4111 2519 4162 sacrif.
2543 4109 2690 4162 Miss.

226 4193 259 4256 I,
294 4199 336 4246 7.
371 4215 421 4264 p.
462 4201 613 4249 1332.
669 4200 720 4248 J.
759 4198 857 4248 Th.
895 4200 1227 4264 Freigins,
1273 4199 1557 4249 Mosaicus.
1606 4200 1732 4247 Bas.
1774 4201 1923 4248 1592.
1971 4215 2022 4264 p.
2062 4201 2180 4249 207.
2234 4199 2298 4249 A.
2334 4199 2689 4261 Varenius,

227 4281 282 4332 de
311 4301 448 4350 agno
486 4286 669 4351 pasch.
707 4284 875 4336 Hebr.
912 4286 1161 4336 Rostoch.
1204 4288 1352 4336 1652.
1392 4286 1455 4336 G.
1492 4287 1821 4348 Moebius,
1861 4286 1928 4335 de
1964 4301 2104 4351 agno
2141 4286 2324 4351 pasch.
2361 4285 2510 4352 Lips.
2539 4287 2689 4336 1655.

226 4366 271 4418 S.
302 4370 695 4436 Bochartus,
732 4373 1033 4424 Hierozoic.
1070 4373 1141 4434 Π,
1180 4374 1263 4423 50.
1299 4374 1341 4436 Ι,
1368 4375 1486 4424 551.
1524 4389 1567 4426 s.
1622 4373 1674 4422 J.
1710 4372 2152 4436 Frischmuth‚
2199 4371 2264 4422 de
2302 4388 2440 4438 agno
2476 4374 2598 4435 Dei,
2635 4375 2691 4422 in

228 4455 341 4511 thes.
378 4460 447 4509 th.
488 4460 575 4526 ph.
614 4461 687 4522 H,
726 4463 843 4510 365.
882 4477 923 4512 s.
978 4462 1064 4514 Ei.
1103 4461 1170 4510 de
1216 4461 1324 4512 iud.
1376 4476 1514 4525 agno
1564 4459 1807 4525 paschali
1842 4460 1964 4510 Jen.
2005 4463 2157 4511 1660.ι
2215 4461 2272 4509 Ζ.
2308 4460 2688 4522 Frosterus‚

229 4541 283 4592 de
328 4561 462 4610 agno
511 4545 755 4612 paschali
798 4547 1003 4598 Aboae.
1056 4549 1205 4601 1698.
1264 4549 1333 4597 D.
1370 4547 1694 4606 Lundius,
1746 4547 1812 4598 de
1862 4563 2002 4612 agno
2051 4546 2308 4612 paschali.
2357 4547 2488 4612 Ups.
2538 4549 2689 4597 1705.

226 4629 277 4680 A.
312 4634 591 4697 Natalis,
632 4635 700 4684 H.
738 4635 804 4684 E.
842 4636 904 4685 V.
942 4635 1003 4684 T.
1042 4635 1185 4688 Diss.
1224 4638 1365 4700 XVI,
1408 4636 1453 4683 7.
1490 4634 1533 4700 Ι,
1572 4636 1690 4684 285.
1727 4652 1767 4686 s.
1805 4634 1868 4684 A.
1908 4634 2180 4696 Calmet,
2219 4635 2514 4684 Dietionar.
2551 4633 2689 4685 Bibl.
