3309 5300
553 386 592 455 8
768 361 778 375 ἱ
1239 401 1472 443 Comment.
1504 400 1557 441 de
1585 400 1627 441 S.
1650 400 1859 452 scriptur.
1891 411 1985 451 cap.
2016 398 2141 451 prim.
2173 398 2278 440 sect.
2308 398 2342 439 1.

554 574 808 647 ἀπόκρυφοι
844 581 957 629 sive
996 578 1181 644 spuria
1218 577 1426 627 etiamsi
1463 581 1767 625 sanctorum
1805 578 2037 625 virorum
2072 576 2290 625 nomina
2324 577 2383 624 in
2416 576 2585 626 titulis
2620 582 2819 627 temere
2862 578 3043 627 menti-

552 672 760 731 rentur,
814 667 1028 717 omnino
1068 666 1135 714 ab
1174 680 1277 714 usu
1318 664 1535 729 publico
1586 668 1999 713 removerentur.
2066 663 2205 724 „Sed
2243 677 2332 726 ea,
2380 664 2565 713 scribit
2609 662 2661 713 S.
2699 664 3042 729 Augustinus,

555 782 618 791 —
657 754 723 803 de
762 755 874 804 Civ.
911 754 1017 803 Dei
1052 752 1246 813 XVIII,
1287 754 1369 801 38.
1413 768 1464 816 p.
1503 752 1622 800 281.
1662 779 1727 787 -
1767 753 1987 801 castitas
2038 750 2275 801 Canonis
2331 767 2439 801 non
2484 754 2702 817 recepit,
2748 767 2858 801 non
2905 753 3044 817 quod

553 858 736 891 eorum
770 841 1058 903 hominum,
1099 840 1190 904 qui
1225 839 1343 889 Deo
1381 838 1715 903 placuerunt,
1766 839 2081 904 reprobetur
2118 839 2425 901 auctoritas,
2464 840 2560 889 sed
2606 839 2750 905 quod
2787 840 2893 889 ista
2928 854 3043 890 esse

552 944 660 978 non
697 928 982 978 credantur
1017 928 1304 993 ipsorum.“
1367 925 1525 987 Quod
1561 930 1742 975 autem
1781 928 1909 975 satis
1958 926 2228 991 singulare
2268 933 2371 989 est,
2410 928 2559 976 fuere
2598 928 2759 976 etiam
2794 927 2920 989 viri,
2958 930 3045 992 qui

555 1015 746 1068 debitis
781 1016 1286 1080 investigationibus
1323 1013 1582 1079 neglectis
1621 1012 1675 1063 S.
1702 1013 2003 1078 Scripturas
2045 1013 2411 1075 „Canonicas“
2451 1015 2557 1063 dici
2588 1014 2945 1079 affirmarunt3
2983 1031 3044 1066 eo

555 1104 699 1169 quod
733 1119 830 1168 per
869 1103 1117 1153 Canones
1156 1102 1518 1152 Consiliorum
1557 1104 1841 1163 „sanctae“
1882 1102 1950 1151 ab
1988 1100 2235 1151 Ecclesia
2273 1101 2577 1151 declaratae
2615 1106 2809 1151 essent.

760 1190 853 1240 IV.
882 1190 1107 1239 Constat
1127 1180 1256 1239 vero'
1275 1190 1413 1239 inter
1433 1204 1617 1238 omnes
1639 1187 1946 1238 Catholicos
1974 1188 2299 1253 Scripturam
2322 1189 2576 1238 Divinam
2602 1204 2745 1239 esse:
2775 1189 2843 1249 „d
2857 1191 3042 1239 octri-

553 1292 692 1327 nam
731 1292 919 1343 quam
957 1276 1213 1343 Spiritu
1250 1276 1302 1327 S.
1341 1277 1709 1341 inspirante
1748 1280 1943 1341 atque
1982 1276 2281 1326 dictante
2318 1275 2782 1341 Hagiographi
2816 1276 3043 1325 literis

552 1364 1081 1415 mandaverunt.“
1143 1364 1334 1429 Itaque
1373 1362 1426 1413 S.
1465 1362 1518 1413 S.
1556 1364 1747 1413 Petrus
1795 1367 1849 1412 et
1892 1362 2094 1413 Paulus
2130 1364 2418 1429 Apostolus
2463 1364 2533 1414 ΙΙ.
2570 1364 2713 1413 Petr.
2753 1365 2799 1425 1,
2840 1364 2925 1413 20.
2964 1366 3042 1413 21.

554 1452 624 1503 II.
662 1453 798 1502 Tim.
835 1455 884 1515 3,
927 1454 1007 1503 16.
1059 1466 1175 1501 eam
1210 1452 1508 1500 nominavit
1543 1450 1842 1501 doctrinam
1885 1450 2134 1501 divinitus
2172 1452 2511 1516 inspiratam3
2562 1455 2616 1499 et
2650 1450 2849 1499 idcirco
2890 1451 3044 1499 etiam

557 1541 822 1601 „Verbum
859 1541 992 1590 Dei“
1018 1568 1082 1575 -
1106 1555 1210 1603 quo
1243 1540 1392 1588 Deus
1429 1536 1680 1586 videlicet
1716 1542 2033 1603 conceptum
2071 1544 2348 1587 aeternum
2384 1539 2575 1588 mentis
2612 1552 2743 1587 suae
2780 1538 3042 1587 notitiam-

555 1643 658 1692 que
695 1629 1043 1690 verissimam,
1082 1626 1228 1676 velut
1265 1642 1518 1676 sonorum
1555 1624 1824 1689 quoddam
1862 1625 2085 1675 verbum
2123 1626 2405 1690 eloquitur,
2438 1654 2503 1661 —
2532 1625 2699 1676 literis
2738 1640 3045 1689 expressum

555 1715 762 1763 dicitur.
815 1714 1066 1775 „Canon“
1096 1719 1272 1763 autem
1298 1714 1616 1762 Divinarum
1655 1712 2049 1777 Scripturarum
2087 1713 2154 1762 ab
2193 1713 2439 1763 omnibus
2466 1711 2755 1761 Catholicis
2791 1712 3042 1761 habetur:

558 1802 938 1867 „catalogus
974 1802 1320 1851 Librorum
1357 1797 1804 1861 θεοπνεύστων,
1846 1799 2204 1850 infallibili
2246 1800 2599 1849 Ecclesiae
2637 1799 3043 1849 auctoritate

553 1890 904 1938 sancitus.“
953 1890 1127 1939 Multa
1151 1890 1288 1938 scitu
1313 1889 1476 1952 digna
1500 1888 1565 1937 de
1593 1887 1815 1937 Canone
1855 1888 1908 1937 S.
1937 1888 1989 1937 S.
2029 1889 2369 1953 reperiuntur
2406 1888 2549 1953 apud
2576 1887 2635 1936 C.
2662 1888 2724 1936 N.
2752 1887 3041 1948 Wiseman,

554 1974 639 2024 die
675 1975 1052 2026 vornehmsten
1088 1975 1300 2026 Lehren
1338 1975 1447 2024 und
1473 1974 1791 2025 Gebrauche
1830 1974 1923 2023 der
1949 1974 2319 2025 katholischen
2346 1975 2539 2024 Kirche
2578 1975 2667 2024 iib.
2692 1991 2741 2023 V.
2768 1973 2836 2022 D.
2864 1973 3039 2021 Hane-

552 2062 698 2127 berg.
736 2063 1002 2128 Regensb.
1044 2065 1194 2114 1838.
1233 2080 1284 2129 p.
1325 2066 1406 2112 72.
1445 2080 1486 2113 s.

758 2151 824 2200 V.
863 2152 1069 2211 Quibus
1092 2151 1271 2200 Libris
1297 2149 1486 2199 Canon
1513 2148 1564 2199 S.
1593 2150 1986 2215 Scripturarum
2017 2164 2206 2215 reapse
2232 2150 2561 2212 absolvatur,
2589 2166 2695 2199 non
2722 2154 2803 2199 est
2829 2147 3042 2197 difficile

555 2237 774 2287 definire
811 2244 934 2304 post
971 2238 1427 2288 authenticam
1466 2237 1518 2287 S.
1557 2236 1848 2286 Concilii
1885 2238 2259 2287 Tridentini
2297 2237 2844 2297 declarationem,
2892 2236 3038 2283 nimi-

552 2341 693 2375 rum:
725 2326 895 2386 „illis
935 2326 1240 2375 omnibus
1267 2340 1339 2375 ac
1366 2324 1552 2388 solis,
1593 2326 1703 2390 qui
1730 2332 1994 2375 exstant
2028 2327 2288 2375 nuncin
2314 2324 2559 2374 Bibliis
2586 2324 2638 2374 S.
2665 2323 3037 2388 Vulgatae.“

551 2413 704 2463 Haec
731 2429 815 2463 res
844 2414 908 2463 de
932 2413 1035 2463 fide
1063 2417 1158 2475 est,
1186 2428 1309 2462 nam
1334 2413 1527 2462 Libros
1551 2412 1648 2463 hos
1675 2413 2029 2463 Ecclesiae
2056 2412 2281 2462 Canon
2306 2428 2381 2461 ex
2404 2412 2634 2461 Veteri
2658 2410 3041 2460 Traditione

552 2502 816 2565 probavit.
843 2501 1130 2549 Enimvero
1156 2500 1438 2549 Ecclesiae
1459 2498 1693 2549 officium
1715 2505 1814 2563 est,
1832 2516 1898 2549 ea
1922 2515 2061 2566 quae
2087 2504 2213 2550 sunt
2237 2500 2491 2549 divinitus
2516 2498 2772 2560 revelata,
2798 2496 3041 2547 fidelibus

553 2587 820 2637 credenda
854 2603 1180 2654 proponere3
1228 2602 1293 2635 ac
1337 2587 1559 2653 proinde
1598 2588 1759 2635 etiam
1796 2588 2013 2653 quinam
2051 2588 2159 2636 sint
2194 2587 2344 2635 Libri
2383 2586 2547 2637 Sacri.
2610 2585 2667 2635 Si
2702 2585 2956 2634 Ecclesia
2989 2586 3041 2633 in

552 2674 963 2726 determinandis
983 2676 1162 2725 Libris
1185 2674 1470 2725 Canonicis
1490 2674 1722 2725 humano
1744 2676 1932 2740 spiritu
1951 2679 2202 2737 uteretur,
2225 2676 2438 2724 omnino
2458 2674 2853 2725 incommodum
2881 2678 3039 2724 esset:

551 2762 695 2826 quod
720 2762 789 2811 ad
813 2763 1115 2812 Ecclesiam
1140 2764 1435 2828 pertineret
1471 2762 1839 2812 determinatio
1880 2761 2186 2828 Scripturae
2226 2762 2559 2826 eanonica03
2600 2777 2665 2810 ex
2691 2777 2799 2826 qua
2827 2766 2951 2810 sunt
2975 2762 3040 2809 ab

547 2851 668 2915 ipsa
703 2849 955 2900 Ecclesia
992 2850 1327 2900 definiendae
1364 2849 1489 2928 (fidei
1527 2851 1885 2915 quaestiones.
1940 2851 2102 2899 Modo
2142 2866 2270 2900 vero
2309 2866 2430 2899 cum
2455 2865 2489 2899 a
2517 2849 2715 2914 Spiritu
2754 2847 2952 2898 Sancto
2986 2849 3041 2896 in

554 2951 619 2986 ea
655 2937 1096 2989 determinatione
1136 2938 1393 3004 dirigatur
1421 2967 1486 2974 -
1518 2940 1667 2987 iuxta
1702 2937 1833 2986 illud
1871 2936 2069 2988 Christi
2104 2953 2191 3002 ap.
2228 2937 2425 2987 Joann.
2467 2940 2547 3000 14,
2587 2939 2670 2986 26.
2712 2935 3039 2998 „Paraclitus

551 3029 730 3075 autem
757 3025 982 3092 Spiritus
1010 3025 1253 3089 Sanctus,
1278 3025 1368 3075 ille
1407 3041 1503 3074 vos
1541 3025 1756 3074 docebit
1793 3027 1971 3074 omnia
2009 3029 2063 3075 et
2099 3031 2349 3090 suggeret
2375 3027 2609 3090 omnia;“
2648 3022 2877 3072 scilicet:
2906 3036 3039 3087 quae

552 3112 791 3163 Christus
836 3129 932 3178 per
979 3113 1262 3180 Apostolos
1312 3128 1454 3176 suos,
1501 3113 1591 3162 vel
1639 3114 1856 3177 scripte,
1908 3113 1993 3162 vel
2036 3114 2161 3162 viva
2195 3129 2329 3163 voce
2365 3113 2575 3162 locutus
2614 3118 2695 3162 est
2738 3139 2799 3147 --
2838 3110 3039 3160 nullum

551 3202 764 3250 omnino
815 3205 895 3250 est
941 3200 1350 3263 incommodum,
1399 3199 1542 3266 quod
1586 3201 1707 3265 ipsa
1753 3201 1913 3250 etiam
1958 3200 2209 3250 Ecclesia
2255 3200 2493 3266 regulam
2538 3199 2684 3248 illam
2730 3198 3040 3248 infallibiter

550 3288 820 3348 diiudicet,
847 3305 912 3337 ex
939 3303 1045 3353 qua
1082 3291 1326 3353 oporteat
1361 3275 1780 3338 controversiam
1815 3287 1939 3337 fidei
1978 3291 2122 3337 certo
2160 3288 2531 3337 determinare.
2570 3286 2627 3336 Si
2664 3288 2803 3336 enim
2841 3285 3037 3350 singuli

551 3377 746 3441 quique
784 3374 908 3424 fidei
945 3374 1169 3436 articuli,
1198 3376 1289 3439 qui
1324 3375 1582 3425 naturalis
1619 3377 1841 3426 rationis
1868 3381 2084 3442 captum
2109 3375 2373 3426 excedunt
2406 3391 2503 3440 per
2539 3390 2598 3425 se
2636 3373 2880 3424 difficiles
2918 3378 3039 3423 sunt

550 3463 620 3511 ad
657 3462 994 3524 credendum,
1044 3462 1273 3527 ideoque
1323 3467 1532 3527 oportet
1576 3478 1668 3513 eos
1716 3465 2013 3514 certissima
2061 3463 2343 3514 Ecclesiae
2382 3463 2697 3512 auctoritate
2734 3461 3036 3510 hominibus

551 3550 936 3613 commendari3
977 3553 1176 3614 quanto
1213 3550 1382 3614 magis
1420 3551 1538 3614 ipsa
1573 3552 1772 3600 veritas
1810 3553 2095 3601 universae
2122 3549 2443 3616 Scripturae,
2469 3552 2523 3598 in
2562 3564 2670 3614 qua
2707 3563 2891 3598 omnes
2928 3548 3037 3596 fere

550 3635 759 3686 articuli
794 3636 920 3686 fidei
957 3636 1311 3699 continentur,
1340 3636 1620 3686 Ecclesiae
1645 3639 1946 3688 testimonio
1972 3639 2249 3703 indigebit,
2277 3642 2338 3686 ut
2373 3638 2440 3686 ab
2468 3639 2585 3702 ipso
2614 3635 2814 3702 Spiritu
2842 3635 3035 3685 Sancto

549 3723 750 3773 dictata
787 3739 904 3774 esse
942 3723 1222 3773 credatur?
1267 3725 1454 3789 Neque
1491 3725 1754 3774 internum
1794 3724 2017 3790 Spiritus
2058 3725 2109 3774 S.
2147 3725 2505 3774 testimonium
2544 3723 3036 3774 critico-historicae

551 3811 840 3875 cognitioni
876 3812 1114 3860 iunctum
1156 3839 1214 3847 —-
1267 3827 1373 3876 quo
1423 3827 1593 3876 nuper
1640 3828 1753 3861 rem
1791 3806 2039 3877 expedire
2077 3812 2179 3862 sibi
2216 3813 2361 3862 visus
2400 3817 2483 3861 est
2520 3810 2587 3860 H.
2624 3811 2676 3860 J.
2715 3811 3033 3871 Holzmann,

551 3897 737 3947 Canon
762 3914 814 3947 u.
839 3899 1119 3948 Tradition
1143 3898 1330 3948 Ludw.
1360 3899 1510 3948 1859.
1535 3916 1587 3964 p.
1618 3900 1733 3948 164.
1760 3915 1801 3948 s.
1829 3901 1909 3948 vir
1935 3899 2265 3950 acatholicus
2290 3927 2357 3935 --
2383 3898 2609 3962 sufficit3
2650 3899 2777 3963 quia
2802 3899 3033 3948 testimo-

548 3986 694 4034 nium
720 3986 939 4050 spiritus
964 3987 1161 4051 privati
1197 4001 1404 4052 semper
1427 3987 1535 4035 tale
1561 3985 1863 4048 haberetur,
1902 3987 2047 4052 quod
2082 3989 2267 4053 nequit
2292 4000 2551 4052 generare
2589 3985 2747 4035 fidem
2784 3985 3031 4034 divinam.

754 4073 844 4121 VI.
891 4073 964 4122 Ut
1014 4073 1162 4124 illum
1213 4074 1278 4124 de
1328 4090 1384 4123 re
1424 4079 1478 4123 et
1514 4075 1728 4124 nomine
1766 4073 2049 4124 Sacrarum
2088 4073 2479 4140 Scripturarum
2534 4074 2693 4124 etiam
2748 4074 2805 4122 in
2840 4087 3034 4138 genere

545 4162 752 4208 tantum
789 4164 1104 4226 conceptum
1155 4161 1504 4224 obtineamus,
1544 4162 1633 4225 qui
1670 4161 1831 4227 plane
1868 4162 2192 4228 respondeat
2229 4163 2345 4212 eius
2380 4162 2577 4225 indoli3
2617 4161 2783 4227 probe
2820 4161 3031 4210 novisse

548 4249 755 4310 oportet
799 4247 1068 4296 undenam
1118 4263 1298 4297 earum
1344 4264 1596 4298 numerus
1643 4263 1831 4298 secure
1870 4250 2208 4300 determinari
2240 4251 2449 4316 possit?
2500 4249 2821 4299 Huiusmodi
2856 4253 3033 4297 autem

547 4333 789 4395 quaestio
827 4332 953 4382 licet
987 4349 1084 4398 per
1120 4349 1178 4384 se
1215 4337 1536 4398 necessaria,
1578 4352 1640 4385 eo
1680 4337 1893 4386 maioris
1931 4338 2185 4386 momenti
2220 4336 2279 4386 fit
2312 4337 2465 4387 inde:
2505 4336 2648 4403 quod
2684 4351 2795 4386 non
2829 4339 3031 4384 tantum

546 4419 678 4466 varii
717 4434 782 4467 ex
819 4420 1207 4484 antiquioribus
1244 4421 1526 4472 haereticis
1575 4424 1631 4471 in
1677 4422 1781 4472 hoc
1818 4424 1885 4473 ab
1923 4423 2175 4474 Ecclesia
2212 4423 2491 4473 Catholica
2526 4423 2900 4485 dissenserint3
2939 4421 3033 4470 sed

547 4519 728 4554 omnes
747 4521 958 4570 quoque
971 4505 1284 4569 Acatholici,
1305 4513 1518 4572 praeter
1539 4507 1776 4560 Graecos
1798 4508 2189 4571 Schismaticos,
2206 4512 2523 4560 secesserint
2542 4511 2611 4560 ab
2634 4512 2749 4560 eius
2769 4510 3029 4561 doctrina.
3105 4549 3110 4554 .

545 4590 718 4658 Atque
744 4591 813 4641 ad
837 4591 978 4642 hanc
1005 4594 1368 4661 quaestionem
1405 4595 1562 4664 plene
1601 4596 2005 4663 discutiendam,
2046 4598 2312 4666 oportebit
2348 4597 2709 4653 demonstrare
2742 4599 2807 4649 iis
2844 4597 3029 4652 mediis
