3309 5300
1159 448 1223 488 De
1250 448 1483 498 Interpret.
1514 450 1556 489 S.
1590 451 1634 489 S.
1665 447 1906 492 Catholica.
2644 436 2774 500 335

269 624 523 683 leudam
568 628 688 685 tela
731 624 1041 701 peterent?
1097 627 1209 685 Sed
1242 627 1288 683 si
1322 628 1422 705 qui
1466 628 1697 687 inventi
1744 633 1896 699 sunt,
1944 628 2046 705 qui
2091 634 2332 685 strenue
2375 628 2434 685 id
2480 630 2775 698 facerent-3

271 734 444 787 certe
486 750 595 805 pro
637 735 805 789 tanto
850 750 1096 789 numero
1140 732 1607 790 adversariorum
1655 750 1776 789 non
1817 753 1884 790 ea
1927 732 2109 806 copia,
2175 750 2292 808 qua
2341 751 2484 806 opus
2529 735 2673 802 erat,
2719 732 2784 789 in

269 834 548 894 Ecclesia
576 837 838 894 fuerunt.
891 837 1021 894 Jam
1071 837 1226 895 enim
1272 837 1540 895 meliores
1587 842 1952 914 queruntur:
2013 836 2332 894 studium
2378 836 2782 894 Literarum

270 942 798 998 monachorum
828 941 1239 998 rarissimus
1272 943 1588 1012 curabat,
1624 941 2163 1010 venationibus,
2193 941 2336 998 otio
2367 946 2436 998 et
2467 960 2782 998 commes-

270 1043 697 1102 sationibus
722 1050 930 1101 erant
952 1044 1206 1114 dediti,
1232 1050 1302 1102 et
1333 1045 1520 1102 nihil
1552 1046 1789 1102 minus
1821 1065 2027 1123 quam
2059 1043 2444 1102 lectionem
2467 1045 2782 1119 Scriptu-

270 1166 454 1204 raru
470 1169 526 1205 m
561 1150 947 1205 curabant.‘
974 1148 1134 1205 Hinc
1160 1146 1553 1205 sectariorum
1577 1149 1682 1205 illo
1707 1168 1859 1239 aevo·
1881 1167 2011 1205 cum
2036 1149 2098 1205 in
2121 1148 2436 1206 saecularis
2459 1153 2584 1206 tum
2610 1168 2782 1222 regu-

270 1251 421 1308 laris
469 1252 627 1309 Cleri
674 1253 958 1323 alumnos,
1005 1253 1345 1330 frequentes
1390 1254 1662 1310 sarcasmi
1709 1257 1771 1309 et
1815 1253 2032 1311 cavilli.
2093 1250 2260 1313 Quae
2306 1272 2480 1309 causa
2524 1253 2668 1309 fuit:
2715 1257 2785 1309 ut

270 1356 445 1411 Deus
491 1356 814 1414 Ecclesiam
860 1357 1074 1414 Christi
1122 1361 1359 1413 ornaret
1390 1357 1966 1431 magnificentissimo
2015 1375 2258 1414 munere
2290 1356 2777 1426 ,institutione

273 1458 670 1517 Societatis
700 1461 737 1517 J
748 1481 816 1517 es
831 1465 908 1517 u.‘
956 1464 1124 1543 Inter
1162 1462 1481 1536 praecipua
1510 1461 1689 1517 huius
1719 1461 1954 1518 Ordinis
1985 1462 2210 1531 decora,
2243 1460 2620 1519 referendum
2653 1480 2783 1518 esse

275 1581 625 1621 censemus:
694 1566 847 1640 quod
908 1584 979 1620 ea
1038 1564 1224 1621 multa
1277 1564 1736 1639 theologicarum
1799 1564 2240 1637 disciplinarum
2306 1563 2531 1620 lumina
2600 1568 2782 1642 atque

277 1666 583 1724 columina
630 1668 999 1742 produxerit3
1046 1688 1154 1726 nec
1200 1669 1391 1726 ullum
1436 1670 1561 1726 fere
1607 1669 1686 1725 sit
1731 1668 2069 1726 Studiorum
2099 1668 2428 1725 Bibliorum
2475 1688 2676 1742 genuS,
2710 1671 2781 1726 de

282 1790 406 1847 quo
454 1791 576 1828 non
622 1771 858 1849 quidam
895 1772 1057 1828 illius
1090 1772 1378 1829 sodalium
1411 1773 1589 1831 variis
1621 1772 1957 1830 nominibus
1988 1772 2448 1847 praeclarissime
2478 1774 2780 1847 promeriti

272 1875 529 1932 fuerint.
576 1876 934 1933 Prodierunt
981 1895 1058 1933 ex
1105 1896 1175 1933 66
1218 1877 1354 1947 viri,
1403 1881 1748 1935 cunctorum
1793 1877 2152 1934 eruditorum
2199 1876 2475 1951 suffragio
2521 1878 2778 1949 maximi,

274 2000 423 2037 vere
447 1982 654 2038 heroes
680 1980 959 2051 literarii3
993 2000 1112 2038 non
1136 1982 1207 2039 ad
1232 1981 1323 2038 sui
1346 1985 1590 2052 tantum,
1624 1983 1724 2039 sed
1757 1982 1942 2039 omnis
1974 1980 2100 2039 aevi
2133 1981 2470 2055 exemplum
2502 1980 2778 2040 illustres,

279 2081 479 2145 Quam
518 2086 676 2143 viam
722 2085 970 2159 ingressi
1014 2086 1239 2143 fuerint
1283 2086 1394 2143 viri
1443 2087 1748 2144 Societatis
1778 2086 1814 2142 J
1817 2106 1919 2144 esu
1958 2086 2020 2142 in
2061 2086 2425 2159 exponendis
2455 2086 2511 2145 S.
2544 2085 2775 2157 Literis,

276 2190 491 2263 pandit
537 2190 769 2261 ,Ratio
816 2190 1265 2261 Studiorum‘,
1313 2210 1463 2267 quae
1494 2191 1651 2247 inter
1679 2191 1916 2265 regulas
1944 2190 2290 2248 Professoris
2335 2190 2391 2247 S.
2439 2188 2778 2265 Scripturae

276 2294 523 2350 statuit:
586 2294 913 2368 ,Intelligat
972 2315 1105 2352 suas
1165 2299 1361 2369 partes
1425 2315 1548 2353 esse
1604 2295 1852 2353 Divinas
1913 2294 2142 2352 Literas
2198 2294 2369 2351 iuxta
2434 2314 2777 2369 germanum

276 2395 694 2475 literalemque
750 2418 1001 2469 sensum,
1064 2399 1166 2475 qui
1211 2404 1431 2456 rectam
1476 2398 1542 2455 in
1588 2399 1780 2456 Deum
1827 2398 2020 2470 fidem,
2082 2401 2490 2476 bonorumque
2553 2418 2776 2456 morum

280 2502 563 2559 instituta
594 2502 919 2573 confirmet,
967 2503 1079 2577 pie,
1128 2504 1311 2573 docte,
1358 2504 1620 2577 graviter
1662 2503 1978 2586 explicare.
2038 2505 2206 2560 Inter
2250 2507 2461 2573 cetera,
2507 2504 2580 2559 ad
2626 2521 2777 2579 quae

279 2606 410 2664 61116
456 2606 708 2665 intentio
754 2608 997 2679 feratur,
1060 2606 1204 2665 illud
1266 2607 1646 2682 praecipuum
1709 2606 1802 2679 sit,
1864 2609 1933 2664 ut
1976 2607 2320 2665 Versionem
2381 2609 2454 2664 ab
2515 2607 2778 2665 Ecclesia

281 2711 666 2785 approbatam
712 2712 1007 2770 defendat.
1056 2713 1148 2768 Ex
1187 2713 1494 2783 Hebraeis,
1541 2711 1896 2789 Graecisque
1942 2693 2394 2786 exemplaribus,
2441 2713 2597 2790 quod
2641 2712 2774 2768 usui

282 2815 472 2872 fuerit
515 2816 578 2871 in
625 2835 753 2872 66111
798 2835 920 2874 rem
965 2817 1243 2890 proferat,
1288 2817 1549 2874 breviter
1593 2821 1825 2886 tamen3
1879 2835 1987 2873 nec
2019 2835 2089 2873 ea
2117 2815 2376 2874 vicissim
2422 2821 2772 2892 praetereat,

278 2937 437 2995 quae
481 2920 705 2978 latinae
749 2921 991 2979 editioni
1022 2921 1313 2995 vulgatae
1340 2921 1595 2998 fideique
1626 2921 1920 2997 mysteriis
1965 2919 2137 2979 valde
2183 2921 2443 2978 faveant.
2492 2920 2552 2977 Si
2587 2939 2760 2998 quem

277 3023 573 3082 literalem
593 3025 918 3100 cuiuspiam
939 3024 1051 3083 loci
1082 3045 1317 3083 sensum
1342 3045 1465 3083 esse
1489 3025 1822 3099 significant
1849 3024 2200 3082 Pontificum
2234 3045 2337 3082 6611
2361 3024 2772 3094 001161110111111,

276 3129 628 3202 praesertim
687 3129 1049 3204 generalium
1098 3128 1375 3199 CanoneS,
1438 3148 1571 3185 eum
1635 3121 1872 3186 omnino
1933 3128 2224 3186 literalem
2287 3149 2410 3187 6666
2473 3129 2768 3186 defendat.

281 3231 672 3295 Quaestiones
717 3233 773 3290 8.
811 3233 866 3291 8.
911 3235 1174 3308 proprias
1221 3234 1565 3291 scholastico
1611 3252 1772 3290 more
1818 3253 1934 3290 non
1980 3236 2212 3290 tractet.
2261 3233 2431 3290 Nihil
2475 3233 2774 3309 antiquius

277 3338 516 3408 habeat,
550 3355 723 3414 quam
755 3342 821 3394 ut
853 3337 1042 3412 primo
1073 3339 1198 3412 ipsa
1224 3340 1280 3395 8.
1304 3339 1359 3396 8.
1391 3339 1572 3396 verba
1601 3357 1886 3414 perquam
1917 3336 2152 3411 integra
2176 3323 2290 3394 fide
2321 3337 2767 3410 interpretetur.

282 3441 535 3498 Studeat
578 3442 919 3500 adiumenta
964 3463 1249 3521 quaerere
1279 3464 1354 3501 ex
1386 3443 1518 3500 aliis
1559 3441 1779 3514 linguis
1810 3441 2250 3499 Orientalibus.‘
2305 3442 2451 3504 Quis
2482 3460 2621 3499 vero
2651 3460 2768 3497 non

278 3545 603 3603 demiretur
631 3567 704 3604 ex
736 3547 966 3618 11061116,
1013 3551 1073 3605 et
1118 3547 1326 3604 alienis
1373 3547 1668 3606 exstitisse
1714 3544 2121 3619 scriptoribuS,
2159 3546 2259 3623 qui
2296 3544 2772 3620 interpretationi

279 3669 319 3706 a
375 3651 440 3707 P.
497 3653 561 3708 P.
622 3651 926 3709 Societatis
970 3652 1109 3709 Jesu
1169 3652 1342 3708 iuxta
1402 3650 1635 3726 regulas
1699 3650 1970 3707 laudatas
2030 3649 2349 3719 adhibitae,
2409 3649 2652 3707 infestos
2709 3667 2770 3705 se

276 3755 632 3827 praebuere,
691 3754 787 3832 qui
835 3774 977 3830 prae
1022 3742 1210 3814 livore
1255 3774 1324 3813 ac
1367 3755 1592 3813 invidia
1634 3754 1873 3812 illorum
1935 3755 2327 3813 eruditionem
2374 3758 2551 3832 atque
2596 3753 2767 3810 indu-

278 3858 485 3916 striam
529 3859 781 3917 iniuriae
811 3860 935 3917 loco
965 3859 1323 3917 habuerint?
1371 3859 1448 3917 Et
1478 3879 1619 3919 vero
1650 3878 1880 3916 omnem
1926 3879 2048 3917 rem
2095 3859 2421 3934 Exegeseos
2450 3857 2769 3916 Jesuiticae

280 3983 339 4019 u.
381 3964 436 4020 d.
484 3961 736 4020 mordaci
768 3968 829 4020 et
858 3965 1068 4021 acerbo
1112 3964 1406 4021 scribendi
1451 3983 1667 4038 genere
1712 3949 1982 4021 insectati
2013 3963 2179 4020 fuere
2212 3963 2515 4022 Societatis
2562 3963 2769 4019 adver-

280 4067 449 4136 sarii3
497 4086 688 4144 neque
728 4071 922 4124 tamen
959 4067 1099 4124 hinc
1144 4067 1390 4140 contigit
1436 4068 1749 4144 quominus
1796 4067 2054 4141 plurimi,
2099 4069 2269 4144 aequi
2303 4086 2497 4125 rerum
2545 4065 2767 4124 iudices

280 4171 477 4245 palam
508 4172 871 4228 faterentur:
913 4171 1198 4249 quidquid
1232 4175 1336 4228 aut
1366 4171 1710 4246 linguarum
1740 4170 2116 4228 orientalium
2146 4171 2390 4248 peritia;
2425 4174 2529 4228 aut
2558 4171 2769 4228 notitia

282 4276 711 4354 antiquitatum
758 4281 819 4332 et
863 4276 1283 4350 geographiae;
1345 4276 1647 4353 omnisque
1713 4276 1854 4333 artis
1916 4275 2390 4333 hermeneuticae
2450 4280 2767 4350 apparatus

280 4381 655 4454 suppeditare
686 4383 916 4454 poterat
947 4381 1022 4436 ad
1052 4380 1109 4438 8.
1145 4380 1478 4438 Literarum
1510 4379 1986 4455 explicationem,
2032 4380 2091 4436 id
2132 4379 2344 4437 multos
2385 4382 2445 4436 P.
2483 4381 2545 4436 P.
2579 4379 2765 4438 Socie-

214 4485 217 4488 ’
280 4484 421 4541 tatis
451 4485 593 4542 Jesu
622 4502 816 4541 secum
850 4483 1135 4541 attulisse.
1178 4486 1315 4541 Non
1346 4488 1542 4542 autem
1573 4503 1772 4541 omnes
1804 4484 1860 4540 8.
1893 4483 1949 4540 8.
1985 4484 2037 4541 J.
2069 4502 2372 4540 recensere
2402 4485 2628 4540 animus
2659 4487 2765 4552 est,

283 4588 384 4665 qui
433 4607 643 4660 magno
689 4589 915 4658 ardore,
962 4607 1071 4644 nec
1117 4588 1329 4644 minori
1375 4607 1643 4645 successu
1690 4589 1744 4644 S.
1777 4589 1834 4644 8.
1884 4588 2222 4644 tractandas
2267 4592 2652 4662 susceperunt
2687 4618 2758 4628 ——
