3309 5300
511 388 594 451 62
1193 400 1427 441 comment.
1459 398 1511 441 de
1539 400 1584 441 S.
1607 400 1816 452 Scriptur.
1848 412 1941 451 cap.
1972 401 2099 451 prim.
2132 403 2240 443 sect.
2270 402 2327 442 11.

508 577 647 625 siae
683 574 1201 638 Alexandrinae,
1239 578 1330 641 qui
1368 592 1488 625 cum
1523 577 1819 627 Athanasio
1860 578 2096 627 eiusdem
2130 577 2411 628 Ecclesiae
2448 581 2758 644 presbytero
2796 596 2843 630 a.
2881 582 3002 631 451.

505 663 745 713 interfuit
782 662 1022 712 Concilio
1075 663 1517 713 chalcedonensi.
1578 666 1768 714 Latius
1818 666 1883 714 de
1936 682 1999 714 eo
2046 667 2155 730 egit
2198 664 2529 729 Gallanfflus,
2577 667 2716 716 Bibl.
2754 669 2819 718 X.
2867 668 3004 733 prol.

507 766 550 799 c.
585 752 632 799 6.
669 767 721 815 p.
751 752 831 800 11.
859 766 918 812 s.,
969 751 1037 800 ad
1075 767 1231 816 quem
1267 752 1492 815 proinde
1530 753 1797 801 curiosum
1831 752 2084 802 lectorem
2119 754 2448 803 remittimus.
2484 754 2771 804 Euthalius
2806 772 3003 821 magno

504 837 698 902 plausu
750 837 852 887 hoc
902 854 1034 903 opus
1085 837 1302 887 difficile
1339 838 1622 903 adgressus
1675 844 1780 903 est3
1832 841 1943 889 sive
1995 855 2086 889 eas
2136 842 2399 890 sectiones
2447 858 2510 891 ex
2547 845 2716 892 veteri
2766 844 3003 893 eiusdem

503 924 782 975 Ecclesiae
832 941 931 975 usu
983 926 1329 991 expresserit3
1386 927 1498 974 sive
1547 925 1829 976 Athanasii
1877 926 2280 992 Archiepiscopi
2336 930 2418 977 sui
2466 930 2615 979 iussu
2662 932 3003 994 partitionem

503 1012 752 1061 illam·in
801 1013 966 1062 LVII.
1015 1012 1272 1062 lectiones
1319 1014 1520 1077 primus
1569 1015 1877 1078 susceperit.
1942 1014 2023 1063 cf.
2063 1016 2321 1079 Zacagni,
2371 1014 2406 1064 l.
2445 1032 2489 1064 c.
2526 1034 2578 1081 p.
2616 1018 2699 1065 83.
2738 1032 2779 1065 s.
2834 1017 3002 1067 «Iussu

505 1098 786 1149 Athanasii
821 1099 1169 1149 Alexandrini
1217 1100 1635 1166 Archiepiscopi,
1684 1100 1850 1150 alacri
1898 1102 1999 1151 iter
2046 1103 2341 1167 suscipiens
2386 1104 2561 1153 animo
2599 1103 2885 1153 Euthalius
2932 1105 3003 1153 ad

504 1187 826 1237 Caesaream
861 1188 1200 1238 Palaestinae
1245 1189 1432 1238 urbem
1469 1204 1527 1237 se
1564 1187 1817 1251 contulit3
1869 1193 1929 1237 ut
1975 1188 2044 1237 ad
2082 1191 2418 1239 exactissima
2466 1191 2807 1256 exemplaria,
2860 1207 3000 1257 quae

503 1274 678 1324 adhuc
713 1275 914 1324 ibidem
948 1276 1005 1324 in
1051 1275 1504 1325 Bibliotheca
1539 1290 1574 1324 a
1609 1274 1989 1340 Pamphylo
2034 1275 2339 1341 Martyre
2388 1282 2451 1326 et
2493 1279 2803 1328 Eusebio
2845 1279 2999 1327 Cae-

502 1364 819 1412 sareensi
866 1367 1168 1412 constructa
1204 1364 1556 1413 servabantur
1578 1392 1645 1398 —
1674 1362 1899 1412 eandem
1936 1363 2004 1411 ad
2042 1367 2249 1429 tempus
2286 1380 2457 1431 usque
2493 1365 2736 1414 Euthalii
2778 1366 2999 1415 durasse

499 1451 690 1499 mirum
743 1466 853 1499 non
907 1455 1010 1512 est,
1073 1465 1198 1499 nam
1253 1451 1366 1499 eius
1422 1450 1632 1499 codices
1688 1455 1955 1499 vetustate
2010 1450 2343 1513 fatiscentes,
2403 1451 2629 1516 plurimo
2686 1452 2872 1502 labore
2926 1454 2995 1502 ab

499 1538 705 1587 Euzoio
742 1538 1012 1603 Episcopo
1053 1537 1403 1586 Caesarcensi
1448 1540 1504 1585 in
1541 1539 1862 1587 membranis
1898 1539 2169 1587 restitutos
2207 1538 2387 1601 fuisse,
2426 1541 2575 1588 testis
2608 1545 2689 1589 est
2726 1540 2778 1589 S.
2804 1541 2997 1590 Hiero·

499 1641 688 1688 nymus
727 1641 808 1689 ep.
846 1626 930 1686 34,
961 1628 1005 1674 1.
1044 1624 1114 1673 ad
1147 1624 1457 1674 Marcellam
1493 1642 1543 1689 p.
1574 1626 1690 1674 155.
1731 1630 1783 1675 et
1820 1625 1884 1675 de
1922 1626 2031 1674 Vir.
2068 1624 2142 1675 ill.
2176 1643 2219 1675 c.
2251 1628 2365 1675 113.
2403 1644 2455 1691 p.
2482 1628 2599 1676 203.
2628 1655 2694 1663 —
2719 1627 2997 1676 Actuum

498 1711 1070 1777 Apostolicorum
1109 1717 1162 1761 et
1195 1712 1679 1777 Epistolarum
1727 1711 2257 1762 Catholicarum
2293 1717 2493 1762 textum
2530 1715 2810 1763 conferret.
2874 1713 2997 1763 Col-

497 1799 634 1849 latos
688 1799 852 1849 libros
909 1799 1193 1849 Euthalius
1251 1801 1306 1847 in
1365 1798 1625 1863 capitula,
1682 1798 1941 1849 lectiones
1997 1816 2288 1865 versusque
2342 1800 2605 1863 distinxit,
2663 1807 2717 1851 et
2769 1801 2995 1851 aliorum

501 1888 552 1937 S.
594 1888 899 1953 Scripturae
937 1887 1190 1949 locorum,
1241 1888 1332 1951 qui
1379 1888 1436 1935 in
1484 1886 1673 1937 iisdem
1721 1886 1943 1936 Actibus
1990 1892 2045 1936 et
2090 1887 2347 1953 Epistolis
2390 1894 2749 1938 memorantur
2796 1889 2993 1938 catalo-

497 1992 620 2040 gum
671 1977 861 2038 texuit,
914 1980 1072 2040 atque
1123 1974 1192 2023 ad
1239 1974 1591 2023 Athanasium
1638 1970 1961 2041 ἐργοδιώκτην
2011 1975 2167 2023 misit.
2232 1974 2480 2023 Ceterum
2524 1976 2580 2023 in
2617 1974 2849 2025 Actuum
2891 1976 2993 2041 Ap.

498 2061 744 2127 capitulis
783 2062 1166 2111 concinnandis
1205 2077 1443 2110 normam
1481 2076 1514 2110 a
1551 2077 1591 2110 s.
1631 2062 1690 2109 P.
1729 2061 1788 2111 P.
1827 2066 1879 2111 et
1916 2060 1968 2109 S.
2006 2062 2071 2111 Ε.
2123 2062 2214 2126 qui
2248 2063 2423 2126 ipsum
2460 2067 2635 2111 aetate
2683 2078 2991 2127 praecesse-

495 2153 619 2197 runt
654 2149 876 2213 accepit.
903 2177 971 2183 —
995 2149 1264 2197 Discimus
1302 2147 1436 2198 haec
1473 2150 1652 2197 omnia
1690 2164 1754 2197 ex
1784 2148 2025 2197 Euthalii
2062 2147 2303 2212 epistola,
2342 2164 2449 2213 qua
2486 2164 2618 2214 opus
2655 2150 2798 2199 istud
2834 2166 2991 2199 suum

493 2236 788 2285 Athanasio
839 2236 1064 2297 dedicat,
1113 2236 1256 2301 apud
1305 2237 1630 2301 Zacagnium
1680 2252 1730 2300 p.
1768 2238 1887 2285 403.
1926 2252 1994 2299 s.;
2052 2252 2115 2284 ex
2164 2236 2277 2284 eius
2325 2236 2756 2299 praefatiuncula
2792 2238 2986 2301 episto-

491 2324 662 2373 larum
701 2323 1098 2373 Catholicarum
1135 2324 1397 2388 capitibus
1441 2323 1684 2389 praefixa
1718 2324 1790 2372 ib.
1828 2340 1879 2387 p.
1918 2325 2035 2372 475.
2074 2338 2143 2386 s.;
2189 2328 2469 2387 praeterea
2506 2339 2570 2372 ex
2618 2323 2728 2373 alia
2764 2329 2987 2373 annota-

492 2413 653 2474 tione,
691 2427 849 2477 quam
885 2412 942 2459 in
981 2410 1266 2460 earundem
1305 2410 1645 2475 epistolarum
1685 2410 1831 2459 calce
1870 2411 2143 2459 subiunxit
2178 2427 2229 2474 p.
2256 2412 2401 2474 513.;
2441 2410 2670 2475 denique
2709 2428 2739 2459 e
2764 2410 2987 2476 prologo

491 2500 548 2547 in
583 2499 724 2548 XIV.
787 2497 840 2548 S.
875 2497 1030 2547 Pauli
1066 2497 1167 2562 Ap.
1205 2513 1287 2562 ep.
1337 2515 1388 2563 p.
1427 2500 1546 2548 537.
1583 2526 1650 2533 —
1687 2498 1973 2547 Inventum
2025 2496 2267 2546 Euthalii
2320 2512 2568 2562 magnam
2620 2497 2741 2547 tulit
2794 2513 2986 2563 appro-

491 2587 788 2648 bationem,
839 2584 1129 2649 similisque
1179 2586 1472 2635 sectionum
1521 2586 1710 2635 divisio
1759 2600 1882 2634 mox
1934 2586 2092 2633 etiam
2141 2586 2197 2632 in
2245 2584 2518 2634 codicibus
2563 2584 2986 2650 Evangeliorum

491 2674 892 2723 stichometricis
919 2672 1161 2722 adhiberi
1187 2675 1342 2738 cepit.
1379 2674 1625 2738 Denique
1651 2689 1939 2739 progressu
1973 2674 2225 2738 temporis
2261 2674 2543 2723 Eusebii
2582 2678 2643 2722 et
2676 2672 2986 2722 Euthalii

491 2761 900 2822 divisiones,
949 2761 1297 2810 universos
1348 2760 1490 2810 fere
1539 2765 1814 2810 veteres
1854 2761 1905 2811 S.
1949 2760 2327 2810 Bibliorum
2377 2760 2645 2810 codices
2696 2775 2985 2825 graecos

494 2852 928 2912 occuparunt

486 3110 544 3188 ἓ.
579 3111 682 3176 20.
715 3106 1034 3173 Divisio
1081 3131 1472 3194 praesens
1505 3108 1571 3174 S.
1607 3107 2073 3194 Scripturae
2120 3108 2197 3171 in
2245 3109 2519 3194 capita
2561 3119 2635 3173 et
2671 3131 2978 3174 versus.

693 3301 1000 3351 Institutum
1025 3302 1252 3350 Divinas
1276 3302 1488 3353 Literas
1514 3303 1803 3368 Utriusque
1830 3302 2159 3351 Testamenti
2185 3303 2242 3350 in
2279 3303 2355 3350 sic
2380 3302 2523 3351 dicta
2560 3304 2782 3367 capita
2818 3309 2979 3368 atque

485 3404 730 3438 versus
789 3389 1148 3454 distinguendi
1194 3405 1301 3438 non
1345 3389 1488 3439 ultra
1533 3389 1736 3439 saeculi
1781 3390 2029 3439 decimi
2066 3394 2119 3438 et
2154 3390 2352 3439 tertii
2395 3390 2684 3438 medium
2720 3393 2979 3456 assurgit,

486 3492 592 3541 quo
631 3478 774 3526 circa
809 3492 1010 3526 annum
1043 3479 1192 3527 1240.
1245 3477 1632 3526 Cardinalis
1670 3477 1861 3542 Hugo
1900 3477 1966 3526 de
2006 3475 2057 3525 S.
2088 3477 2242 3538 Car0,
2270 3506 2335 3512 --
2364 3474 2566 3538 Gallus,
2591 3477 2979 3527 Dominicanus

484 3563 520 3626 †
547 3565 698 3613 1260.
737 3566 962 3630 scriptor
997 3564 1335 3614 Postillarum
1369 3565 1426 3612 in
1457 3565 1520 3614 V.
1561 3569 1612 3613 et
1636 3564 1701 3615 N.
1727 3564 1787 3614 T.
1816 3565 1949 3614 Ven.
1981 3565 2131 3614 1487.
2172 3569 2225 3613 et
2260 3580 2437 3628 saepe.
2466 3564 2549 3614 Cf.
2575 3566 2747 3630 Long,
2776 3565 2979 3615 Biblio-

484 3650 640 3698 theca
665 3667 706 3700 s.
732 3651 852 3700 Par.
883 3652 1034 3700 1723.
1060 3651 1129 3712 ΙΙ,
1158 3653 1274 3701 785.
1301 3680 1368 3686 -
1393 3651 1438 3700 Τ
1455 3656 1679 3700 extum
1714 3653 1972 3700 versionis
1998 3653 2281 3701 Librorum
2320 3651 2598 3701 Sacrorum
2635 3652 2976 3718 Vulgatae

482 3737 527 3785 L
545 3739 775 3787 atinae
807 3739 1101 3787 secundum
1126 3740 1356 3803 capita
1380 3740 1551 3787 maio
1567 3754 1639 3787 ra
1664 3739 1940 3803 disposuit,
1966 3739 2401 3804 singulorumque
2428 3741 2663 3804 capitum
2686 3740 2976 3804 particulas

480 3826 777 3875 minores
825 3841 1065 3875 versus
1114 3825 1278 3876 literis
1315 3827 1370 3875 in
1406 3827 1645 3890 margine
1684 3831 1896 3876 notatas
1934 3829 2221 3877 constituit.
2282 3828 2394 3877 Ista
2430 3827 2803 3877 subdividendi
2839 3829 2975 3876 ratio

481 3912 548 3960 ad
587 3914 864 3963 citationes
916 3915 1262 3979 opportunius
1316 3914 1684 3975 instituendaS,
1732 3915 2030 3979 citatosque
2079 3913 2223 3963 locos
2271 3914 2480 3964 facilius
2529 3914 2880 3964 inveniendos
2917 3916 2972 3962 in

483 3998 1045 4060 „concordantiis
1082 4000 1519 4063 Bibliorum“,
1558 4017 1691 4066 quas
1730 4001 1835 4050 fine
1875 4017 1937 4050 eo
1974 4002 2175 4065 primus
2212 4003 2321 4050 suis
2362 4017 2480 4050 cum
2516 4003 2768 4052 fratribus
2809 4003 2972 4068 Hugo

478 4087 774 4150 adornavit,
811 4089 1030 4138 inventa
1075 4089 1239 4137 fuisse
1277 4087 1500 4137 videtur.
1565 4087 1838 4138 Gilbertus
1876 4086 2269 4148 Genebrardus,
2307 4088 2613 4153 Theologus
2655 4089 2973 4138 Parisiensis

480 4174 951 4241 chronographiae
989 4175 1022 4224 l.
1059 4175 1151 4225 IV.
1190 4175 1260 4226 ad
1295 4191 1344 4225 a.
1386 4177 1536 4225 1241.
1576 4175 1657 4224 ed.
1697 4177 1817 4225 Par.
1858 4177 2009 4225 1585.
2047 4175 2187 4224 hanc
2222 4175 2279 4222 in
2314 4191 2426 4223 rem
2464 4192 2513 4240 p.
2553 4179 2670 4225 644.
2718 4181 2970 4225 annotat:

483 4261 717 4324 „Circa
778 4263 904 4312 hoc
963 4268 1230 4328 tempus
1289 4264 1527 4314 Biblia
1587 4265 1654 4312 in
1724 4263 2051 4329 capitula,
2122 4279 2294 4328 quae
2356 4263 2565 4313 hodie
2627 4263 2969 4326 habemus,

477 4350 1011 4416 distinguuntur.
1051 4350 1634 4402 Scholasticorum
1671 4353 1946 4401 videtur
1984 4367 2130 4400 esse
2166 4353 2544 4413 inventum,
2584 4336 2807 4401 eorum
2844 4352 2969 4400 for-

475 4441 690 4499 tasse,
730 4439 1016 4503 quicum
1042 4438 1318 4503 Hugone
1347 4439 1698 4488 Cardinali
1726 4439 2376 4488 concordantiarum
2405 4439 2593 4489 fuere
2630 4445 2968 4489 auctores.

475 4523 634 4574 Nam
689 4529 847 4574 ante
902 4527 1038 4575 ista
1092 4530 1394 4590 tempora
1447 4525 1780 4592 Theologi
1841 4529 2238 4592 superiores
2295 4542 2370 4576 ea
2428 4542 2559 4576 non
2614 4530 2967 4591 usurpant,

471 4610 838 4664 inferiores
894 4613 1318 4678 frequenter,
1373 4612 1757 4662 Alexander
1801 4613 2101 4676 Alesius,
2150 4613 2483 4663 Albertus
2536 4613 2847 4682 MagnuS,
2900 4614 2966 4663 D.
