3309 5300
1255 462 1400 509 Biblia
1426 463 1689 520 liugai-ica.
2595 454 2722 523 243

240 644 549 705 Iudicem
591 638 793 706 terrere
832 652 1232 723 suspectorum
1272 648 1559 706 librorum
1599 669 1668 707 ac
1704 651 2165 724 perniciosorum
2194 651 2576 727 scriptorum3
2619 652 2720 709 sed

239 753 405 811 etiam
432 752 704 826 regulam
733 754 1093 811 condendam
1124 752 1385 830 aliquam
1413 755 1485 811 de
1507 754 1785 811 Lectione
1813 754 1873 812 S.
1893 754 2234 830 Scripturae
2258 755 2325 812 in
2346 755 2553 829 lingua
2582 754 2719 815 vul-

240 857 374 931 gari.
436 850 709 913 Indicem
752 858 930 915 istum
972 876 1104 914 cum
1144 856 1438 914 adiunctis
1478 859 1714 931 regulis,
1766 858 1974 915 delecti
2019 860 2214 915 decem
2253 863 2312 915 et
2347 863 2474 917 octo
2513 860 2720 917 Patres

237 963 397 1017 iuxta
426 959 655 1036 Synodi
685 962 1128 1037 praescriptum,
1164 962 1567 1019 exhibuerunt
1590 962 1829 1020 Summo
1852 962 2129 1020 Pontifici
2159 964 2268 1021 Pio
2292 963 2428 1033 IV.;
2462 966 2563 1041 qui
2595 982 2715 1021 non

238 1063 521 1141 acquievit
550 1065 738 1123 labori
776 1069 836 1122 et
864 1065 1057 1123 studio
1084 1066 1155 1122 ad
1186 1066 1249 1121 id
1287 1065 1476 1140 operis
1524 1066 1938 1141 deputatorum
1983 1068 2272 1137 virorum,
2325 1069 2471 1144 quin
2501 1071 2564 1124 et
2591 1068 2716 1142 ipse

237 1188 329 1243 per
355 1187 413 1224 se
442 1187 573 1225 rem
605 1174 871 1227 accurate
901 1172 1241 1227 examinare
1270 1169 1489 1226 voluit:
1530 1170 1873 1248 priusquam
1911 1190 2044 1228 cum
2074 1171 2378 1244 obligandi
2407 1171 2621 1229 effectu
2650 1172 2717 1229 in

236 1273 568 1329 universum
601 1274 802 1330 orbem
832 1271 1225 1331 6611161111111111
1262 1274 1678 1348 promulgaret,
1714 1274 1872 1332 edita
1901 1276 2320 1333 constitutione
2353 1274 2716 1346 ,Dominici.‘

235 1374 617 1435 Confirmavit
658 1382 718 1435 et
764 1377 936 1435 auxit
978 1378 1243 1435 Iudicem
1286 1376 1495 1434 Sixtus
1541 1378 1610 1436 V.
1658 1383 1834 1456 atque
1880 1378 2144 1437 Clemens
2189 1379 2369 1437 VIII.
2391 1374 2418 1415 ²
2463 1378 2514 1435 E
2559 1398 2713 1436 com-

236 1480 388 1536 muni
424 1485 630 1537 autem
672 1482 938 1540 virorum
980 1484 1280 1540 doctorum
1321 1502 1431 1539 usu
1447 1525 1460 1551 ,
1505 1482 1645 1539 licet
1681 1482 1888 1556 lingua
1926 1483 2160 1558 vulgari
2202 1501 2253 1539 α.
2294 1483 2350 1540 S.
2385 1483 2718 1558 Scripturas

234 1586 300 1641 iis
328 1583 545 1657 legere,
591 1588 693 1663 qui
720 1587 808 1644 ad
850 1588 1056 1644 munia
1093 1586 1481 1653 ecclesiastica
1520 1587 1906 1645 concionandi
1949 1589 2265 1645 docendive
2302 1587 2716 1663 disponuntur.

235 1688 320 1745 Ex
359 1688 608 1747 indultu
646 1710 787 1748 vero
817 1692 1117 1749 Benedicti
1147 1691 1321 1748 XIV.
1354 1691 1690 1765 Scripturas
1720 1692 1924 1749 Sacras
1963 1692 2308 1750 vernaculas
2345 1691 2536 1766 legere
2577 1692 2718 1751 licet

238 1788 283 1863 β.
315 1793 588 1851 omnibus
630 1794 961 1865 Catholicis,
1006 1797 1318 1853 dummodo
1359 1794 1553 1855 versio
1597 1796 1679 1853 sit
1717 1816 1847 1871 app
1861 1798 2137 1866 robata3
2181 1800 2356 1875 atque
2397 1795 2720 1855 dilucidata

236 1899 709 1957 annotationibus
739 1918 815 1955 ex
858 1899 916 1957 S.
952 1900 1200 1957 Patrum
1232 1905 1293 1957 et
1320 1894 1728 1975 Interpretum
1767 1900 2187 1958 catholicorum
2217 1900 2652 1959 commentariis
2671 1898 2716 1957 3.

236 2001 400 2063 Queis
445 2004 757 2073 enarratis,
801 2005 1011 2060 merito
1058 2024 1191 2062 cum
1236 2004 1646 2078 indignatione
1693 2005 1991 2062 reiicimus
2039 2004 2362 2062 calumnias
2407 2004 2714 2063 Acatholi-

235 2124 419 2164 corum
440 2103 499 2163 ⁴:
548 2107 653 2184 qui
684 2106 1045 2166 cavillantur
1073 2108 1132 2165 S.
1165 2108 1371 2165 Sedem
1401 2108 1744 2179 Romanam,
1788 2108 1956 2186 quasi
2001 2108 2328 2168 universim
2357 2108 2415 2167 S.
2449 2109 2716 2185 Scriptu-

235 2228 319 2267 ras
348 2210 585 2285 populis
615 2210 848 2286 eripiat,
882 2214 992 2271 vix
1021 2212 1156 2269 unis
1186 2232 1280 2269 eas
1312 2213 1547 2269 tradens
1576 2212 1833 2270 clericis.

812 2524 871 2601 ξ.
923 2522 1066 2586 103.
1128 2518 1550 2584 Versiones
1604 2518 2122 2605 Hungaricae.

425 2742 747 2819 Postquam
778 2741 985 2817 priscis
1008 2743 1347 2814 Pannoniae
1378 2742 1587 2800 incolis
1609 2742 1923 2816 Evangelii
1953 2742 2331 2817 praeconium
2362 2746 2448 2800 est
2474 2763 2708 2801 annun-

232 2844 441 2902 ciatum
457 2890 471 2917 ,
526 2850 586 2902 et
629 2845 821 2903 cultus
867 2847 998 2904 veri
1034 2846 1145 2902 Dei
1182 2847 1465 2920 abrogata
1512 2847 1929 2922 superstitione
1943 2891 1956 2918 ,
2006 2848 2472 2926 posthabitisque
2523 2847 2710 2917 idolis,

232 2949 524 3022 Piligrini,
574 2971 621 3008 s.
662 2951 989 3022 Adalberti,
1038 2951 1271 3027 Geyzae
1322 2967 1497 3027 opera
1539 2951 1850 3028 inductus3
1903 2971 1995 3008 res
2042 2951 2343 3009 Catholica
2387 2952 2710 3026 plurimum

230 3055 537 3129 propagari
585 3055 741 3130 cepit
790 3056 917 3114 zelo
968 3055 1026 3112 S.
1067 3055 1423 3131 Stephani
1445 3053 1488 3113 ⁵.
1551 3056 1676 3113 Iste
1727 3056 1965 3133 quidem
2017 3055 2316 3130 piissimus
2369 3057 2714 3130 Hungariae

230 3157 641 3216 Proto-Rex
686 3159 926 3218 adscitis
958 3180 989 3217 e
1018 3159 1267 3218 Graecia
1296 3159 1479 3217 Italia
1509 3164 1569 3217 et
1596 3159 1916 3218 Germania
1944 3158 2234 3234 religiosis
2262 3159 2428 3231 viris,
2463 3178 2715 3237 quorum

231 3264 528 3339 praecipui
567 3264 763 3321 fuere:
810 3265 868 3322 b.
906 3266 1231 3322 Astricus
1262 3269 1322 3321 et
1356 3264 1415 3322 S.
1449 3264 1828 3336 GerarduS,
1865 3264 2204 3322 christianis
2233 3263 2425 3321 literis
2454 3269 2516 3322 et
2547 3283 2712 3321 man-

229 3368 531 3424 suetudine
560 3388 795 3425 sensum
824 3367 1165 3446 animosque
1195 3389 1436 3426 suorum
1466 3371 1835 3427 subditorum
1867 3374 2192 3444 temperare
2230 3368 2460 3426 studuit
2477 3365 2520 3426 6.
2582 3368 2714 3425 Rex

230 3471 595 3547 Apostolicus
608 3517 621 3544 ,
672 3477 732 3529 et
775 3472 1221 3547 vigilantissimi
1265 3473 1531 3531 novellae
1576 3473 1868 3531 Ecclesiae
1909 3473 2225 3531 Antistites
2239 3517 2252 3544 ,
2301 3472 2498 3531 sedulo
2544 3492 2712 3532 cura-

232 3577 397 3634 bant:
438 3581 510 3634 ut
538 3578 827 3653 neophyti
857 3577 923 3634 in
952 3577 1083 3649 fide,
1131 3580 1407 3648 moribus,
1442 3579 1631 3636 literis
1663 3584 1722 3635 et
1749 3578 1974 3636 artibus
2005 3579 2264 3636 honestis
2295 3578 2707 3636 instituantur.

430 3864 471 3928 ¹)
522 3865 652 3913 24-a.
694 3864 871 3913 Martii
910 3865 1060 3912 1564.
1134 3863 1175 3927 ²)
1223 3863 1455 3913 Uberior
1502 3863 1778 3912 doetrinae
1825 3863 1984 3912 huius
2034 3863 2295 3926 expositio
2344 3863 2609 3927 reperitur
2654 3863 2709 3912 in

226 3948 501 4000 Benedicti
548 3950 707 4012 XIV„
757 3950 824 4000 de
871 3948 1087 4015 Synodo
1136 3949 1385 3998 Dioeces.
1432 3949 1523 3998 VI.
1572 3951 1654 4011 10,
1705 3951 1754 3998 4.
1791 3951 1840 3998 5.
1878 3951 1926 3999 6.
1975 3949 2056 3999 611.
2103 3949 2254 3998 Rom.
2305 3950 2456 3998 1767.
2505 3948 2548 4010 Ι,
2593 3951 2711 3998 174.

226 4037 307 4087 Fr.
330 4038 489 4088 Lucii
526 4037 786 4100 Feri-aris,
823 4038 1041 4087 Promta
1077 4035 1413 4086 Bibliotheca
1438 4035 1497 4084 C.
1521 4036 1573 4085 J.
1598 4035 1672 4084 M.
1698 4035 1796 4085 Th.
1835 4036 1918 4085 ed.
1945 4034 2068 4086 Cas.
2095 4036 2264 4100 Neap.
2292 4035 2442 4084 1855.
2481 4033 2600 4096 VH,
2627 4035 2710 4084 84.

231 4125 415 4190 Script.
454 4139 499 4174 s.
538 4141 590 4174 n.
629 4127 712 4174 39.
752 4141 792 4174 s.
862 4122 903 4190 ³)
939 4124 1099 4173 Decr.
1138 4124 1331 4188 Congr.
1368 4123 1483 4172 Ind.
1524 4125 1607 4172 13.
1642 4123 1770 4172 Jun.
1810 4123 1962 4172 1757.
1999 4121 2182 4172 addita
2219 4121 2287 4171 ad
2321 4135 2430 4186 reg.
2469 4125 2713 4186 quartam

228 4211 427 4261 indicis.
492 4211 577 4260 Of.
616 4211 698 4260 ed.
735 4210 969 4260 Modaet.
1007 4228 1058 4276 p.
1100 4212 1180 4260 12.
1253 4211 1295 4275 ⁴)
1333 4210 1647 4276 Nuperrime
1683 4209 1954 4274 impudica
1994 4209 2170 4259 fronte
2205 4208 2302 4258 has
2339 4207 2710 4258 cavillationes

228 4298 415 4348 effutiit
450 4298 514 4347 A.
555 4297 822 4363 Ostertag,
861 4297 947 4346 die
983 4297 1139 4347 Bibel
1174 4297 1287 4346 und
1320 4296 1435 4346 ihre
1474 4295 1809 4346 Gesehichte.
1846 4295 1974 4346 Bas.
2014 4297 2164 4345 1857.
2201 4311 2253 4360 p.
2282 4297 2398 4346 199.
2460 4295 2501 4357 ⁵)
2540 4295 2712 4354 Quem

230 4385 693 4450 „gloriosissimum
748 4389 801 4434 et
852 4385 1218 4434 beatissimum
1272 4385 1445 4449 gentis
1506 4388 1722 4433 nostrae
1775 4382 2126 4449 Apostolum“
2189 4386 2348 4431 vocat
2407 4380 2710 4446 Stephanus

226 4470 588 4534 Werbiitzius,
638 4471 756 4522 Jur.
792 4470 972 4536 Hung.
1019 4476 1155 4536 part.
1204 4471 1273 4520 11.
1310 4472 1391 4520 tit.
1436 4473 1485 4520 3.
1559 4470 1599 4534 θ)
1651 4471 1774 4530 Qua
1822 4469 1888 4519 116
1937 4485 1994 4518 re
2041 4469 2301 4534 legendus
2345 4467 2711 4518 meritissimus

228 4557 284 4608 G.
318 4556 499 4623 Fejer,
536 4559 833 4624 Religionis
870 4562 924 4607 et
957 4558 1235 4607 Ecclesiae
1272 4557 1610 4608 Christianae
1648 4557 1792 4622 apud
1829 4557 2118 4621 Hungaros
2154 4555 2324 4604 initia.
2379 4554 2514 4604 Bud.
2555 4555 2707 4604 1846.

227 4662 271 4710 p.
308 4648 391 4695 52.
430 4663 472 4696 s.
513 4647 596 4696 88.
634 4661 675 4694 s.

2297 4728 2395 4782 16*
