3309 5300
554 440 636 507 14
1236 454 1473 495 Commeat.
1503 450 1555 494 de
1583 456 1626 495 S.
1647 452 1857 505 Scriptur.
1888 463 1981 503 cap.
2009 452 2135 503 prim.
2166 455 2276 495 sect.
2306 453 2339 495 Ι.

761 630 992 694 Canon
1025 619 1459 695 'Judaeorum
1520 628 2252 695 Palaestinensium
2314 639 2430 693 est
2483 629 2756 694 itidem
2812 629 3048 693 Canon

551 741 958 807 Judaeorum
992 742 1502 827 Graecorum3
1549 752 1746 829 atque
1780 742 2067 808 Canonis
2098 742 2596 829 palaestinensis
2638 742 2923 807 conditio
2958 744 3044 805 ex

551 878 647 937 ea,
677 878 872 941 quam
897 855 1077 941 apud
1090 847 1585 922 'Alexandrinos
1613 855 2184 942 deprehendimus,
2217 854 2549 920 metienda
2576 857 2696 919 erit
2719 859 2757 919 1.
2800 855 3044 920 Graeci

553 970 726 1032 enim
752 970 888 1033 sive
913 968 1346 1033 Alexandrini
1361 969 1620 1052 Judaei,
1640 968 1995 1033 earundem
2024 968 2467 1033 doctrinarum
2484 978 2551 1033 et
2568 970 3042 1032 institutionum

551 1081 813 1146 vinculo
864 1104 1013 1145 cum
1057 1081 1657 1147 Palaestinensibus
1714 1083 2072 1164 coniuncti,
2136 1104 2469 1147 sacrorum
2517 1077 3043 1146 communionem

552 1196 858 1260 continuo
891 1197 981 1259 ita
1005 1194 1480 1279 sustentabant,
1502 1206 1574 1259 ut
1599 1197 1951 1260 sententias
1974 1196 2539 1281 institutionesque
2560 1195 2645 1259 ad
2661 1218 2767 1260 res
2793 1194 3041 1259 divinas

553 1317 929 1394 spectantes
963 1330 1224 1393 semper
1248 1308 1330 1372 ab
1355 1308 1478 1372 illis
1507 1310 1900 1395 reciperent3
1930 1310 1999 1372 in
2021 1307 2219 1372 rebus
2243 1331 2403 1373 vero
2430 1307 2643 1372 dubiis
2666 1308 3041 1373 sacerdotes

550 1420 1184 1507 Hierosolymitanos
1233 1420 1649 1485 consulerent
1668 1423 1712 1496 ‚²-
1788 1421 1880 1486 At
1922 1444 2079 1486 vero
2138 1421 2401 1486 eosdem
2455 1421 2773 1504 homineS,
2822 1423 2932 1506 qui
2974 1422 3041 1484 in

548 1534 778 1599 ritibus
823 1534 1142 1619 religiosis
1190 1533 1614 1600 observandis
1676 1535 1844 1600 adeo
1900 1546 2165 1600 tenaces
2214 1559 2282 1599 se
2338 1558 2599 1621 semper
2649 1535 3035 1622 praebuere,

550 1646 820 1712 Canon
839 1670 950 1711 em
998 1646 1064 1712 S.
1096 1647 1518 1712 Librorum
1558 1650 1635 1711 in
1666 1647 2147 1713 Palaestina
2176 1658 2584 1734 receptum
2629 1650 3039 1712 immutare

548 1784 786 1827 ausos
818 1762 1100 1843 fuisse,
1143 1762 1309 1847 quis
1352 1784 1642 1847 quaeso
1687 1760 2165 1827 crediderit?
2226 1759 2447 1842 Quare
2481 1762 2743 1825 omnino
2778 1760 3039 1825 conclu-

547 1874 836 1939 dendum
870 1886 1002 1941 est:
1048 1876 1326 1941 eandem
1357 1876 1709 1941 Librorum
1743 1875 2095 1940 Sacrorum
2132 1874 2592 1957 conditionem,
2636 1896 2833 1959 quam
2864 1873 3040 1959 apud

546 1986 839 2053 Judaeos
874 1989 1170 2055 Graecos
1212 1992 1251 2054 i.
1287 2013 1342 2053 e.
1375 1988 1863 2053 Alexandrinos
1909 1989 2294 2073 reperimus,
2341 1987 2468 2051 hoc
2513 1997 2811 2078 tempore
2860 1986 3038 2071 apud

544 2101 1073 2167 Palaestinenses
1124 2124 1386 2187 quoque
1429 2101 1657 2166 fuisse:
1708 2101 2025 2187 siquidem
2061 2101 2319 2182 Judaei,
2354 2102 2465 2186 qui
2508 2100 2662 2164 inde
2710 2099 2793 2163 ab
2843 2098 3037 2163 exilio

544 2214 952 2301 Babylonico
998 2217 1064 2278 in
1095 2214 1404 2301 Aegypto
1441 2214 1894 2298 consederant,
1926 2237 2061 2278 non
2092 2213 2301 2279 solum
2331 2213 2569 2278 Libros
2617 2214 3038 2297 antiquioreS,

547 2328 663 2391 sed
710 2330 905 2392 etiam
954 2320 1272 2413 quosdam
1313 2332 1743 2413 recentiores3
1792 2338 1856 2392 et
1903 2327 2166 2413 quidem
2213 2328 2600 2391 auctoritate
2632 2325 2676 2390 J
2679 2326 3039 2390 udaeorum

543 2565 596 2613 p.
611 2550 754 2613 284.;
783 2564 892 2599 sae
907 2549 1040 2597 culi
1062 2550 1246 2599 tertii
1273 2548 1536 2615 Origenis‚
1558 2551 1613 2597 in
1635 2548 1859 2613 exposit.
1878 2548 2025 2598 Ps.I.
2042 2548 2123 2597 ed.
2141 2548 2345 2597 Lomm.
2360 2548 2453 2609 XI,
2470 2549 2586 2596 377.
2602 2575 2667 2582 —
2684 2562 2840 2611 quem
2861 2545 3039 2595 locum

551 2635 620 2685 ad
657 2636 881 2687 verbum
919 2638 1132 2700 repetiit
1166 2636 1448 2699 EusebiuS‚
1488 2636 1557 2686 H.
1593 2636 1660 2685 E.
1698 2636 1790 2698 VI,
1830 2637 1912 2686 25.
1950 2654 2002 2701 p.
2040 2637 2157 2685 432.
2188 2655 2279 2700 ——3
2320 2635 2530 2684 demum
2566 2634 2769 2684 saeculi
2807 2634 3039 2698 quarti

545 2723 598 2772 S.
633 2723 962 2789 Hieronymi,
1001 2724 1285 2789 Prologum
1322 2724 1618 2788 galeatum3
1660 2723 1711 2773 S.
1746 2723 2052 2789 Epiphanii,
2091 2723 2159 2772 dc
2194 2723 2415 2788 ponder.
2456 2727 2506 2771 et
2541 2737 2707 2770 mens.
2748 2724 2795 2783 ἓ.
2828 2723 2875 2770 3.
2903 2723 2951 2769 4.
2986 2738 3036 2785 p.

546 2812 660 2860 161.
700 2814 747 2859 2.
796 2814 843 2873 ἓ.
881 2814 963 2860 23.
1006 2813 1120 2860 180.
1161 2811 1514 2874 1.;‚Talmud
1550 2811 1957 2874 Babylonicum,
1997 2813 2085 2860 Tr.
2129 2810 2501 2861 Baba-hathra
2536 2809 2628 2858 fol.
2660 2811 2741 2858 14.
2778 2810 2834 2857 in
2871 2807 3037 2869 Wolf,

543 2897 796 2947 Biblioth.
821 2898 970 2947 hebr.
997 2903 1033 2947 t.
1059 2899 1130 2960 ΙΙ,
1157 2901 1206 2948 3.
1245 2900 1396 2959 Quae
1424 2900 1603 2948 omnia
1625 2899 2025 2948 monimenta
2048 2898 2122 2946 de
2158 2898 2601 2946 recentiorum
2627 2895 3037 2945 Judaeorum

545 2984 812 3034 Canone
851 2987 1051 3047 testari,
1088 2985 1230 3034 inf-ra
1264 2985 1504 3050 liquebit.
1554 2985 1711 3046 Quod
1744 2990 1924 3034 autem
1960 2985 2029 3033 ad
2065 2984 2425 3034 Talmudistas
2465 2985 2671 3044 attinet,
2710 2983 2837 3046 quia
2873 2981 3037 3031 tradi-

541 3071 778 3122 tionibus
834 3073 945 3122 suis
998 3072 1192 3121 multas
1253 3073 1606 3121 recentiorum
1663 3073 1939 3122 doctorum
1992 3071 2419 3120 inventiunculas
2475 3071 2906 3133 immiscuerunt3
2968 3068 3037 3118 ad

541 3157 964 3207 confirmandum
987 3159 1154 3209 Vetus
1181 3159 1582 3209 Testamentum
1619 3148 1841 3224 eiusque
1877 3159 2101 3208 formam
2138 3158 2565 3223 antiquissimam
2602 3157 2890 3206 eruendam
2928 3171 3038 3204 non

542 3260 658 3294 esse
697 3245 1001 3308 adeundos,
1051 3246 1206 3295 docet
1253 3263 1317 3295 ex
1361 3246 1689 3296 Acatholieis
1728 3245 1788 3297 C.
1825 3246 1887 3294 F.
1926 3244 2181 3308 Smidius,
2228 3246 2469 3294 Historia
2505 3246 2729 3308 antiqua
2776 3248 2829 3292 et
2864 3230 3043 3292 vindi-⁸

541 3332 674 3382 catis
714 3331 948 3381 Canonis
985 3333 1126 3382 sacri
1162 3334 1370 3382 Veteris
1407 3334 1652 3398 Novique
1690 3334 2020 3382 Testamenti
2056 3332 2206 3383 libris
2242 3333 2314 3380 II.
2354 3331 2752 3397 comprehensa.
2813 3331 3035 3395 Lipsiae

545 3420 694 3468 1725.
733 3436 784 3483 p.
827 3421 941 3468 119.
980 3433 1021 3467 s.
1083 3419 1412 3468 Judaeorum
1449 3421 1805 3469 recentiorum
1842 3419 2119 3485 catalogus
2162 3420 2393 3484 origines
2431 3433 2557 3467 suas
2596 3418 2755 3467 debet
2790 3417 3033 3482 tempori,

539 3507 634 3556 ubi
671 3505 959 3571 Synagoga
995 3507 1208 3569 reiecta,
1247 3508 1607 3556 testimonium
1642 3509 1885 3556 veritatis
1922 3524 2041 3557 esse
2077 3522 2185 3556 non
2223 3510 2447 3572 poterat.
2504 3505 2585 3554 Cf.
2623 3507 2674 3555 J.
2714 3504 2776 3554 G.
2814 3505 3033 3566 Herbst,

540 3593 856 3658 allgemeine
891 3593 1217 3658 Einleitung.
1254 3611 1305 3659 p.
1345 3595 1428 3642 45.
1489 3595 1540 3643 J.
1578 3595 1640 3642 B.
1678 3594 1885 3656 Malou,
1932 3594 2027 3643 das
2063 3593 2370 3643 Bibellesen
2406 3594 2463 3642 in
2500 3593 2595 3642 der
2631 3592 3035 3657 Volkssprache

539 3679 827 3729 beurtheilt
863 3680 1000 3728 nach
1039 3679 1133 3728 der
1169 3679 1219 3729 h.
1259 3681 1470 3742 Schrift,
1517 3681 1612 3730 der
1645 3681 1925 3730 Tradition
1960 3681 2070 3730 und
2108 3681 2201 3730 der
2237 3680 2515 3746 gesunden
2553 3680 2817 3729 Vernunft
2852 3679 2943 3728 iib.
2980 3696 3040 3728 V.

540 3766 611 3815 H.
651 3765 972 3816 Stoeveken.
1013 3766 1405 3817 Schaffhausen
1446 3769 1594 3817 1849.
1632 3769 1701 3816 Π.
1739 3785 1790 3833 p.
1828 3771 1911 3816 23.
1949 3770 2032 3816 31.

752 3853 788 3918 ¹)
841 3851 1149 3902 Sententiae
1198 3855 1351 3903 istius
1397 3859 1713 3919 argumenta
1759 3855 1957 3918 primus
2008 3853 2211 3903 erudite
2262 3855 2508 3918 exposuit
2554 3852 2813 3902 Claudius
2862 3853 3033 3902 Frees

537 3940 903 4001 Hornemann,
940 3939 975 3988 l.
1000 3941 1036 3988 i.
1063 3955 1136 4003 c.;
1177 3941 1405 4005 amplius
1443 3943 1723 3990 exornavit
1757 3941 1846 3989 Fr.
1885 3940 1943 3989 C.
1969 3941 2199 4003 Movers,
2239 3953 2425 3990 comm.
2465 3942 2578 3989 crit.
2642 3941 2777 3989 Loci
2814 3940 3037 4005 quidam

536 4026 808 4076 Historiae
847 4026 1080 4077 Canonis
1118 4029 1328 4078 Veteris
1365 4029 1695 4078 Testamenti
1729 4027 1995 4077 illustrati.
2033 4028 2247 4077 Vratisl.
2276 4030 2429 4078 1842.
2467 4045 2517 4092 p.
2546 4030 2628 4076 21.
2656 4044 2697 4077 s.
2756 4027 3040 4077 Adversus·

535 4113 789 4164 Moversii
828 4116 1145 4163 sententiam
1183 4114 1420 4180 disputat
1455 4115 1656 4178 Welte,
1704 4115 2115 4181 Bemerkungen
2150 4120 2202 4164 fl.
2242 4115 2291 4164 d.
2328 4115 2667 4180 Entstehung
2704 4115 2798 4165 des
2830 4114 3039 4164 alttest.

538 4200 781 4264 Canons,
828 4203 884 4251 in
924 4202 1221 4254 ann..T1‘ib.
1261 4202 1622 4262 Quartalschr.
1665 4205 1816 4252 1855.
1854 4221 1905 4268 p.
1947 4205 2027 4252 76.
2064 4217 2107 4260 s.
2182 4203 2223 4266 ²)
2270 4203 2440 4252 Omne
2485 4203 2646 4266 igitur
2682 4203 2844 4250 animi
2882 4203 3030 4266 inge-

535 4289 716 4354 niique
755 4289 1029 4355 pabulum,
1080 4289 1222 4354 quod
1260 4289 1329 4338 ad
1367 4305 1522 4339 sacra
1559 4295 1612 4338 et
1647 4290 1959 4354 religionem
1995 4290 2238 4354 pertinet,
2280 4305 2308 4338 e
2344 4295 2487 4338 terra
2522 4290 2698 4353 patria
2733 4289 3037 4353 petierunt}

537 4376 799 4425 accedunt
844 4377 1038 4427 itinera
1075 4378 1142 4426 ab
1199 4377 1282 4438 iis,
1320 4381 1382 4426 ut
1415 4377 1805 4441 Hierosolymis
1842 4376 2095 4441 probitati
2132 4392 2261 4425 suae
2308 4377 2695 4438 satisfacerent,
2742 4378 3029 4442 quotannis

535 4463 697 4512 facta.
735 4464 798 4512 V.
827 4462 885 4512 C.
911 4463 973 4512 F.
999 4465 1365 4526 Hornemann,
1406 4465 1809 4514 observationes
1846 4464 1915 4513 ad
1948 4463 2359 4513 illustrationem
2396 4463 2669 4513 doctrinae
2708 4463 2775 4512 de
2808 4464 3029 4513 Canone

536 4550 598 4598 V.
636 4550 697 4598 T.
737 4566 801 4599 ex
837 4550 1077 4600 Philone.
1115 4551 1364 4600 Havniae
1398 4552 1565 4613 1775„
1604 4555 1768 4615 repet.
1793 4551 1851 4599 in
1876 4567 2017 4616 spec.
2046 4567 2151 4600 sec.
2178 4551 2469 4600 Exercitat.
2495 4551 2610 4600 crit.
2646 4551 2703 4600 in
2726 4552 3029 4602 versionem

533 4637 700 4687 LXX.
738 4640 1008 4703 interpret.
1047 4655 1113 4688 ex
1148 4638 1389 4688 Philone.
1432 4639 1608 4687 Havn.
1649 4639 1800 4688 1776.
1838 4655 1892 4702 p.
1927 4641 1979 4688 9.
2014 4647 2068 4689 s.‘
